3319 5249
1729 367 1814 433 70

1713 890 1822 956 39.

643 1092 756 1158 IV.
806 1091 1038 1157 Lciszld
1085 1094 1432 1177 kira'lynak
1481 1117 1522 1156 a
1573 1090 1788 1178 Gyerk
1840 1090 2087 1154 mellettz‘
2139 1089 2467 1176 Depopoth
2502 1087 2716 1172 foldct
2769 1092 2899 1150 tcir-

759 1203 963 1286 yyazd
994 1200 1359 1285 adomcinya
1392 1200 1624 1266 Lciszld
1662 1201 1838 1263 honti
1853 1198 2206 1284 fb'esperest
2237 1201 2554 1263 szcimcr'ra.
2610 1199 2737 1261 127
2742 1201 2802 1260 4.

858 1397 993 1463 Nos
1042 1396 1394 1464 Ladizlaus
1427 1398 1550 1465 Dei
1610 1396 1837 1481 gracia
1884 1397 2019 1461 Rex
2070 1393 2405 1476 Hungarie
2456 1393 2897 1476 significamus

644 1513 866 1573 tenore
931 1505 1338 1592 presencium
1390 1506 1747 1589 vniuersis,
1815 1506 1988 1590 quod
2060 1505 2342 1572 discreto
2394 1503 2533 1569 viro
2584 1500 2896 1584 Magistro

640 1612 951 1681 Ladizlao
1002 1612 1477 1681 Archidiacono
1529 1613 1879 1699 Huutensi,
1911 1613 2169 1681 dilecto
2204 1619 2269 1679 et
2308 1611 2484 1678 fideli
2518 1609 2749 1677 clerico
2784 1628 2894 1675 no·

642 1729 790 1807 str0,
851 1730 1115 1810 propter
1163 1721 1748 1791 commendabilem
1801 1725 2179 1791 fidelitatem
2231 1717 2416 1787 suam
2472 1728 2535 1785 et
2565 1717 2898 1785 meritoria

642 1830 966 1915 obsequia,
1021 1830 1254 1915 quibus
1288 1852 1502 1900 coram
1535 1832 1772 1899 nostris
1824 1840 1887 1898 et
1934 1830 2461 1915 predecessorum
2512 1833 2894 1909 nostrorum,

641 1936 993 2004 illustrium
1028 1941 1274 2024 Regum
1309 1940 1645 2026 Hungarie
1681 1941 1885 2007 oculis
1942 1938 2174 2004 meruit
2224 1936 2675 2020 multipliciter
2724 1953 2890 2002 com·

644 2046 920 2133 placere,
975 2057 1212 2131 nostra,
1264 2069 1608 2132 eorumque
1657 2049 1949 2134 negocia,
2000 2049 2380 2115 inconcusse
2430 2043 2727 2111 fidelitati
2779 2061 2894 2108 sue

642 2156 1010 2240 commissa,
1064 2163 1198 2222 tam
1232 2158 1297 2223 in
1330 2157 1689 2245 Hungaria,
1726 2180 1934 2246 ¹quam
1984 2159 2049 2224 in
2100 2158 2400 2223 Romana
2448 2161 2512 2221 et
2544 2150 2893 2218 multorum

640 2264 888 2348 Regum
947 2266 1131 2331 curia
1180 2265 1596 2334 laudabiliter
1650 2265 2127 2351 promouendo;
2207 2263 2600 2329 contulimus
2652 2267 2890 2326 terram

641 2370 908 2439 duorum
960 2374 1496 2460 vdwornieorum‚
1549 2375 1781 2442 Zolath
1824 2373 2144 2458 videlicet,
2198 2371 2437 2439 herede
2470 2365 2774 2453 carentis,
2827 2375 2892 2433 et

640 2482 892 2565 Koyon,
927 2481 1282 2566 Dupuputh
1323 2485 1642 2569 uocatam,
1696 2482 2079 2549 existentem
2121 2480 2300 2546 iuxta
2332 2486 2571 2545 terram
2605 2473 2890 2543 eiusdem

639 2587 926 2671 Magistri
964 2589 1218 2675 Gyriky
1251 2597 1570 2676 uocatam,
1605 2591 1673 2656 in
1706 2590 2025 2657 Huutensi
2058 2588 2401 2674 Comitatu‚
2435 2591 2743 2674 perpetue
2775 2606 2886 2671 pa-

639 2696 816 2763 cifice
847 2698 1329 2782 possidendam.
1364 2700 1707 2766 Presertim
1745 2721 1885 2765 cum
1921 2699 2092 2766 idem
2128 2698 2360 2764 Zolath
2393 2704 2456 2763 et
2485 2696 2599 2783 filij
2638 2697 2891 2779 Koy0n‚

639 2805 991 2872 vdwornici
1035 2808 1285 2893 nostri,
1339 2809 1493 2875 olim
1547 2809 1832 2876 ciusdem
1885 2817 2055 2875 terre
2108 2807 2617 2890 inhabitatoreS,
2671 2823 2887 2869 coram

637 2913 977 2999 Preposito
1047 2923 1110 2981 et
1161 2917 1498 2984 Conuentu
1551 2918 1816 2985 Ordinis
1867 2914 2495 2984 Premonstratcnsis
2558 2913 2640 2978 de
2692 2913 2887 2995 Saag,

639 3022 758 3088 sub
810 3042 1077 3104 quorum
1131 3025 1497 3091 testimonio
1543 3044 1657 3111 per
1691 3025 2000 3091 Comitem
2039 3024 2201 3090 Ders
2249 3022 2450 3089 filium
2484 3021 2726 3106 Hunth‚
2779 3020 2890 3086 ho·

639 3130 874 3196 minem
927 3138 1236 3219 nostrum,
1286 3141 1525 3199 terram
1578 3134 1948 3200 huiusmodi
2004 3136 2128 3219 ipsi
2159 3131 2475 3215 Magistro
2509 3150 2889 3216 precepera-

638 3262 777 3307 mus
834 3241 1162 3325 assignari
1187 3295 1204 3328 ,
1253 3241 1625 3326 constituti,
1672 3243 2125 3309 renunciantes
2161 3243 2282 3307 iuri
2314 3262 2431 3307 suo
2455 3294 2471 3326 ,
2520 3240 2575 3305 si
2609 3237 2762 3323 quid
2795 3240 2891 3303 eis

636 3350 702 3413 in
757 3355 930 3414 terra
982 3348 1279 3433 predicta
1333 3352 1771 3436 competebat,
1834 3350 2164 3435 sepedicto
2215 3350 2528 3432 Magistro
2579 3348 2888 3415 Ladizlao

638 3476 783 3521 eam
837 3478 981 3522 cum
1036 3458 1428 3525 utilitatibus
1480 3461 1775 3526 omnibus
1831 3467 1893 3524 et
1926 3457 2347 3543 pertinencijs
2388 3458 2708 3526 vniuersis
2749 3476 2890 3540 per-

636 3571 828 3648 petuo
862 3564 1130 3650 pacifice
1163 3567 1565 3648 reliquerunt
1598 3566 2101 3652 possidendam3
2144 3568 2314 3632 sicut
2349 3566 2465 3632 hoc
2498 3566 2565 3631 in
2600 3564 2888 3634 eiusdem

635 3671 952 3759 Prepesiti
1006 3680 1070 3739 et
1120 3673 1487 3740 Conuentus
1543 3674 1811 3758 litteris,
1863 3693 2057 3759 super
2110 3674 2229 3740 hoc
2277 3673 2464 3739 nobis
2515 3672 2890 3757 specialiter

638 3780 920 3867 directim
957 3781 1150 3868 plene
1185 3780 1465 3850 uidimus
1504 3781 1843 3848 contineri.
1893 3782 2076 3847 Vnde
2118 3790 2248 3847 tam
2287 3780 2522 3847 Comiti
2554 3782 2636 3847 de
2667 3780 2889 3846 Zolum

637 3897 701 3956 et
735 3891 968 3957 Comiti
1003 3891 1537 3974 vdwornicorum,
1586 3900 1719 3955 tam
1756 3891 2148 3973 quibuslibet
2182 3890 2332 3974 alijs
2384 3900 2696 3957 terrarum
2734 3888 2892 3953 iudi·

637 3998 816 4066 cibus
835 4050 852 4082 ‚
920 4001 1307 4081 auctoritate
1364 4001 1763 4084 presencium
1837 3999 2244 4079 inhibemus,
2293 4019 2376 4064 ne
2426 4001 2637 4083 ipsum
2690 4000 2889 4083 Magi·

637 4114 881 4190 strum,
948 4116 1061 4174 aut
1113 4110 1252 4173 eius
1308 4108 1622 4175 officiales
1673 4109 2017 4174 occasione
2068 4108 2237 4174 dicte
2290 4116 2463 4173 terre
2514 4116 2890 4193 presumant

635 4214 1118 4298 quomodolibet
1169 4218 1512 4283 molestare
1596 4217 1830 4283 Datum
1888 4215 1951 4280 in
2004 4216 2228 4281 Zolum
2283 4214 2345 4279 in
2388 4217 2669 4281 crastino
2701 4217 2889 4282 Beati

635 4325 974 4409 Laurencij
1013 4344 1184 4391 anno
1217 4326 1483 4391 Domini
1518 4324 1956 4391 M⁰CC⁰LXX⁰
1981 4334 2227 4408 quarto,

889 4506 986 4556 :Az
1015 4507 1210 4557 errdeti
1241 4503 1372 4555 utzin
1403 4508 1593 4557 Knauz
1621 4503 1853 4565 Νέιιᾶοτ,
1882 4507 2109 4571 Magyar
2138 4507 2266 4557 Sion
2296 4508 2398 4559 111.
2427 4509 2549 4559 225.
2578 4506 2636 4569 l.)

1550 4706 1971 4714 —————-—.-
