3319 5249
1792 362 1918 430 196

712 564 775 623 et
806 564 953 641 post
986 552 1105 623 hec
1136 556 1441 643 quicquid
1473 559 1647 625 circa
1678 557 1802 625 hoc
1836 564 2048 625 actum
2080 556 2296 642 fuerit,
2335 556 2522 625 nobis
2553 558 2835 627 fideliter
2870 579 2967 627 re·

707 663 1034 759 scribatis.
1085 667 1327 733 Datum
1364 667 1544 733 Bude
1575 668 1644 733 in
1678 666 1963 734 crastino
1996 667 2601 751 Ramispalmarum.

720 836 1003 911 (Eredetie
1029 843 1377 913 b6rhartyan,
1430 863 1491 899 az
1542 848 1814 899 oldalvast
1863 849 2214 913 odanyomott
2264 846 2656 917 zarpecsetnek
2708 848 2970 901 turedeke

1169 950 1442 1003 megvan,·
1463 953 1496 988 a
1522 939 1690 990 budai
1716 938 1823 990 kir.
1853 939 2103 990 kamarai
2129 938 2510 1007 leveltarban.)

1620 1207 2051 1220 ————

1757 1541 1909 1609 136.

712 1744 827 1812 IV.
862 1746 1092 1812 Ldszld
1123 1744 1473 1830 kirdlynak
1525 1741 1899 1829 Szekelyhid
1930 1744 2226 1830 helyseqet
2261 1746 2572 1830 tdrqyazd
2602 1744 2967 1829 adomdnya

1061 1854 1241 1917 Peter
1274 1875 1469 1918 comes
1509 1851 1909 1937 Doroqhnak
1924 1851 2030 1933 fia
2062 1856 2378 1917 sza'mdra.
2430 1856 2623 1919 1278.

923 2046 1272 2114 Ladizlaus
1337 2048 1460 2113 Dei
1529 2047 1752 2130 gracia
1815 2046 2152 2131 Hungarie
2173 2099 2190 2133 ,
2249 2048 2624 2128 Dalmacie,
2678 2048 2965 2132 Croacie‚

713 2158 936 2243 Rame,
971 2153 1214 2239 Seruie,
1251 2153 1549 2237 Gallicie,
1583 2151 1981 2238 Lodomerie,
2015 2155 2330 2222 Cumanie
2362 2155 2802 2240 Bulgarieque
2828 2158 2963 2223 Rex

708 2262 1032 2331 vniuersis
1066 2261 1307 2329 Christi
1339 2262 1636 2329 fidelibus
1693 2268 2026 2348 presentes
2079 2262 2328 2329 litteras
2366 2263 2753 2346 inspecturis
2785 2265 2957 2331 salu·

705 2381 834 2439 tem
866 2373 933 2439 in
967 2372 1249 2440 omnium
1284 2373 1631 2438 saluatore.
1682 2373 2058 2457 Deposcunt
2098 2370 2326 2437 merita
2379 2378 2443 2436 et
2472 2370 2820 2437 fidelitates
2852 2392 2962 2438 ex-

704 2480 892 2565 igunt
922 2479 1170 2547 Corone
1202 2478 1403 2561 Regie
1435 2479 1815 2546 deuotorum
1840 2530 1856 2563 ,
1902 2486 1971 2543 ut
2027 2499 2247 2546 eorum
2297 2478 2728 2563 peticionibus
2781 2484 2959 2544 tanto

705 2585 1072 2655 feruencius
1096 2585 1206 2682 ’sni
1237 2585 1485 2653 fauoris
1519 2586 1745 2671 gracia
1774 2592 2067 2654 occurrat
2096 2585 2306 2670 Regia
2338 2584 2692 2673 Celsitudo,
2717 2594 2960 2670 quanto

713 2715 784 2762 se
817 2694 1130 2762 fidelitate
1184 2696 1624 2781 prompciores
1678 2696 1745 2762 in
1791 2694 1999 2780 Regni
2049 2696 2344 2780 negocijs
2394 2696 2705 2780 magistra
2754 2716 2963 2762 rerum

707 2802 1125 2885 experiencia
1174 2803 1546 2869 docuerunt.
1596 2801 1875 2870 Proinde
1923 2801 2012 2869 ad
2063 2801 2504 2869 vniuersorum
2535 2803 2841 2870 noticiam
2873 2812 2962 2870 te·

705 2929 863 2977 nore
896 2910 1302 2995 presencium
1333 2912 1627 2979 volumus
1646 2910 2026 2996 peruenire3
2058 2908 2232 2994 quod
2264 2911 2495 2977 Comes
2526 2912 2758 2978 Petrus
2791 2911 2962 2978 filius

710 3017 978 3101 Dorogh
1012 3038 1142 3084 vna
1173 3037 1315 3084 cum
1348 3017 1657 3086 fratribus
1692 3019 1863 3102 suis,
1906 3018 2262 3086 Laurencio
2294 3019 2543 3085 scilicet
2595 3026 2658 3087 et
2688 3019 2960 3086 Nicolao

702 3124 790 3194 ad
838 3132 1127 3193 nostram
1174 3124 1560 3195 accedentes
1611 3127 2013 3213 presenciam
2066 3149 2108 3194 a
2159 3127 2346 3194 nobis
2398 3126 2716 3194 instanter
2765 3127 2964 3213 pecijt

704 3241 770 3299 et
801 3233 1050 3317 deuote,
1085 3241 1154 3301 vt
1184 3234 1512 3319 quandam
1548 3242 1787 3302 terram
1818 3234 2167 3320 Zekulhyd
2199 3241 2518 3316 vocatam,
2554 3254 2747 3319 quam
2774 3255 2960 3302 suam

707 3348 771 3407 et
802 3341 1281 3427 progenitorum
1315 3363 1577 3410 suorum
1612 3363 1758 3412 esse
1788 3341 2248 3410 hereditariam
2283 3343 2641 3427 asserebat,
2694 3361 2774 3408 ac
2805 3349 2957 3408 tem·

705 3467 863 3533 pore
896 3449 1316 3516 Tartarorum
1351 3451 1729 3537 alienatam,
1778 3457 1841 3517 et
1880 3469 1993 3533 per
2025 3449 2339 3516 Comitem
2371 3447 2648 3516 Paulum
2678 3469 2758 3515 ac
2788 3449 2960 3517 filios

704 3556 864 3635 eius,
918 3557 1267 3624 Nicolaum
1298 3558 1584 3645 scilicet,
1636 3558 2054 3643 Vaenadam‚
2105 3558 2413 3624 Comitem
2456 3557 2859 3643 Stephanum
2899 3562 2960 3622 et

705 3666 1002 3748 Gercgen
1036 3672 1416 3751 occupatam
1450 3665 1901 3752 potencialiter
1935 3672 2000 3732 et
2032 3665 2381 3750 detentam,
2411 3667 2539 3732 sibi
2572 3671 2636 3731 et
2669 3666 2808 3732 suis
2829 3665 2955 3731 fra-

702 3772 907 3842 tribus
959 3771 1297 3840 restituere
1330 3772 1763 3857 dignaremur.
1812 3773 1949 3838 Nos
2001 3771 2224 3856 itaque
2277 3772 2686 3838 attendentes
2739 3769 2961 3838 fidelia

703 3879 933 3947 merita
965 3887 1028 3946 et
1060 3879 1393 3948 meritoria
1440 3880 1647 3967 ipsius
1697 3880 1872 3948 Petri
1924 3886 1987 3947 et
2035 3869 2304 3947 fratrum
2336 3900 2596 3946 suornm
2633 3878 2961 3962 obsequia,

704 3986 939 4069 quibus
972 3984 1393 4055 dinoscuntur
1424 3989 1491 4054 in
1523 3987 1800 4056 diuersis
1833 3987 2362 4073 expedicionibus
2403 4008 2478 4054 ac
2517 3986 2722 4073 varijs
2754 3986 2959 4071 Regni

707 4094 916 4161 nostri
948 4095 1239 4179 negociis
1292 4093 1514 4162 arduis
1564 4095 2019 4181 multipliciter
2070 4094 2420 4179 claruisse3
2467 4094 2960 4163 considerantes

705 4202 1028 4290 maxime,
1077 4202 1251 4286 quod
1308 4201 1481 4271 idem
1532 4204 1762 4271 Petrus
1793 4202 1863 4270 in
1895 4202 2104 4288 bello,
2161 4222 2286 4286 quo
2320 4203 2496 4286 Rege
2530 4203 2959 4270 Bohemornm

701 4309 1086 4397 interempto
1136 4309 1394 4377 felicem
1443 4310 1709 4380 fauente
1759 4311 2040 4378 Domino
2092 4330 2314 4377 sumus
2363 4309 2708 4377 victoriam
2740 4330 2960 4377 conse·

716 4415 873 4500 cuti,
921 4416 991 4482 in
1041 4419 1254 4504 prima
1288 4418 1428 4485 acic
1457 4440 1574 4506 pro
1607 4416 1922 4485 fidelitate
1957 4418 2142 4484 nobis
2193 4415 2413 4486 debita
2449 4424 2515 4485 et
2547 4417 2797 4485 Corone
2835 4416 2961 4483 for-

705 4528 857 4588 tune
891 4523 1138 4592 niribus
1172 4544 1242 4592 se
1274 4525 1679 4593 committens
1734 4524 2097 4591 laudabiter
2146 4525 2396 4592 cunctis
2446 4522 2814 4592 videntibus
2862 4524 2960 4592 di-

705 4629 985 4698 micauit.
1035 4633 1465 4702 Recenscntes
1515 4634 1721 4702 eciam
1755 4631 2237 4719 dampnabilem
2272 4631 2678 4700 infidelitatis
2709 4641 2958 4700 reatum
