3319 5249
1450 354 1577 431 149

1430 892 1579 961 100.

370 1071 486 1137 IV.
511 1072 747 1139 Ldszld
773 1073 992 1158 kirdly
1024 1074 1399 1159 anenqedi,
1452 1079 1616 1163 koqy
1646 1074 1791 1140 Aba
1820 1076 2283 1162 nemzetse'ybdli
2333 1077 2630 1142 Ethuruh

555 1203 748 1247 comes
778 1180 1130 1248 birtoka'rol
1162 1181 1668 1268 ve'qrenclelctileq
1697 1182 2209 1249 intdzkedhmm
2251 1184 2446 1251 1276.

590 1361 727 1427 Nos
777 1358 1129 1426 Ladizlaus
1178 1359 1299 1425 Dei
1351 1359 1575 1444 gracia
1622 1362 1763 1428 Rex
1802 1359 2139 1445 Hungaric
2188 1359 2629 1446 significamus

368 1467 666 1534 omuibus
687 1517 705 1550 ,
756 1468 991 1552 quibus
1023 1464 1287 1552 expedit
1313 1465 1718 1553 presencium
1753 1487 1868 1552 per
1900 1474 2191 1536 tenorem
2211 1517 2228 1550 ,
2279 1468 2454 1554 quod
2483 1488 2629 1537 cum

366 1574 662 1644 Ethuruh
694 1575 863 1643 filius
896 1574 1155 1661 Georgij
1193 1574 1274 1641 de
1303 1594 1540 1659 genere
1588 1574 1736 1641 Aba
1770 1582 1943 1645 essct
1973 1558 2042 1643 in
2074 1576 2347 1645 articulo
2380 1577 2625 1664 mortis,

367 1688 432 1750 et
460 1683 785 1769 quasdam
817 1684 1260 1767 possessiones
1292 1702 1447 1750 suas
1495 1680 1791 1767 Chakan‚
1840 1684 2027 1752 Beud
2078 1690 2349 1752 uocatas
2381 1691 2447 1752 et
2475 1704 2622 1770 por·

367 1792 619 1858 cionem
655 1811 838 1858 suam
884 1791 953 1857 in
1002 1790 1187 1876 Zyna
1247 1789 1372 1857 sibi
1434 1789 1921 1876 prouenientem
1944 1842 1963 1877 ,
2013 1790 2273 1858 domine
2325 1792 2509 1857 vxori
2559 1798 2626 1857 et

368 1900 499 1966 filie
550 1919 670 1965 sue
720 1900 1088 1984 reliquisset
1140 1918 1257 1965 seu
1320 1900 1647 1985 legasset,
1700 1919 1819 1967 nos
1873 1897 2082 1966 eidem
2133 1900 2206 1965 in
2253 1898 2625 1967 huiusmodi

367 2008 896 2093 possessionibus
949 2007 1081 2075 suis
1132 2006 1371 2092 legatis
1423 2014 1488 2074 et
1537 2005 1830 2075 dimissis
1866 2007 2137 2094 prefatis
2177 2007 2365 2075 vxori
2396 2014 2463 2074 et
2492 2007 2626 2074 filie

367 2135 484 2181 sue
548 2116 823 2199 prebere
886 2114 1305 2201 dignaremur
1352 2113 1625 2199 Regium
1687 2134 2074 2183 consensum
2142 2121 2206 2183 et
2264 2134 2621 2184 assensum.

365 2226 605 2291 Verum
671 2224 824 2309 quia
874 2221 1087 2292 dictus
1152 2225 1377 2291 Comes
1427 2221 1721 2290 Ethuruh
1755 2218 2045 2291 'domino
2078 2223 2409 2310 Stephano
2452 2224 2623 2309 patri

366 2339 590 2401 nostro
625 2332 972 2401 karissimo
1005 2334 1181 2401 clare
1211 2331 1685 2401 recordacionis
1705 2384 1723 2417 ,
1769 2333 1956 2400 nobis
1989 2353 2069 2399 ac
2098 2334 2324 2417 Regno
2356 2333 2617 2418 Hunga-

360 2444 459 2509 rie
522 2441 747 2509 fideles
809 2443 1033 2527 sepius
1096 2441 1485 2528 inpenderat
1546 2442 1937 2526 famulatus,
2003 2438 2478 2520 concessimus,
2549 2446 2621 2506 ut

361 2551 533 2619 idem
569 2551 800 2618 Comes
831 2547 1124 2616 Ethuruh
1164 2547 1374 2617 dictas
1408 2548 1848 2637 possessiones
1900 2569 2052 2618 suas
2100 2549 2286 2616 vxori
2337 2548 2441 2615 vel
2491 2548 2623 2616 filie

356 2681 473 2728 sue
507 2659 879 2742 relinquere
914 2664 981 2726 et
1010 2659 1230 2743 legare
1250 2658 1456 2744 possit
1475 2658 1685 2725 libere
1716 2666 1782 2724 et
1813 2678 2039 2726 secure
2070 2658 2152 2724 de
2184 2665 2404 2725 nostro
2426 2657 2614 2723 benc·

360 2769 607 2854 placito
640 2775 705 2836 ct
736 2787 1078 2835 consensu.
1128 2769 1372 2835 Datum
1407 2766 1476 2832 in
1508 2766 1671 2835 villa
1720 2767 1915 2835 Mona
1947 2768 2015 2835 in
2046 2766 2396 2835 Dominica
2428 2765 2616 2835 Oculi

359 2878 508 2964 Mei,
554 2898 730 2943 anno
759 2876 1022 2945 Domini
1051 2874 1489 2944 M⁰CC⁰LXX⁰
1520 2882 1725 2943 sexto.

361 3057 647 3120 (Eredetie
672 3053 1021 3124 bt'irhdrtyam
1048 3058 1297 3123 melyuek
1324 3054 1515 3110 hathra
1539 3064 1786 3123 nyomott
1810 3057 2031 3124 pecsete
2057 3054 2337 3114 lemanem,
2383 3070 2417 3107 a
2441 3070 2612 3106 nemz.

960 3164 1202 3200 museum
1229 3145 1454 3200 kezirati
1481 3145 2023 3214 gyfijtemenyeben.)

1274 3419 1696 3428 ——w-—Q

1412 3865 1562 3933 101.

350 4046 468 4111 IV.
506 4047 741 4113 Ldszlcf
770 4049 1123 4134 hircilynak
1140 4070 1468 4133 parancsa
1499 4074 1542 4114 a
1573 4049 2130 4135 szekesfehmdri
2159 4050 2612 4135 luiptalanhoz,

568 4156 734 4242 hoqy
764 4155 898 4222 Szil
929 4157 1172 4242 helyse'q
1203 4158 1470 4223 katcirat’
1499 4157 2152 4244 szabcilyoztassanak.
2204 4161 2395 4224 1276.

565 4332 919 4402 Ladizlaus
950 4333 1073 4400 Dei
1105 4335 1327 4418 gracia
1359 4336 1495 4402 Rex
1527 4335 1866 4420 Hungarie
1919 4335 2221 4403 fidelibus
2254 4334 2388 4402 suis
2425 4334 2610 4421 Capi-

350 4442 489 4507 tulo
520 4441 824 4509 Ecclesie
870 4441 1176 4510 Albensis
1227 4442 1501 4510 salutem
1536 4450 1600 4510 et
1631 4444 1954 4527 graciam..
1995 4442 2171 4510 Dicit
2201 4443 2388 4510 uobis
2421 4441 2609 4509 Belid

348 4549 521 4614 filius
552 4547 769 4615 Beche
817 4567 949 4615 vna
983 4571 1126 4617 cum
1158 4551 1315 4617 Pete
1334 4602 1353 4637 ,
1401 4551 1603 4618 fratre
1653 4571 1771 4619 suo
1822 4551 1905 4619 de
1936 4551 2074 4618 Scil
2097 4602 2115 4637 ‚
2162 4549 2334 4635 quod
2366 4550 2606 4619 dictam

349 4657 832 4742 possessionem
895 4655 1183 4743 ipsorum
1233 4658 1369 4728 Scil
1420 4666 1722 4727 uocatam
1784 4660 1853 4727 in
1913 4660 2237 4729 Comitatu
2299 4658 2608 4728 Tolnensi
