3319 5249
1345 253 1480 333 545

257 450 605 538 Ciprianus
636 453 811 524 Petri
841 457 1169 526 Leonardi
1200 480 1322 544 pro
1356 460 1406 526 C
1437 460 1641 549 libris,
1678 458 2011 530 Johaunes
2042 462 2387 531 Rambaldi
2410 484 2528 549 pro

258 561 312 626 C
347 563 550 648 libris,
585 571 649 632 et
701 566 929 635 Oreste
979 568 1237 635 Alberti
1288 588 1405 654 pro
1456 569 1506 635 C
1553 569 1756 657 libris,
1812 569 2217 639 Theodosius
2274 572 2529 640 Alberti

260 672 706 755 procuratorio
732 675 991 741 nomine
1013 675 1259 742 domini
1280 675 1533 762 Agapis
1554 699 1616 746 v.
1638 678 1963 762 quondam
1998 679 2304 765 Gregorij
2328 679 2533 748 Grubi

257 798 379 862 pro
413 777 465 843 C
498 779 705 864 libris,
742 781 1108 850 Domaldus
1141 784 1383 868 Duymi
1447 783 1798 869 Cuttbigne
1829 806 1946 872 pro
1979 786 2029 852 C
2078 786 2277 874 libris,
2312 794 2376 853 et
2429 787 2534 856 do-

255 885 474 953 minus
508 886 916 957 Theodosius
948 892 1388 977 procuratorio
1451 894 1710 959 nomine
1768 914 1885 960 sue
1937 892 2184 981 matris,
2218 900 2283 959 et
2331 893 2532 960 domi-

256 1014 341 1061 ne
376 994 728 1063 Goisclaue
763 998 987 1065 relicte
1021 1000 1271 1068 Alberti
1302 1019 1418 1084 pro
1455 999 1505 1066 C
1554 999 1738 1067 libris
1766 1023 1783 1085 3
1817 1001 1972 1067 item
2024 1001 2272 1067 domini
2324 1002 2531 1091 Vitus,

256 1101 510 1189 Creste,
547 1103 912 1173 Teodosius
963 1128 1080 1192 pro
1132 1106 1408 1174 dominis
1454 1109 1702 1195 Zanne,
1765 1110 2022 1195 Duymo
2074 1115 2138 1175 et
2191 1108 2533 1178 Leonardo

257 1209 622 1279 comitibus
653 1212 862 1297 Vegle
880 1236 999 1301 pro
1031 1216 1098 1282 M
1119 1214 1303 1282 libris
1328 1237 1345 1301 ;
1378 1216 1529 1282 item
1562 1217 1818 1284 Marcus
1850 1215 2102 1282 Stefani
2133 1217 2359 1301 Raghe
2389 1238 2534 1303 pro·

253 1318 875 1387 curatoriouomine
902 1321 1199 1388 Vuchese
1230 1320 1349 1409 filij
1385 1324 1716 1406 quondam
1750 1322 2021 1390 Comitis
2053 1324 2223 1391 Budi
2245 1323 2416 1390 slaui
2452 1325 2531 1391 de

253 1425 553 1493 Birberio
584 1449 704 1513 pro
752 1429 813 1493 D
861 1428 1079 1516 libris,
1145 1437 1211 1497 et
1269 1431 1605 1500 Petrusius
1670 1431 1983 1499 Cerniche
2028 1451 2147 1517 pro
2210 1429 2261 1496 C
2322 1430 2527 1520 libris,

253 1534 469 1601 Lucas
502 1536 804 1603 Bastiani
832 1557 951 1622 pro
986 1535 1035 1600 C
1086 1537 1289 1626 libris,
1346 1537 1698 1607 Gausinna
1734 1539 2002 1607 Comitis
2048 1538 2283 1606 Marini
2331 1559 2447 1625 pro
2480 1539 2530 1606 C

244 1640 458 1728 libris,
494 1643 895 1714 Theodosius
925 1648 1199 1715 Firmiui
1229 1668 1344 1733 pro
1377 1648 1427 1715 C
1457 1648 1659 1735 libris,
1695 1656 1761 1715 et
1791 1647 2080 1715 Marinus
2109 1646 2372 1715 Andree
2396 1667 2518 1732 pro
2621 1684 2644 1695 —

251 1750 302 1814 C
336 1749 526 1816 libris
553 1752 986 1820 „denariorum
1035 1755 1426 1822 Venetorum
1478 1776 1848 1841 paruorum,
1928 1776 2046 1842 pro
2099 1754 2262 1840 ipsis
2311 1756 2527 1840 Petro,

250 1857 454 1942 Luca,
485 1858 733 1945 Zanne,
766 1860 1179 1929 Martinossio
1211 1869 1277 1930 et
1306 1863 1666 1946 Margarito
1703 1864 1767 1929 in
1799 1861 2108 1949 predictis
2141 1861 2524 1945 quantitati-

249 1966 400 2052 bus,
432 1973 626 2051 prout
656 1988 855 2054 supra
913 1970 1221 2055 scriptum
1253 1977 1371 2055 est,
1400 1971 1640 2038 fideius
1653 1976 1901 2057 serunt,
1966 1989 2040 2036 se
2070 1967 2527 2052 obligauerunt

248 2082 318 2140 et
347 2093 571 2141 eorum
623 2076 933 2144 mandato
965 2078 1141 2162 apud
1178 2077 1387 2145 virum
1423 2079 1719 2146 nobilem
1752 2078 2086 2145 dominum
2121 2075 2523 2161 Stephanum

253 2181 482 2267 Vgerij
519 2181 600 2251 de
629 2184 921 2272 Ancona,
954 2187 1358 2254 Potestatem
1380 2186 1689 2254 Ciuitatis
1727 2186 2052 2275 Tragurij‚
2078 2193 2142 2253 et
2174 2187 2527 2254 Commune

248 2290 430 2358 dicte
461 2291 780 2379 Ciuitatis,
813 2300 880 2361 et
908 2295 1087 2380 apud
1118 2296 1498 2381 Magistrum
1530 2294 1911 2382 Philippum
1962 2294 2304 2361 Notarium
2356 2292 2519 2359 dicti

247 2397 500 2466 domini
518 2399 869 2468 Potestatis
890 2410 955 2469 et
989 2402 1160 2470 dicte
1192 2401 1493 2471 Ciuitatis
1527 2402 1950 2488 recipientem
1972 2422 2089 2487 pro
2115 2401 2288 2468 dicto
2312 2390 2512 2467 domi·

247 2529 332 2575 no
363 2510 700 2577 Potestate
730 2517 795 2577 et
824 2510 895 2576 in
915 2510 1092 2577 dicta
1109 2511 1389 2580 Ciuitate
1427 2512 1496 2578 in
1527 2511 1630 2577 his
1653 2511 1957 2579 videiicet
1977 2535 1991 2576 :
2012 2509 2206 2589 Quod
2238 2510 2368 2596 ipsi
2401 2511 2513 2576 Pe-

246 2626 411 2706 trus,
433 2618 669 2703 Lucas,
682 2619 963 2706 Zannes,
978 2619 1429 2689 Martinossius
1453 2630 1517 2689 et
1531 2620 1925 2706 Margaritus
1946 2620 2196 2688 cunctis
2219 2619 2521 2705 tempori-

246 2725 373 2792 bus
416 2744 641 2793 eorum
678 2726 810 2793 vite
841 2727 1161 2813 parebunt
1193 2734 1258 2795 et
1302 2726 1605 2796 obedient
1644 2728 1975 2795 mandatis
2017 2727 2523 2814 Potestatis‚qui

246 2854 368 2919 pro
392 2839 686 2919 tempore
718 2834 931 2919 fuerit,
955 2844 1020 2903 et
1045 2834 1418 2903 Communis
1452 2834 1625 2902 dicte
1656 2834 2002 2918 Ciuitatis3
2037 2840 2103 2900 et
2120 2835 2406 2900 maxime
2435 2833 2520 2900 de

250 2963 386 3009 non
416 2941 827 3030 offendendo,
860 2962 1069 3026 neque
1100 2942 1346 3011 offendi
1378 2942 1681 3011 faciendo
1713 2943 1781 3008 in
1836 2941 2136 3029 personis
2170 2941 2275 3007 vel
2322 2941 2516 3008 rebus

248 3049 628 3136 Commune,
662 3071 779 3118 seu
827 3050 1148 3137 speciales
1203 3071 1516 3136 personas
1567 3050 1872 3118 Ciuitatis
1926 3052 2255 3134 pretacte3
2308 3068 2520 3131 neque

246 3159 637 3226 contrarium
669 3157 927 3243 aliquid
959 3157 1132 3225 dicte
1165 3158 1437 3227 Ciuitati
1489 3159 1734 3226 facient
1761 3158 1869 3226 vel
1930 3153 2329 3242 specialibus
2375 3175 2516 3240 per·

244 3269 442 3355 sonis,
478 3268 582 3335 vel
615 3269 809 3335 modo
838 3267 1063 3351 aliquo
1097 3288 1214 3353 per
1247 3301 2051 3323 ———————
2086 3287 2102 3348 ;
2138 3271 2203 3332 et
2233 3262 2407 3347 quod
2425 3262 2513 3330 ad

254 3375 639 3442 mandatum
670 3374 917 3442 domini
981 3376 1333 3444 Potestatis
1396 3382 1463 3444 et
1524 3372 1896 3442 Communis
1958 3369 2261 3456 Tragurij
2330 3369 2515 3437 ibunt

247 3484 619 3571 Anconam,
667 3490 732 3550 et
760 3482 852 3550 ibi
881 3482 1150 3550 stabunt
1180 3483 1365 3550 iuxta
1396 3482 1779 3548 mandatum
1810 3479 2018 3567 ipsius
2052 3478 2303 3547 domini
2333 3479 2516 3545 Pote-

259 3591 476 3678 statis,
530 3590 911 3658 secedentes
945 3610 1060 3678 per
1108 3597 1387 3675 quatuor
1449 3608 1652 3656 annos
1716 3587 2061 3657 continuos
2120 3588 2386 3655 stabunt
2447 3585 2516 3652 in

249 3699 599 3765 Dalmacia
628 3705 812 3765 extra
844 3698 1222 3766 Districtum
1255 3696 1560 3781 Tragurij
1597 3716 1639 3762 a
1675 3694 1946 3762 ciuitate
1996 3694 2254 3779 Spalati
2305 3713 2512 3777 usque

258 3806 568 3875 Fluuium
602 3805 884 3894 (Fiume)
919 3827 1039 3874 seu
1069 3806 1410 3873 Tarsicum
1432 3800 1835 3892 (Tersatto);
1887 3810 1953 3871 et
2001 3801 2190 3871 dictis
2240 3809 2517 3887 quatuor

247 3916 442 3983 annis
477 3916 822 3998 completis
856 3934 1001 3980 cum
1035 3913 1330 3980 omnibus
1363 3913 1499 3981 suis
1529 3910 1802 3995 familijs
1832 3910 2101 3979 stabunt
2162 3909 2362 3977 Jadre
2412 3930 2516 3977 vs-

245 4047 371 4109 que
391 4025 482 4093 ad
513 4033 764 4110 tempus
785 4023 920 4090 vite
942 4044 1180 4091 eornm.
1204 4024 1285 4088 Et
1305 4022 1361 4090 si
1385 4020 1732 4105 contigerit
1751 4039 1863 4087 eos
1885 4039 1998 4106 per
2023 4039 2200 4086 mare
2220 4015 2508 4104 applica·

243 4155 313 4200 re
343 4155 466 4219 per
495 4132 817 4200 fortunam
840 4132 929 4199 ad
973 4137 1191 4217 partes
1215 4130 1541 4215 Tragurij,
1574 4129 1641 4195 in
1677 4134 1916 4194 terram
1938 4147 2069 4196 non
2091 4123 2508 4209 descendent,

242 4241 356 4312 sed
391 4263 589 4327 quam
623 4241 823 4310 cicius
855 4247 1164 4325 poterunt
1210 4239 1364 4305 inde
1386 4236 1650 4306 omnino
1692 4236 2020 4304 secedent.
2061 4236 2146 4300 Et
2176 4231 2263 4300 ad
2292 4232 2511 4298 omnia

244 4356 307 4415 et
337 4350 601 4433 singula
627 4361 633 4366 ’
661 4370 733 4416 se
792 4370 913 4435 pro
975 4346 1070 4413 eis
1130 4345 1466 4430 obligasse
1496 4344 1563 4411 in
1626 4342 1936 4430 predictis
2000 4337 2498 4427 quantitatibus,

243 4465 438 4542 prout
468 4456 535 4524 in
566 4457 991 4523 instrumento
1020 4452 1470 4540 promissionis
1503 4452 1749 4537 scripte
1771 4471 1891 4536 per
1914 4447 2240 4515 dominum
2260 4444 2506 4530 Philip-

244 4592 397 4656 pum
450 4562 792 4637 Notarium
842 4563 1098 4650 plenius
1150 4560 1551 4643 continetur3
1608 4559 2066 4626 renunciantes
2118 4551 2494 4638 excepcioni

333 4702 664 4742 normann
694 4699 858 4737 nuno.
891 4699 1031 4736 mur.
1068 4705 1146 4720 -·-
1185 4697 1328 4732 mn.
1364 4689 1437 4739 17,
2096 4665 2182 4731 35
