3319 5249
1826 316 1910 380 88

741 516 974 600 quibus
1006 513 1176 581 idem
1209 514 1379 579 Pous
1413 511 1652 577 dictam
1688 518 1924 578 terram
1959 512 2044 577 ad
2078 531 2149 580 se
2182 511 2553 599 redimerat,
2585 505 2795 581 eidem
2828 516 3009 582 Pous

739 621 1111 690 refunderet
1162 642 1242 688 ex
1276 621 1527 703 integro
1550 669 1567 702 ‚
1622 622 1733 705 qui
1786 621 1851 687 in
1885 620 2113 686 eadem
2166 620 2327 688 hora
2358 629 2424 689 et
2461 629 2783 690 momento
2816 624 3008 709 ipsas

741 733 906 798 duas
954 749 1210 796 marcas
1265 727 1550 795 reddidit
1601 735 1664 793 et
1714 729 2025 814 persoluit
2074 749 2294 795 coram
2347 730 2537 797 nobis
2588 732 2759 797 Pous
2814 750 3004 817 sepe-

741 840 951 923 dict03
1021 844 1260 904 terram
1314 843 1528 902 autem
1577 836 1941 920 predictam
1992 836 2367 919 reliquimus
2419 838 2632 904 eidem
2684 839 3008 923 Magistro

739 947 1049 1014 Aladario
1071 997 1090 1032 ,
1139 951 1203 1010 et
1234 964 1349 1030 per
1383 964 1526 1010 eum
1559 945 1694 1010 suis
1737 942 2080 1010 heredibus
2134 944 2568 1030 heredumque
2619 947 3004 1013 successori·

742 1059 880 1138 bus,
930 1059 1118 1140 prout
1174 1052 1470 1119 dominus
1502 1054 1643 1118 Rex
1695 1050 2043 1118 Ladizlaus
2098 1052 2220 1118 sibi
2255 1054 2636 1140 contulerat,
2691 1055 2829 1121 iure
2862 1076 3005 1140 per-

744 1171 937 1250 petuo
983 1168 1047 1229 et
1078 1160 1607 1228 inreuocabiliter
1656 1158 2158 1246 possidendam3
2208 1180 2476 1226 causam
2512 1183 2668 1228 vero
2700 1163 3007 1248 supradi-

743 1280 990 1337 ctorum
1024 1269 1307 1336 virorum
1339 1268 1405 1333 in
1438 1268 1614 1334 sacto
1647 1267 1853 1351 ipsius
1889 1273 2066 1333 terre
2101 1265 2302 1353 sopiri
2337 1275 2401 1333 et
2432 1268 2647 1335 sedari
2682 1269 3006 1337 faciendo.

746 1382 832 1446 Vt
864 1386 1078 1445 autem
1112 1399 1211 1464 ea,
1254 1397 1379 1462 que
1412 1396 1627 1443 coram
1662 1377 1846 1443 nobis
1897 1381 2047 1442 acta
2081 1382 2250 1461 sunt,
2301 1396 2417 1461 per
2447 1397 2814 1461 processum
2845 1385 3008 1444 tem-

745 1486 921 1574 poris
952 1486 1020 1552 in
1056 1485 1308 1553 irritum
1357 1483 1649 1552 reuocari
1706 1505 1835 1551 non
1884 1485 2170 1571 possint,
2220 1494 2559 1571 presentes
2610 1486 3007 1553 contulimus

742 1596 992 1663 litteras
1043 1594 1249 1678 sigilli
1302 1595 1508 1660 nostri
1559 1593 1915 1659 munimine
1966 1593 2321 1659 roboratas.
2368 1593 2610 1659 Datum
2664 1615 2839 1661 anno
2870 1593 3005 1662 Do·

746 1703 903 1770 mini
934 1701 1372 1770 M⁰CC⁰LXX⁰
1405 1708 1653 1786 quarto.

745 1845 1019 1908 (Eredetie
1064 1843 1424 1913 b6rhkrtyain,
1476 1847 1730 1911 melynek
1772 1846 2089 1898 barna-zbld
2134 1845 2593 1912 selyemzsineron
2642 1849 2868 1914 suggett
2912 1865 3005 1914 pe-

1093 1936 1259 2002 csetje
1282 1936 1555 1998 elveszett‚
1595 1951 1630 1987 a
1655 1936 1818 1986 hudai
1846 1937 1950 1987 kir.
1989 1937 2239 1988 kamarai
2278 1934 2659 2001 leveltdrban.)

1824 2400 1933 2466 50.

747 2585 993 2649 Henrik
1023 2537 1378 2650 szlavonice?
1427 2583 1682 2651 bannale
1723 2582 2244 2669 bizonysciqlevele
2265 2633 2285 2662 ,
2326 2584 2488 2668 hoqy
2520 2581 2699 2645 Peter
2733 2579 3006 2665 Rodolf-

747 2694 873 2756 πῶς
886 2692 994 2773 fia
1028 2692 1229 2776 Petyu
1260 2701 1419 2755 nevil
1473 2691 1755 2756 birtokdt
1789 2692 2149 2775 Pcrchynus
2180 2691 2490 2756 comesvwk
2521 2689 2751 2754 eladta.
2806 2693 3001 2757 1274.

960 2888 1098 2953 Nos
1130 2885 1433 2952 Herricus
1467 2886 1689 2950 Banus
1738 2883 1947 2950 tocius
1980 2883 2326 2951 Sclauonie
2375 2883 2817 2967 significamus
2860 2885 2998 2950 vni-

751 2996 956 3061 uersis
1000 2993 1230 3078 quibus
1265 2991 1523 3077 expedit
1571 2993 1977 3078 presencium
2010 3012 2127 3077 per
2176 2997 2486 3075 tenorem,
2540 2992 2710 3075 quod
2765 2992 3001 3060 consti·

747 3103 902 3168 tntis
953 3102 1018 3167 in
1052 3108 1274 3167 nostra
1323 3100 1666 3185 presencia
1697 3101 1889 3166 Petro
1938 3100 2072 3168 filio
2107 3100 2451 3186 Redolphy
2500 3101 2587 3166 ab
2631 3121 2762 3166 una
2792 3109 2997 3187 parte,

747 3217 812 3274 et
842 3208 1180 3293 Perchyno
1214 3209 1463 3275 Comite
1495 3209 1580 3273 ab
1612 3209 1851 3293 altera3
1882 3208 2055 3275 idem
2089 3210 2320 3275 Petrus
2351 3206 2682 3276 confessus
2715 3215 2816 3274 est
2847 3210 3002 3275 uiua

748 3336 942 3399 uoce,
996 3314 1370 3382 uendidisse
1421 3315 1750 3399 quandam
1802 3326 2040 3382 terram
2093 3337 2279 3382 suam
2328 3315 2540 3399 Petyn
2590 3322 2888 3382 uocatam
2932 3317 2998 3382 in

748 3432 922 3489 terra
955 3421 1296 3509 Brochyna
1330 3444 1472 3489 cum
1507 3424 1800 3509 pisscina
1853 3433 1917 3490 et
1948 3426 2243 3492 omnibus
2288 3423 2682 3490 utilitatibus
2715 3424 2850 3489 suis
2884 3445 3001 3509 pro

747 3531 982 3614 viginti
1036 3531 1273 3597 marcis
1326 3539 1389 3597 et
1437 3553 1572 3599 una
1627 3532 1833 3598 eidem
1878 3533 2112 3599 Comiti
2162 3531 2524 3618 PerchynO,
2579 3536 2644 3597 et
2691 3550 2805 3615 per
2856 3550 3002 3596 eum

745 3642 879 3706 suis
948 3637 1289 3707 heredibus
1352 3639 1789 3724 heredumque
1851 3641 2328 3707 successoribus
2394 3641 2528 3705 inre
2579 3643 2885 3722 perpetuo
2940 3645 3005 3704 et

744 3748 1265 3815 inreuocabiliter
1314 3748 1815 3833 possidendam,
1876 3749 1995 3815 sub
2036 3748 2281 3815 eisdem
2330 3747 2518 3814 metis
2570 3751 2634 3813 et
2683 3749 3005 3833 terminis,

744 3855 907 3923 sicut
960 3856 1024 3920 in
1057 3855 1296 3922 litteris
1331 3856 1616 3940 Capituli
1647 3856 2114 3939 Zagrabiensis
2152 3857 2585 3927 continentur,
2636 3864 2817 3943 Quas
2868 3866 3007 3947 qui-

745 3964 887 4030 dem
954 3964 1187 4047 viginti
1251 3983 1504 4031 marcas
1558 3969 1624 4029 et
1691 3984 1886 4029 unam
1950 3963 2241 4049 prefatus
2288 3970 2522 4037 Petrus
2577 3973 2743 4040 dixit
2793 3992 2866 4039 se
2921 3971 3006 4037 ab

747 4068 974 4138 eodem
1008 4072 1345 4158 Perchyno
1378 4070 1626 4138 Comite
1653 4072 1954 4157 plenarie
1993 4073 2331 4157 recepisse.
2396 4079 2473 4143 In
2508 4079 2690 4147 cuius
2723 4101 2841 4166 rey
2874 4101 3006 4147 mc-

747 4178 1013 4245 moriam
1085 4185 1149 4245 et
1209 4188 1589 4265 perpetuam
1658 4180 2031 4247 firmitatem
2094 4190 2430 4267 presentes
2480 4186 2564 4251 ad
2615 4187 3004 4273 peticionem

747 4287 1034 4369 parcium
1098 4288 1531 4355 concessimus
1584 4288 1839 4355 litteras
1889 4289 2092 4374 sigilli
2142 4291 2349 4357 nostri
2415 4293 2769 4361 munimine
2816 4296 3004 4362 robo-

743 4401 939 4460 ratas.
988 4394 1229 4462 Datum
1264 4396 1885 4464 M⁰CC⁰LXX⁰IIII⁰.

748 4536 1014 4603 [Eredetie
1039 4535 1393 4605 bb'rhdrtyim,
1431 4556 1466 4591 a
1491 4540 1799 4595 votos-zbld
1839 4539 2289 4605 selyemzsinoron
2337 4543 2508 4610 ftiggb
2548 4544 2734 4611 pecset
2758 4547 2933 4610 alatt;
2974 4564 3011 4601 a

1387 4630 1554 4683 budai
1582 4632 1685 4684 kir.
1716 4632 1957 4682 kamarai
1985 4630 2369 4698 leveltbrbau.)
