3319 5249
1865 312 1994 376 162

794 522 1026 597 terrea,
1074 531 1207 596 qua
1236 516 1407 576 meta
1458 515 1722 596 separat
1769 506 2060 594 predicto
2109 509 2274 575 Iuan
2325 529 2366 575 a
2410 515 2599 594 parte
2634 506 3046 593 occidentali,

796 644 836 687 a
866 627 1054 708 parte
1086 640 1239 686 vero
1276 616 1580 685 orientali
1612 616 1905 702 predicto
1940 613 2078 683 Lod
2110 624 2173 683 et
2206 615 2397 682 fratri
2431 638 2588 702 suo;
2639 614 2877 683 deinde
2911 637 3051 683 ver·

796 727 992 795 tendo
1055 724 1666 794 subtus’cuiusdam
1718 724 2051 791 monticuli
2103 745 2141 791 a
2195 732 2382 812 parte
2419 723 2811 793 occidentali
2844 721 3058 790 eundo

799 837 1102 923 peruenit
1132 834 1220 899 ad
1252 835 1547 902 semitam
1580 835 1753 919 wlgo
1786 837 2165 920 kakasmeqa
2205 834 2416 920 dicto;
2467 834 2701 902 deinde
2731 829 3060 920 progredi-

797 954 903 1011 tur.
934 944 1020 1011 ad
1050 950 1303 1029 partem
1338 943 1756 1028 orientalem,
1806 943 2025 1027 ibique
2072 942 2456 1013 terminatur
2500 944 2588 1010 ad
2621 942 2897 1029 primam
2934 961 3064 1008 me·

798 1062 953 1119 tam.
1003 1050 1291 1130 Quarum
1326 1051 1587 1133 quidem
1619 1044 1914 1137 predicte
1965 1051 2396 1137 possessionis
2447 1051 2580 1119 Scil
2633 1053 2838 1138 ipsius
2872 1048 3068 1117 Belid

807 1169 870 1228 et
900 1160 1061 1227 Pete
1095 1168 1411 1225 metarum
1446 1158 1892 1226 ereccionibus
1949 1165 2013 1223 et
2049 1159 2328 1225 aliorum
2379 1161 2863 1245 possessionum
2916 1159 3066 1225 iuri-

814 1271 933 1335 bus
962 1266 1496 1335 distinccionibus
1533 1266 2019 1351 sequestrandis
2059 1275 2122 1333 ot
2154 1267 2583 1351 distingendis
2637 1269 3074 1353 predictorum

684 1396 691 1402 ’
804 1375 1157 1441 vicinorum
1193 1383 1257 1442 et
1287 1382 1877 1442 cummetaneorum
1927 1377 2108 1442 nullo
2143 1362 2626 1442 contradictore
2676 1382 3064 1462 apparente.

803 1486 1043 1552 Datum
1095 1484 1414 1552 dominico
1447 1484 1736 1571 proximo
1789 1493 1937 1572 post
1978 1487 2213 1553 festum
2246 1486 2486 1591 Sancte
2517 1485 2856 1553 Trinitatis
2889 1506 3066 1551 anno

808 1593 1205 1680 supradicto.

809 1794 1084 1858 (Er-edotio
1109 1788 1463 1858 bb‘rhartyan,
1501 1792 1721 1856 melyro'l
1773 1806 1805 1841 a
1853 1787 2111 1858 kziptalan
2161 1791 2399 1860 pocsetje
2425 1792 2728 1843 ΖὸῙᾶ-νὸῐῦε
2756 1792 3066 1859 selyernzsi-

1200 1881 1371 1934 noron
1420 1882 1571 1945 siigg,
1608 1896 1642 1931 a
1669 1882 1833 1931 budai
1872 1881 1974 1930 kir.
2006 1882 2252 1933 kamarai
2281 1879 2667 1947 leveltzirban.)

1889 2694 2037 2761 108.

814 2894 911 2961 Az
960 2896 1093 2980 cyri
1139 2894 1586 2981 kdptalannak
1647 2893 2177 2979 bizonysciqlevelc
2202 2941 2221 2972 ,
2284 2895 2450 2979 hoqy
2498 2894 2734 2979 Popy-t’
2786 2894 3080 2958 Benedek

912 3003 1157 3088 Fyqudi
1186 3002 1576 3087 Gerqelynek
1625 3001 1983 3087 Fyyudban
2015 3002 2146 3067 levi}
2177 3001 2460 3066 birtoka't
2489 3002 2721 3067 eladtct.
2775 3005 2970 3068 1276.

1035 3196 1351 3265 Omnibus
1384 3197 1620 3266 Christi
1652 3196 1955 3265 fidelibus
2006 3206 2137 3264 tam
2175 3200 2580 3284 presentibus
2612 3219 2809 3283 quam
2845 3198 3087 3266 futuris

821 3327 1089 3392 presens
1141 3307 1449 3391 scriptum
1505 3307 1890 3392 inspecturis
1946 3307 2322 3394 Capitulum
2387 3308 2679 3375 Ecclesie
2741 3308 3088 3393 Agriensis

824 3416 1101 3481 salutem
1155 3417 1221 3481 in
1273 3416 1554 3482 omnium
1608 3416 1955 3483 saluatorc.
2006 3415 2108 3481 Ad
2140 3417 2589 3484 vniuersorum
2632 3417 2943 3484 noticiam
2978 3424 3082 3483 te·

822 3542 975 3588 nore
1009 3524 1407 3607 presencium
1458 3523 1759 3590 volumus
1800 3523 2174 3609 peruenire,
2226 3525 2398 3608 quod
2451 3525 2819 3593 constitutis
2858 3545 3088 3592 coram

817 3629 1005 3696 nobis
1036 3630 1387 3696 Benedicto
1421 3632 1553 3696 filio
1589 3629 1884 3716 Gregorij
1911 3630 1991 3697 de
2013 3632 2191 3717 Popy
2213 3633 2296 3698 ab
2338 3652 2468 3698 una
2499 3640 2716 3719 parte3
2756 3634 3079 3716 Gregorio

821 3736 955 3803 filio
995 3737 1173 3802 Petri
1203 3736 1284 3801 de
1314 3736 1586 3822 Fygud3
1623 3757 1740 3822 per
1791 3735 2063 3803 eundem
2087 3737 2471 3821 Gregorium
2526 3740 2741 3806 extitit
2788 3745 3088 3827 proposi-

821 3855 976 3931 tum,
1025 3845 1201 3929 quod
1235 3866 1379 3911 cum
1415 3851 1601 3930 pater
1632 3845 1836 3930 ipsius
1872 3851 2111 3912 terram
2137 3867 2324 3912 suam
2349 3846 2811 3914 hereditariam
2849 3851 3092 3936 Fygud

821 3960 1121 4020 vocatam
1153 3952 1408 4038 prefato
1439 3952 1794 4019 Benedicto
1841 3952 2109 4019 condam
2150 3954 2584 4043 vendidisset,
2637 3956 2821 4023 cuius
2856 3958 3094 4024 vendi-

827 4062 1034 4129 cionis
1068 4063 1271 4129 series
1306 4084 1421 4148 per
1452 4062 1872 4148 priuilegium
1911 4072 2196 4131 nostrum
2231 4064 2419 4132 nobis
2460 4066 2674 4149 patuit
2705 4067 3094 4152 euidenter3

826 4179 889 4236 et
918 4171 1332 4257 postmodum
1371 4169 1787 4237 medietatem
1824 4172 2110 4238 eiusdem
2138 4178 2306 4239 terre
2340 4173 2511 4242 idem
2543 4174 2934 4244 Benedictus
2969 4199 3084 4263 pa-

825 4279 906 4343 tri
940 4299 1057 4344 suo
1089 4277 1320 4343 iterum
1354 4276 1801 4344 vendidisset:
1867 4298 2039 4344 nunc
2091 4279 2364 4347 eandem
2398 4282 2835 4368 medietatem,
2903 4287 3095 4368 quin·

824 4385 1139 4470 quaginta
1173 4385 1474 4454 videlicet
1515 4394 1576 4452 et
1615 4385 1886 4452 duarum
1937 4386 2231 4456 vlnarum
2284 4389 2348 4455 in
2400 4390 2747 4459 latitudine
2786 4393 3087 4461 'existen-

824 4502 955 4560 tem
987 4493 1467 4561 reuendidisset
1497 4495 1620 4581 ipsi
1653 4495 2010 4563 Benedicto
2054 4517 2170 4582 pro
2201 4506 2481 4581 quatuor
2504 4503 2737 4568 marcis
2771 4508 2835 4567 et
2876 4502 3102 4568 media

826 4603 909 4666 ab
943 4602 1087 4689 ipso
1121 4602 1416 4688 plenarie
1447 4603 1745 4690 receptis,
1792 4603 1913 4671 sibi
1951 4603 2214 4691 suisque
2239 4602 2608 4696 heredibus,
2654 4608 3102 4696 heredumque
