3319 5249
1802 266 1932 336 392

739 464 1219 532 recordacionis
1268 484 1465 548 super
1514 463 1929 531 libertatibus
1981 485 2198 532 eorum
2248 466 2604 533 confectum
2629 518 2646 552 ,
2702 474 2987 554 petentes

738 594 878 640 cum
934 572 1277 657 instancia,
1332 579 1400 639 vt
1450 573 1663 658 ipsum
1707 581 1919 640 ratum
1952 571 2212 661 habere,
2248 581 2314 641 et
2348 576 2589 643 nostris
2621 576 2985 661 patentibus

730 679 966 746 litteris
1016 679 1097 747 de
1151 680 1551 766 benig-nitate
1602 678 1811 764 Regia
1863 678 2278 764 dignaremur
2326 685 2729 750 confirmare.
2798 682 2986 751 Cuius

731 785 993 868 quidem
1027 787 1357 874 priuilegij
1393 795 1578 854 tenor
1608 788 1765 854 talis
1797 795 1937 856 est:

615 995 624 1004 ι
948 912 1315 997 Stephanus
1367 913 1447 978 D.
1499 934 1595 996 gr.
1650 916 1788 981 Rex
1840 914 2312 999 primogenitus
2374 918 2499 983 stb.
2573 915 2988 1003 (ktivetkezik

731 1017 954 1085 Istvan
987 1017 1197 1103 ifiabb
1231 1020 1589 1107 kiralynak
1631 1021 1904 1088 1261-Βί
1937 1022 2503 1109 kivaltsaglevcle‚
2540 1023 2706 1089 mint
2735 1022 2985 1109 gynjte·

735 1129 1067 1214 menyuuk
1121 1129 1292 1194 VIII.
1334 1129 1564 1214 vagy'is
1597 1149 1639 1195 a
1672 1126 1969 1195 masodik
2003 1128 2249 1213 folyam
2286 1130 2404 1197 ΙΙΙ.
2439 1130 2786 1198 kotetebeu
2818 1136 2883 1201 5.
2916 1128 2987 1216 1.)

948 1253 1403 1322 Exhibuerunt
1453 1256 1661 1320 eciam
1709 1255 1992 1339 predicti
2037 1255 2326 1342 hospites
2360 1258 2560 1323 nostri
2597 1257 2851 1324 litteras
2884 1276 2986 1322 uo-

733 1367 904 1427 stras
935 1367 1232 1446 patentes
1266 1380 1462 1447 super
1482 1361 1655 1427 facto
1681 1361 2164 1446 possessionum
2190 1362 2514 1431 confectas
2536 1364 2598 1430 in
2620 1363 2739 1430 hec
2758 1363 2986 1431 verba:

948 1486 1083 1552 Nos
1133 1466 1485 1553 Ladiilaus
1537 1486 1615 1551 D.
1654 1506 1746 1570 gr.
1782 1487 2238 1571 Rex'Vngarie
2270 1488 2396 1553 stb.
2427 1485 2849 1574 (kiivetke-zik
2881 1486 2987 1553 1v.

732 1592 963 1660 Laszlo
1000 1592 1349 1679 kiralynak
1389 1596 1657 1662 1284-Κί
1694 1597 1842 1661 278.
1873 1614 1961 1660 sz.
1994 1613 2055 1660 a.
2091 1593 2473 1681 okmauya.)
2644 1677 2653 1683 .

946 1721 1082 1787 Nos
1131 1720 1329 1806 igitur
1378 1721 1566 1788 iustis
1617 1741 1696 1786 ac
1749 1720 2052 1805 legitimis
2085 1721 2517 1806 peticionibus
2551 1720 2983 1808 predictorum

732 1826 1057 1912 hospitum
1094 1837 1454 1897 nostrorum
1489 1850 1832 1897 assensum
1867 1829 2292 1897 fauorabilem
2328 1830 2729 1917 adhibentes,
2753 1832 2984 1896 bonum

735 1942 978 2002 statum
1029 1944 1094 2002 et
1145 1936 1512 2003 libertatem
1544 1936 1896 2003 eorundem
1930 1959 2044 2022 per
2075 1936 2402 2004 dominum
2437 1938 2838 2024 Stephanum
2870 1939 2986 2003 Re-

732 2063 879 2126 gem
913 2051 1159 2129 patrem
1193 2051 1480 2111 nostrum
1512 2044 1935 2112 karissimum
1974 2045 2185 2113 felicis
2219 2044 2699 2112 recordacionis
2732 2044 2985 2113 ordina·

733 2159 868 2216 tam
902 2159 967 2217 et
996 2171 1375 2219 concessam
1409 2152 1885 2220 inmutabiliter
1918 2154 2212 2222 uolentes
2247 2154 2615 2238 obseruare,
2651 2160 2715 2219 et
2748 2153 2985 2220 dictum

733 2259 1149 2343 priuilegium
1201 2260 1410 2346 ipsius
1460 2262 1668 2346 patris
1707 2260 1907 2327 nostri
1941 2283 2069 2327 non
2104 2281 2340 2348 rasum,
2374 2282 2502 2329 non
2533 2262 2982 2345 cancellatum,

736 2388 856 2435 nec
905 2369 971 2434 in
1024 2369 1252 2453 aliqua
1293 2371 1392 2436 sui
1426 2377 1613 2455 parte
1646 2370 1980 2457 uiciatum,
2016 2377 2081 2437 et
2119 2370 2373 2436 litteras
2407 2378 2659 2437 nostras
2690 2377 2985 2455 patentes

733 2484 933 2559 ratas,
986 2485 1209 2559 gratas
1264 2480 1507 2564 pariter
1558 2479 1879 2545 habentes
1924 2486 1988 2545 et
2018 2486 2346 2564 acceptas,
2381 2479 2466 2544 de
2499 2479 2695 2545 uerbo
2726 2478 2814 2545 ad
2850 2498 2983 2545 uer·

738 2583 884 2650 bum
919 2584 1324 2669 presentibus
1358 2586 1656 2671 insertas,
1690 2586 2075 2655 auctoritate
2098 2587 2503 2673 presencium
2524 2586 2823 2654 duximus
2845 2607 2981 2654 con·

735 2684 1106 2761 firmandas.
1153 2695 1397 2769 ¹Datum
1449 2695 1516 2760 in
1549 2695 1807 2787 Gyman
1843 2695 2164 2762 dominico
2200 2694 2305 2761 die
2341 2703 2495 2763 ante
2529 2695 2759 2761 festum
2799 2694 2980 2760 Beati

736 2800 1074 2869 Michaelis
1108 2801 1502 2886 Archangeli
1536 2822 1709 2869 anno
1742 2802 2002 2870 Domini
2040 2804 2128 2867 Μο
2164 2801 2292 2868 (ΧΓ
2327 2803 2435 2868 Lx
2450 2803 2602 2868 XX⁰
2636 2813 2887 2885 quarte.

737 3071 860 3137 (111.
905 3074 1086 3125 Endre
1138 3075 1431 3142 kiralynak
1480 3078 1703 3130 1291·ki
1756 3077 2079 3144 megeriisitb'
2122 3073 2606 3145 priuilegiumabol
2632 3077 2982 3129 abudaikir.

1545 3168 1790 3219 kamarai
1816 3165 2192 3233 leveltirban.)
