3319 5249
1804 221 1935 288 422

748 426 953 495 nostri
989 433 1053 494 et
1083 422 1332 509 fidelis,
1365 418 1761 489 venerabilis
1792 418 1860 483 in
1892 416 2150 485 Christo
2203 416 2408 501 patris
2457 414 2702 484 domini
2751 416 2996 487 'rhome

747 532 1052 621 Episcopi
1088 529 1457 597 Waciensis
1491 528 1642 595 aule
1675 532 1892 594 nostre
1924 526 2082 592 Viee
2116 524 2508 612 cancellarij
2537 545 2706 592 anno
2736 525 2998 594 Domini

748 641 1098 709 millesimo
1128 637 1574 706 ducentesimo
1626 635 2070 720 octuagesimo
2134 634 2394 719 quinto,
2444 641 2630 702 sexto
2675 634 2998 702 kalendas

744 750 904 835 Maij
942 746 1310 816 Indiecione
1343 745 1729 814 duodecima
1749 795 1766 827 ‚
1812 742 2019 827 Regni
2052 748 2270 811 autem
2302 743 2508 809 nostri
2541 762 2716 811 anno
2747 741 2999 812 decimo

746 862 999 941 quarto.

742 1030 1015 1100 (Bathory
1043 1030 1234 1086 Istvfin
1262 1029 1687 1101 orazagbirbnak
1720 1031 1943 1084 1372-ki
1970 1028 2201 1083 oktaivas
2253 1028 2546 1084 aitiratbbol
2568 1070 2582 1093 ‚
2607 1047 2642 1084 a
2665 1030 2835 1083 budai
2860 1027 3001 1083 kira-

1496 1121 1576 1185 lyi
1600 1121 1846 1173 kamarai
1866 1116 2249 1185 leveltarban.)

1653 1389 2077 1402 unu—-

1799 1854 1952 1921 300.

752 2055 875 2123 IV.
912 2056 1141 2122 Ldszlo'
1171 2056 1398 2141 kircily
1431 2058 1787 2142 meyerb'siti
1835 2080 1877 2119 a
1907 2056 2107 2142 ἧψε-ἰ
2153 2055 2590 2141 vende'qeknek
2618 2056 2992 2141 privileqiu·

1655 2168 1835 2230 mit.
1871 2166 2068 2231 1285.

962 2358 1315 2427 Ladizlaus
1384 2362 1505 2427 Dei
1556 2363 1782 2443 gracia
1832 2358 2168 2443 Hungarie
2188 2410 2206 2445 ,
2275 2357 2640 2447 Dalmacie,
2708 2358 2996 2440 Croacie,

747 2469 985 2549 Rame‚
1033 2468 1297 2552 Seruie‚
1345 2468 1666 2554 Gallicie,
1722 2467 2135 2553 Lodomerie,
2194 2467 2512 2535 Cumanie
2557 2464 2997 2551 Bulgarieque

749 2574 889 2639 Rex
920 2574 1216 2641 omnibus
1248 2574 1489 2643 Christi
1538 2574 1837 2644 fidelibus
1902 2593 2168 2662 presens
2229 2575 2537 2662 scriptum
2597 2574 2989 2661 inspecturis

751 2681 1030 2750 salutem
1064 2681 1129 2745 in
1164 2684 1447 2749 omnium
1511 2685 1857 2750 saluatore.
1896 2682 2180 2750 Proinde
2212 2684 2299 2749 ad
2359 2683 2805 2751 vniuersorum
2839 2681 2996 2750 noti·

749 2790 917 2856 ciam
950 2787 1179 2857 harum
1212 2791 1380 2857 serie
1413 2793 1713 2860 uolumus
1744 2791 2109 2878 peruenire,
2145 2791 2320 2876 quod
2349 2792 2641 2877 hospites
2672 2791 2878 2859 nostri
2917 2792 2996 2858 de

752 2896 939 2983 Hybe
970 2896 1054 2964 ad
1106 2904 1398 2965 nostram
1449 2899 1833 2967 aecedentes
1889 2900 2293 2985 presenciam
2343 2900 2772 2967 exhibuerunt
2811 2900 2992 2967 nobis

750 3002 1168 3091 priuilegium
1220 3005 1465 3071 domini
1528 3008 1839 3093 Stephani
1897 3006 2020 3075 Dei
2050 3008 2273 3091 gracia
2333 3006 2739 3075 Serenissimi
2800 3006 2994 3092 Regis

756 3112 1095 3196 Hungarie
1127 3112 1453 3180 karissimi
1518 3116 1721 3200 patris
1783 3115 1985 3181 nostri
2044 3115 2153 3199 pie
2211 3115 2537 3202 memorie,
2577 3134 2774 3200 super
2806 3116 2994 3182 liber-

750 3227 887 3287 tate
918 3220 1202 3305 ipsorum
1237 3222 1624 3308 confectum,
1659 3229 1956 3308 petentes
2004 3244 2047 3288 a
2078 3223 2263 3290 nobis
2326 3242 2468 3288 cum
2532 3222 2900 3308 instancia,
2930 3228 2999 3290 ut

755 3326 971 3414 ipsum
1004 3327 1419 3413 priuilegium
1451 3336 1658 3396 ratum
1694 3329 1952 3412 habere,
2010 3337 2072 3397 et
2101 3336 2320 3400 nostro
2352 3328 2767 3414 dignaremur
2799 3329 2993 3414 priui-

750 3433 928 3519 legio
963 3434 1367 3502 confirmare.
1403 3434 1602 3521 Cujus
1637 3444 1815 3503 tenor
1847 3436 1999 3504 talis
2026 3443 2142 3504 est.

972 3540 1341 3629 Stephanus
1371 3544 1454 3608 D.
1488 3563 1585 3628 gr.
1635 3545 1977 3629 Hungarie
2025 3545 2148 3611 stb.
2210 3545 2365 3612 Rex.
2393 3543 2520 3612 stb.
2572 3543 2997 3630 (kovetkezik

756 3648 832 3716 V.
864 3651 1085 3718 Istvan
1152 3651 1506 3737 kira1ynak
1573 3653 1846 3720 1270-ki
1907 3652 2388 3739 privilegiuma,
2448 3653 2611 3719 mint
2639 3654 2996 3739 gyfljteme·

756 3758 986 3843 nyunk
1018 3757 1199 3826 VIII.
1245 3759 1481 3847 vagyis
1513 3780 1555 3826 a
1584 3758 1888 3828 masodik
1926 3759 2172 3845 folyam
2206 3759 2319 3826 III.
2355 3758 2707 3827 koteteben
2740 3759 2892 3827 311.
2925 3757 2996 3845 1.)

970 3865 1106 3932 Nos
1140 3866 1361 3949 itaque
1391 3866 1601 3952 iustis,
1636 3874 1702 3932 et
1749 3866 2062 3951 legitimis
2125 3866 2712 3952 supplicacionibus
2747 3872 2812 3934 et
2840 3867 2998 3952 peti·

758 3973 1053 4044 cionibus
1085 3976 1440 4044 eorundem
1471 3976 1759 4045 fidelium
1810 3975 2134 4063 hospitum
2183 3983 2544 4044 nostrorum
2577 3977 2661 4044 de
2690 3975 2883 4063 Hybe
2910 3977 2998 4042 in·

758 4082 1002 4169 clinati,
1035 4081 1279 4150 dictum
1311 4083 1726 4170 priuilegium
1772 4082 2106 4150 karissimi
2165 4082 2369 4168 patris
2411 4083 2613 4150 nostri
2640 4103 2772 4150 non
2804 4083 2989 4151 abra·

751 4208 915 4276 sum,
950 4210 1081 4258 non
1115 4193 1545 4276 cancellatum
1567 4245 1586 4280 ‚
1636 4211 1758 4259 nec
1807 4193 1873 4259 in
1911 4192 2136 4277 aliqua
2168 4192 2271 4259 sui
2322 4196 2509 4277 parte
2555 4191 2888 4277 viciatum,
2919 4191 2998 4260 de

747 4298 957 4365 verbo
989 4298 1077 4365 ad
1110 4301 1373 4368 verbum
1425 4299 1838 4386 presentibus
1864 4299 2181 4370 ⁴insertum
2203 4351 2220 4383 ‚
2269 4299 2666 4367 authoritate
2697 4303 2764 4366 et
2793 4304 2996 4384 patro-

756 4405 925 4473 cinio
957 4407 1365 4492 presencium
1396 4406 1702 4478 duximus
1751 4408 2284 4476 confirmandum.
2316 4407 2394 4474 In
2426 4406 2608 4474 cuius
2639 4405 2736 4476 rei
2767 4424 2994 4474 memo·

759 4513 929 4584 riam
948 4521 1463 4608 perpetuamque
1497 4516 1920 4593 stabilitatem
1946 4522 2280 4611 presentes
2298 4513 2736 4587 concessimus
2752 4512 2994 4586 littera·
