3319 5249
1881 320 2009 388 332

1883 957 2035 1025 236.

833 1180 881 1244 I
887 1175 958 1249 V.
1004 1179 1233 1250 Leiszld
1283 1179 1637 1266 kira‘lynak
1689 1204 1729 1243 a
1777 1181 2175 1266 nydlsziqetet
2225 1179 2530 1265 ido-qyazd
2577 1179 2943 1265 adoma'nya
2993 1198 3069 1242 az

1323 1288 1521 1354 ottani
1552 1289 2006 1377 apdczazdrda
2037 1292 2348 1354 szdmdra.
2386 1290 2581 1356 1282.

1040 1521 1387 1589 Ladizlaus
1446 1522 1572 1590 Dei
1632 1523 1861 1608 gracia
1920 1522 2271 1610 Hungan'e,
2333 1522 2681 1589 Dalmacie
2697 1574 2718 1608 ,
2778 1519 3066 1607 Croacie‚

831 1632 1032 1699 Rame
1050 1682 1068 1718 ,
1117 1632 1341 1699 Seruie
1359 1683 1378 1718 ,
1430 1630 1716 1698 Gallicie
1736 1682 1753 1716 ,
1816 1630 2212 1717 Lodomerie,
2272 1630 2583 1697 Cumanie
2630 1631 3066 1715 Bulgarieque

831 1740 971 1806 Rex
1004 1739 1302 1806 omnibus
1341 1738 1580 1806 Christi
1612 1739 1911 1808 fidelibus
1944 1748 2305 1826 presentem
2338 1738 2649 1825 paginam
2681 1739 3063 1824 inspecturis

832 1849 1108 1914 salutem
1158 1849 1226 1913 in
1274 1847 1552 1914 Domino
1601 1849 2075 1934 sempiternam.
2116 1848 2342 1915 Diuini
2379 1847 2679 1914 Numinis
2712 1845 3060 1935 incompre-

831 1953 1172 2023 hensibilis
1205 1955 1477 2023 altitudo
1510 1958 1716 2041 Regni
1753 1958 2196 2039 gubernacula
2235 1957 2520 2041 Regibus
2553 1953 2888 2023 Catholice
2922 1956 3061 2022 fidei

832 2084 908 2131 eo
941 2064 1279 2131 committit
1309 2063 1562 2132 felicius
1596 2063 2055 2152 gubernanda3
2107 2085 2231 2148 quo
2264 2064 2462 2153 ijdem
2495 2065 2704 2148 Reges
2737 2064 3063 2132 Ecclesiae

831 2171 1073 2241 Christi
1123 2175 1442 2258 sanguine
1489 2175 1869 2258 rubricata8‚
1922 2194 2037 2240 sue
2085 2175 2291 2242 tutele
2338 2192 2680 2241 concessas
2705 2224 2723 2260 ,
2776 2173 3060 2242 nituntur

832 2281 1041 2350 ditare
1071 2282 1138 2349 in
1171 2282 1631 2368 temporalibus
1665 2282 1922 2349 vberius
1957 2301 2091 2350 seut
2106 2283 2330 2350 dotare
2347 2333 2367 2368 ,
2399 2281 2740 2368 presertim
2773 2302 2913 2372 eas,
2942 2301 3061 2368 que

827 2400 1056 2460 sancte
1085 2389 1416 2477 religionis
1447 2390 1728 2459 modulis
1762 2392 1963 2459 cultui
1993 2391 2239 2459 Diuino
2272 2392 2577 2460 deuocius
2608 2397 2761 2458 sunt
2782 2411 3057 2460 annexe.

828 2498 1107 2567 Proinde
1138 2501 1226 2567 ad
1257 2501 1711 2571 uniuersorum
1742 2500 2051 2568 noticiam
2078 2506 2209 2569 tam
2240 2500 2641 2588 presencium
2676 2520 2884 2584 quam
2904 2501 3061 2569 futu·

827 2629 1039 2677 rorum
1069 2609 1298 2677 harum
1330 2609 1491 2680 serie
1520 2609 1811 2679 volumus
1842 2610 2218 2697 peruenire;
2271 2609 2442 2695 quod
2472 2631 2587 2677 nos
2620 2608 2732 2698 pia
2763 2609 3057 2678 deuocio-

827 2718 930 2783 nis
979 2717 1518 2807 consideracione,
1565 2738 1759 2802 quam
1809 2718 1896 2785 ad
1929 2717 2292 2786 Gloriosam
2323 2718 2448 2786 Dei
2483 2718 2910 2805 Genitricem‚
2943 2736 3060 2802 que

828 2827 1125 2909 cuiquam
1156 2826 1436 2894 fidelium
1469 2827 1807 2896 nouercari
1839 2847 1965 2894 non
1997 2826 2194 2912 nouit,
2228 2825 2560 2910 habemus,
2594 2826 3054 2911 benignissime

828 2934 1093 3021 inducti,
1115 2936 1392 3003 insulam
1411 2956 1606 3022 supra
1622 2935 1989 3003 Danubium
2012 2935 2187 3002 circa
2197 2936 2491 3002 Veterem
2513 2936 2763 3003 Budam
2785 2937 3056 3004 existen-

826 3051 975 3128 tem,
1026 3064 1151 3127 que
1198 3045 1518 3128 quondam
1567 3044 1792 3112 Insula
1839 3046 2157 3130 Leporum
2206 3043 2554 3131 wlgariter,
2605 3064 2780 3112 nunc
2840 3049 3047 3112 autem

823 3149 1051 3219 Insula
1085 3154 1282 3221 Beate
1310 3154 1517 3219 Marie
1548 3152 1833 3237 Virginis
1883 3160 2308 3239 nuncupatur,
2338 3153 2626 3237 exceptis
2658 3153 2963 3220 claustris
2992 3158 3051 3217 et

827 3262 1034 3348 septis
1066 3262 1364 3327 Fratrum
1398 3261 1734 3346 Minorum,
1771 3266 1835 3328 et
1864 3264 2164 3329 Fratrum
2201 3261 2466 3329 Ordinis
2514 3264 3050 3329 Premonstraten·

825 3370 989 3437 sium
1041 3369 1124 3437 de
1173 3370 1563 3437 Monasterio
1613 3370 1800 3437 Beati
1849 3368 2205 3457 Michaelis,
2238 3390 2316 3437 ac
2342 3377 2557 3438 castro
2591 3369 3050 3439 Cruciferorum

824 3479 1067 3546 Domus
1100 3476 1477 3563 Hospitalis,
1512 3483 1578 3543 et
1608 3483 1819 3544 castro
1829 3530 1848 3565 ,
1878 3479 2060 3564 turri,
2094 3497 2172 3543 ac
2213 3477 2504 3545 domibus
2533 3476 3051 3565 Archiepiscopa·

822 3594 924 3652 tus
955 3587 1432 3671 strigoniensis,
1463 3588 1531 3654 in
1563 3585 1791 3654 eadem
1824 3588 2049 3654 insula
2079 3587 2467 3671 constitutis,
2501 3608 2645 3655 cum
2675 3588 2895 3669 muris,
2929 3593 3047 3655 ter·

822 3696 933 3780 ris,
984 3695 1451 3765 habitatoribus
1502 3694 1907 3783 presentibus
1961 3703 2026 3762 et
2074 3694 2325 3778 futuris,
2376 3715 2455 3762 ac
2488 3697 2643 3782 aliis
2674 3697 3047 3764 utilitatibus

826 3803 1074 3888 damus,
1105 3803 1418 3871 donamus
1452 3810 1514 3870 et
1553 3803 1959 3871 concedimus
2015 3803 2276 3871 domine
2324 3802 2665 3872 Elisabeth
2718 3804 3051 3874 karissime

825 3916 1026 3980 sorori
1077 3920 1313 4000 nostre,
1366 3933 1444 3979 ac
1475 3914 1772 3981 omnibus
1806 3912 2187 3980 dominabus
2218 3911 2564 3998 sororibus,
2597 3911 2900 3981 videlieet
2928 3912 3046 3978 Mo-

826 4020 1091 4105 nasterij
1126 4020 1326 4087 Beate
1358 4019 1646 4103 Virginis
1675 4019 1743 4086 in
1777 4021 2005 4086 eadem
2043 4020 2258 4087 insula
2288 4020 2530 4105 iugiter
2558 4021 2699 4088 Deo
2733 4021 3041 4093 famulan-

825 4131 1016 4209 tibus,
1073 4137 1136 4195 et
1167 4128 1552 4196 Monasterio
1601 4127 1993 4214 supradicto,
2046 4134 2354 4214 perpetuo
2415 4136 2478 4193 et
2532 4128 3047 4196 inreuocabiliter

823 4235 1253 4322 possidenda;
1289 4238 1580 4304 volentes
1613 4245 1676 4303 et
1707 4237 2156 4322 concedentes,
2188 4235 2359 4321 quod
2392 4259 2433 4304 a
2465 4236 2653 4305 modo
2685 4246 2819 4305 tam
2843 4239 3044 4323 ipsum

820 4347 1273 4413 Monasterium
1325 4346 1608 4431 Virginis
1658 4349 2064 4432 Intemerate,
2118 4366 2309 4429 quam
2360 4345 2662 4415 vniuerse
2694 4366 2942 4414 sorores
2975 4345 3037 4409 iu

820 4456 1045 4522 eodem
1097 4455 1372 4523 feliciter
1422 4455 1729 4539 degentes
1780 4457 2134 4523 collacione
2166 4456 2354 4523 huius
2385 4456 2614 4542 insule,
2645 4478 2764 4542 per
2795 4474 2906 4521 nos
2939 4472 3029 4517 re-

825 4565 1058 4647 galiter
1105 4561 1316 4651 facta,
1368 4583 1588 4631 secure
1634 4570 1699 4631 et
1748 4565 1998 4633 illibate
2048 4564 2372 4652 gaudeant
2423 4571 2486 4633 et
2533 4563 2862 4649 fruantur;
2923 4578 3037 4628 non

828 4672 1228 4745 obstantibus
1265 4671 1501 4743 litteris
1533 4692 1648 4743 seu
1684 4674 1834 4765 alijs
1865 4672 2332 4763 instrumentis,
2379 4674 2440 4744 si
2490 4693 2616 4761 que
2664 4681 2799 4744 tam
2827 4665 3033 4762 prede·
