3319 5249
1440 291 1573 356 543

371 483 578 551 chaeli
612 483 1075 553 commetaneis
1109 483 1263 568 suis,
1297 490 1361 550 et
1391 504 1506 570 per
1535 486 1718 571 ipsos
1770 489 2056 572 ipsorum
2108 485 2460 554 heredibus
2538 488 2643 556 he-

370 592 722 675 redumque
754 593 1256 671 successoribus,
1278 611 1395 677 pro
1417 591 1638 659 decem
1676 601 1742 661 et
1782 601 1925 662 octo
1958 595 2215 681 marcis,
2269 614 2428 677 quas
2453 597 2647 681 plene

367 721 435 768 se
467 699 634 767 dixit
664 699 988 785 recepisse
1019 700 1104 765 ab
1136 699 1379 765 eisdem
1402 751 1420 786 ,
1474 701 1849 768 uendidisse
1914 710 1977 769 et
2037 701 2420 769 distraxisse
2501 702 2641 771 iure

367 812 678 894 perpetuo
711 813 776 875 et
825 806 1340 874 irreuocabiliter
1387 807 1868 891 possidendam.
1920 808 2245 892 Obligans
2277 829 2349 876 se
2420 808 2640 878 dictus

364 915 698 984 Johannes
729 922 793 983 et
826 915 1063 982 fratres
1095 934 1247 982 suos
1281 923 1696 1001 memoratos,
1732 917 1814 983 ab
1878 916 2176 984 omnibus
2237 916 2453 1001 ipsum
2519 918 2638 984 Co-

365 1022 583 1088 mitem
617 1021 1029 1109 Mychaelem
1065 1031 1129 1089 et
1178 1021 1349 1090 filios
1401 1043 1554 1091 suos
1606 1027 2006 1110 prescriptos
2060 1022 2399 1092 occasione
2469 1024 2639 1091 dicte

366 1138 539 1198 terre
570 1130 834 1197 uendite
866 1150 1179 1217 processu
1210 1136 1567 1216 temporum
1599 1132 1948 1199 molestare
1973 1153 2114 1227 Nseu
2175 1133 2470 1217 inpetere
2531 1151 2637 1199 uo-

365 1240 672 1326 lentibus,
707 1239 1090 1308 defensuros
1121 1239 1405 1326 proprijs
1454 1239 1790 1307 laboribus
1824 1246 1889 1307 et
1938 1240 2274 1327 expensis.
2325 1239 2402 1304 In
2451 1238 2637 1305 cuius

371 1348 467 1414 rei
530 1347 912 1414 memoriam
975 1352 1483 1434 perpetuamque
1545 1347 1915 1414 firmitatem
1966 1354 2300 1434 presentes
2379 1366 2640 1413 conces-

364 1453 572 1520 simus
604 1454 857 1521 litteras
888 1453 1089 1539 sigilli
1121 1455 1322 1521 nostri
1358 1452 1712 1541 munimine
1743 1457 2107 1524 roboratas.
2176 1455 2419 1521 Datum
2469 1454 2635 1522 feria

368 1565 602 1645 quarta
631 1564 930 1647 proxima
960 1570 1113 1629 ante
1144 1570 1414 1631 octauas
1435 1564 1854 1630 Pentecostes
1905 1582 2076 1630 anno
2114 1561 2379 1629 Domini
2409 1561 2632 1629 M⁰CC⁰

367 1670 807 1752 nonagesimo.
864 1672 1145 1739 Domino
1196 1670 1479 1739 Antonio
1530 1670 1883 1758 Proposito,
1932 1669 2262 1755 Stephano
2335 1669 2629 1755 Lectore,

367 1779 561 1844 Iwan
593 1776 892 1866 Cantore,
923 1778 1205 1847 Martino
1270 1776 1551 1847 Custode
1582 1778 1875 1846 Ecclesie
1923 1784 2145 1846 nostre
2193 1776 2623 1844 existentibus

363 1992 643 2059 (Eredetie
673 1991 1018 2061 bbrhdrtyan,
1046 2009 1080 2046 a
1108 1992 1462 2061 vBrBs-sarga
1487 1993 1941 2061 selyemzsinoron
1985 1997 2203 2060 fflggctt
2250 1992 2435 2060 pecset
2480 1993 2624 2045 elve-

653 2090 793 2137 szett
810 2103 828 2134 .·
855 2100 888 2135 a
914 2080 1240 2149 meltosdgos
1265 2082 1394 2135 baro
1420 2081 1655 2151 Perenyi
1681 2080 1870 2135 esaldd
1895 2080 2311 2150 leveltdrdbau,)

1291 2393 1718 2402 ——————.

1427 2964 1579 3036 393.

364 3181 426 3247 A
454 3183 826 3250 karante-‚ek
858 3182 1233 3269 eraterqami
1264 3182 1600 3270 konventje
1629 3185 1844 3268 dtivy‘a
1878 3185 1944 3249 e's
1972 3182 2280 3249 hitalesiti
2309 3206 2388 3249 az
2407 3194 2627 3252 enter-

365 3291 546 3376 9ami
577 3289 899 3376 kdptalan
946 3291 1009 3356 6⁸
1058 3289 1270 3357 Malos
1318 3287 1626 3388 Adorjdn
1667 3291 1838 3357 kozti
1857 3340 1878 3371 ,
1935 3287 2152 3376 Gyerk
2186 3289 2437 3378 foldjet
2492 3298 2626 3357 toir-

869 3400 1077 3485 9ya26
1105 3398 1484 3464 addsvevesi
1515 3397 1886 3465 azerzoddst.
1923 3394 2118 3463 1290.

584 3611 815 3679 Frater
882 3610 1266 3680 Dominicus
1315 3611 1632 3695 Magister
1680 3614 1928 3680 Domus
1979 3610 2344 3696 Hospitalis
2393 3609 2624 3677 Sancti

374 3719 575 3802 Regis
607 3717 923 3804 Stephani
958 3718 1040 3786 de
1104 3718 1452 3807 Strigonio,
1482 3726 1549 3787 et
1596 3727 1771 3789 totus
1830 3719 2197 3787 Conuentus
2271 3716 2629 3785 Crucifero·

365 3846 508 3894 rum
537 3826 662 3894 loci
696 3825 982 3892 eiusdem
1014 3825 1335 3895 vniuersis
1405 3834 1742 3913 presentes
1793 3829 2043 3895 litteras
2109 3826 2468 3912 inpecturis
2520 3844 2625 3892 sa·

366 3933 568 4001 lutem
599 3934 670 4000 in
700 3931 1009 4017 largitore
1042 3934 1289 4005 salutis.
1329 3936 1790 4003 Vniuersorum
1821 3936 2060 4002 noticie
2092 3940 2312 4001 tenore
2365 3951 2625 4018 presen-

365 4040 535 4111 cium
565 4042 974 4124 innotescat3
1038 4041 1210 4123 quod
1259 4042 1493 4110 nobilis
1542 4041 1646 4110 vir
1694 4040 2044 4125 Adrianus,
2094 4041 2269 4107 filius
2319 4039 2621 4123 Symonis

364 4148 446 4216 de
476 4150 698 4231 Malos,
735 4156 799 4216 et
829 4150 1140 4232 Magister
1169 4149 1484 4236 Anyanus
1517 4152 1829 4220 Notarius
1864 4151 2286 4218 discretorum
2340 4150 2621 4216 virorum

365 4259 649 4344 Capituli
681 4258 1171 4345 Strigoniensis,
1203 4260 1463 4327 nomine
1494 4269 1560 4329 et
1622 4261 1766 4328 vice
1816 4259 2184 4329 eorumdem
2218 4256 2620 4325 dominorum

364 4385 626 4434 suorum
660 4366 748 4434 ad
777 4372 1069 4435 nostram
1101 4369 1505 4454 presenciam
1537 4368 1955 4454 accedentes,
1997 4365 2413 4453 priuilegium
2446 4364 2621 4431 eius-

364 4475 511 4547 dem
545 4474 829 4561 Capituli
860 4474 1049 4543 nobis
1081 4482 1558 4564 presentarunt,
1596 4475 1932 4544 continens
1963 4472 2134 4539 hunc
2165 4480 2483 4541 tenorem.

576 4582 919 4651 Vniuersis
980 4581 1109 4648 stb.
1173 4582 1537 4670 Capitulum
1602 4582 1902 4652 Ecclesie
1969 4578 2439 4665 strigoniensis
2500 4577 2621 4645 stb.
