3319 5249
1517 348 1598 413 37

1509 864 1630 934 20.

452 1063 562 1127 IV.
614 1064 849 1129 Ldszlo'
896 1066 1245 1151 kirdlynak
1277 1065 1518 1130 Monak
1562 1074 1723 1130 nevil
1751 1063 1966 1150 fb'ldet
1999 1066 2309 1151 tcirqyazd
2338 1066 2702 1151 adoma'nya

774 1169 997 1238 Simon
1028 1184 1248 1239 mester
1280 1176 1342 1238 e's
1356 1173 1461 1255 fla
1496 1170 1756 1239 Sa'ndor
1786 1175 2101 1238 szcima'ra.
2157 1175 2350 1240 1273.

638 1368 885 1435 Amicis
937 1370 1080 1437 suis
1131 1371 1531 1439 Reuerendis
1587 1368 1955 1438 Conuentui
2006 1369 2299 1436 Ecclesic
2369 1369 2448 1435 de
2504 1370 2696 1437 Lelez

436 1475 739 1543 Nicolaus
772 1478 980 1562 Regni
1014 1478 1347 1564 Hungarie
1378 1480 1725 1546 Palatinus
1758 1485 1822 1544 et
1853 1477 2066 1545 ‚Iudex
2096 1477 2531 1544 Cumanorum
2566 1478 2688 1544 stb.

430 1583 780 1667 Noueritis‚
829 1586 1004 1667 quod
1037 1605 1179 1653 cum
1212 1588 1470 1655 Marcus
1502 1588 1675 1653 filius
1715 1585 2039 1670 Mathyws
2073 1585 2154 1651 de
2185 1587 2361 1671 Isyp,
2397 1595 2460 1651 et
2491 1584 2684 1650 Nico·

433 1690 573 1758 laus
623 1690 707 1758 de
758 1691 958 1759 Chele
1019 1712 1213 1779 super
1270 1692 1446 1761 facto
1512 1685 1790 1760 duarum
1851 1692 2140 1779 parcium
2203 1693 2686 1776 possessionum

430 1797 649 1882 Lwch‚
680 1800 992 1884 Megyezo
1024 1805 1090 1866 et
1121 1801 1324 1887 Zada,
1357 1802 1511 1869 item
1544 1801 1965 1869 medietatum
1997 1800 2482 1886 possessionum
2515 1801 2689 1883 Nag-

434 1908 617 1973 lazon
667 1914 732 1975 et
781 1908 961 1973 Lask
1014 1915 1395 1976 vocatarum
1444 1909 1512 1976 in
1554 1910 1880 1976 Comitatu
1922 1907 2367 1995 Zemlyniensi
2418 1908 2693 1974 existen·

434 2015 600 2082 cium
630 2015 1015 2098 Magistrum
1050 2017 1308 2083 Petrum
1342 2016 1546 2083 filium
1579 2016 1922 2085 Michaelis
1983 2017 2061 2084 de
2092 2016 2235 2082 Dob
2267 2018 2394 2084 sth.
2449 2014 2515 2081 in
2547 2033 2690 2100 pre·

443 2123 722 2189 senciam
809 2122 1052 2189 domini
1115 2123 1356 2191 Detrici
1422 2125 1652 2191 Bubek
1722 2124 1973 2210 pridem
2038 2123 2343 2191 similiter
2402 2123 2690 2189 Palatini

442 2236 660 2296 contra
692 2249 841 2296 sese
874 2229 939 2296 in
975 2250 1237 2297 causam
1278 2233 1656 2299 attraxisset
1688 2233 1810 2299 stb.
1869 2229 1929 2318 (s
1962 2250 2118 2297 ezen
2153 2230 2528 2317 osztalyper
2560 2232 2689 2297 eld-

434 2346 575 2405 szdr
609 2337 737 2424 „ad
774 2344 1041 2405 octauas
1074 2339 1222 2406 festi
1254 2340 1769 2426 Epiphaniarum
1804 2338 2101 2407 Domini“
2137 2341 2350 2421 1404.,
2387 2359 2418 2405 s
2452 2341 2688 2406 ezutan

433 2448 578 2531 meg
626 2447 973 2533 to'bbszor,
1025 2452 1095 2514 es
1143 2454 1346 2533 vegre
1404 2446 1531 2533 „ad
1581 2454 1850 2514 octauas
1909 2446 2064 2514 festi
2115 2446 2300 2514 Beati
2352 2445 2689 2513 Michaelis

433 2552 869 2639 Archangeli“
929 2558 1118 2622 1406.
1170 2553 1647 2644 elhalastatott)
1701 2561 2047 2622 annotatus
2095 2555 2407 2639 Magister
2457 2555 2687 2620 Petrus

436 2663 555 2731 stb.
606 2662 924 2747 quasdam
978 2671 1119 2730 octo
1172 2664 1465 2751 litteras,
1520 2663 1684 2730 duas
1734 2664 2017 2751 Capituli
2067 2663 2444 2747 Agriensis,
2491 2683 2686 2729 vnam

434 2789 601 2836 anno
651 2769 915 2837 Domini
968 2769 1315 2838 millesimo
1384 2771 1832 2838 ducentesimo
1881 2771 2200 2856 vigesimo
2250 2770 2527 2857 septimo
2551 2821 2572 2854 ,
2624 2775 2689 2835 et

433 2878 629 2943 aliam
681 2898 854 2946 anno
896 2878 1156 2945 Domini
1215 2878 1559 2947 millesimo
1610 2881 2064 2946 trecentesimo
2117 2877 2527 2960 sexagesimo
2559 2881 2681 2941 ter-

434 2989 564 3072 ci0;
610 2987 879 3055 terciam
911 2986 1176 3054 Domini
1207 2987 1504 3055 Ladizlai
1558 2990 1707 3055 olim
1750 2990 1949 3074 Regis
1983 2987 2322 3073 Hnngarie
2354 3004 2523 3053 anno
2555 2984 2684 3049 Do·

434 3094 589 3160 mini
641 3095 992 3162 millesimo
1042 3097 1487 3164 ducentesimo
1539 3097 2021 3183 septuagesimo
2073 3097 2273 3162 tercio
2305 3095 2426 3162 stb.
2462 3093 2684 3160 subor-

434 3207 563 3266 tam
614 3209 906 3268 nostrum
942 3203 1385 3286 produxerant
1435 3206 1500 3271 in
1536 3210 1968 3289 conspectum.
2001 3203 2120 3269 stb.
2167 3201 2433 3268 Prefata
2465 3208 2681 3267 autem

434 3309 650 3375 littera
683 3310 975 3376 annotati
1006 3310 1301 3377 Ladizlai
1334 3311 1528 3396 Regis
1578 3331 1694 3395 per
1727 3309 1999 3377 eundem
2031 3309 2407 3376 Ladizlaum
2441 3311 2681 3393 Regem

433 3419 805 3503 porcionem
841 3417 1056 3488 Castri
1106 3420 1376 3505 Zemlyn
1428 3421 1509 3488 de
1541 3427 1717 3489 terra
1759 3421 2005 3487 Monak
2052 3420 2173 3486 sub
2206 3417 2455 3486 eisdem
2496 3417 2684 3483 metis

436 3533 496 3592 et
543 3526 877 3611 terminis,
924 3527 1047 3593 sub
1098 3528 1329 3610 quibus
1382 3527 1555 3596 idem
1607 3530 1903 3597 Castrum
1962 3524 2396 3613 possedisset,
2454 3525 2685 3593 Comiti

438 3634 720 3719 Symoni,
752 3640 816 3701 et
846 3632 1218 3701 Alexandro
1250 3635 1384 3702 filio
1418 3655 1556 3719 suo,
1594 3654 1947 3720 eorumque
1985 3631 2328 3701 heredibus
2360 3653 2476 3718 pro
2510 3632 2680 3717 ipso·

437 3761 574 3806 rum
626 3741 932 3826 seruicijs
981 3740 1119 3809 iure
1169 3749 1476 3826 perpetuo
1531 3749 1594 3809 et
1627 3741 2152 3809 irreuocahiliter
2203 3740 2426 3807 datam
2481 3738 2682 3807 fuisse

438 3846 724 3917 declarat
764 3850 887 3916 stb.
955 3849 1193 3917 Datum
1246 3850 1431 3926 Bude
1483 3849 1897 3935 sexagesimo
1948 3849 2055 3917 die
2107 3854 2481 3915 octauarum
2531 3845 2683 3915 festi

434 3956 615 4025 Beati
648 3955 984 4026 Michaelis
1012 3959 1404 4044 Archangeli
1439 3980 1610 4027 anno
1640 3958 1903 4026 Domini
1941 3960 2130 4026 1409.

745 4138 1024 4202 (Er-edetis
1049 4142 1283 4207 papiron
1318 4155 1352 4191 a
1376 4141 1545 4193 hudai
1574 4142 1675 4194 kir.
1704 4141 1952 4191 kamarai
1979 4135 2358 4240 leveltiirban.)

1344 4448 1764 4457 ----—-—-—-—-0
