3319 5249
1350 395 1439 467 49

253 594 480 662 debita
509 593 954 662 omnimodam
985 594 1346 680 ueritatem,
1379 603 1446 665 et
1476 594 1544 660 in
1579 591 1874 680 predicta
1905 600 2095 662 sexta
2127 593 2292 663 feria
2322 595 2520 683 ijdem

255 722 375 768 sex
405 702 660 770 nobiles
710 700 1068 770 secundum
1118 702 1617 787 inquisicionem
1667 701 1737 767 in
1768 700 1897 770 fide
1948 703 2231 790 ipsorum
2281 703 2523 772 factam

255 816 577 893 quantum
627 810 983 897 dampnum
1033 808 1164 896 ipsi
1195 808 1431 879 Comiti
1468 809 1757 878 Johanni
1806 831 1924 897 per
1954 809 2269 880 Comitem
2304 810 2525 880 Ochuz

255 918 612 1002 irrogatum
662 917 1080 1002 asseruerint,
1131 919 1365 986 Comes
1398 918 1616 987 Ochuz
1658 917 1871 987 eidem
1904 918 2246 988 refundere
2273 919 2523 988 tenebi-

255 1027 462 1092 turin
497 1026 801 1095 terminis
831 1047 947 1113 per
979 1028 1158 1112 ipsos
1189 1025 1443 1094 nobiles
1476 1026 1564 1093 ad
1593 1026 1720 1094 hoc
1753 1024 2125 1112 deputatis;
2166 1031 2232 1094 et
2260 1027 2525 1114 insuper

256 1133 493 1200 Comes
525 1131 753 1201 Ochuz
784 1131 872 1217 id,
927 1132 1101 1217 quod
1133 1133 1360 1202 Comes
1390 1131 1725 1202 Johannes
1757 1133 1828 1201 in
1859 1133 2365 1219 congregacione
2415 1156 2523 1202 no·

254 1248 392 1308 stra
447 1245 520 1309 in
548 1243 782 1328 Kapus
816 1241 1151 1311 celebrata
1201 1261 1346 1309 cum
1378 1240 1516 1309 suis
1567 1243 1993 1328 complicibus
2047 1251 2274 1311 contra
2311 1243 2523 1327 ipsum

257 1351 555 1438 protulit,
611 1350 933 1436 tolerabit,
982 1349 1091 1417 uel
1131 1349 1188 1418 si
1217 1348 1496 1436 predicti
1529 1369 1648 1418 sex
1681 1350 2096 1434 inquisitores
2127 1350 2195 1417 id
2227 1350 2516 1418 affirma·
2590 1371 2596 1376 ·

259 1458 495 1546 uerint,
546 1465 623 1525 ut
653 1458 881 1525 Comes
915 1456 1135 1524 Ochuz
1165 1457 1296 1544 ipsi
1329 1455 1564 1526 Comiti
1610 1458 1898 1528 Johanni
1948 1459 2196 1527 nnllam
2245 1458 2525 1528 destruc·

258 1566 509 1634 cionem
560 1564 947 1651 irrogauerit
964 1617 985 1653 ,
1032 1574 1099 1633 et
1146 1565 1216 1632 in
1270 1564 1568 1651 predicta
1609 1568 2125 1652 congregacione
2165 1565 2525 1634 indebitam

256 1672 752 1743 accusacionem
803 1694 948 1742 cum
998 1674 1133 1742 suis
1184 1671 1607 1760 complicibus
1661 1672 1976 1742 direxerit
2024 1679 2251 1740 contra
2286 1673 2522 1759 ipsum,

259 1789 500 1848 extunc
548 1782 739 1848 iuxta
785 1780 1189 1848 sentenciam
1238 1782 1530 1867 ipsorum
1579 1800 1699 1849 sex
1735 1780 2048 1848 nobilium
2086 1778 2261 1847 idem
2294 1777 2525 1846 Comes

258 1889 599 1958 Johannes
662 1886 902 1956 Comiti
962 1886 1184 1955 Ochuz
1255 1886 1337 1955 de
1398 1888 1793 1956 uerecundia
1855 1887 1983 1955 sibi
2061 1887 2252 1954 illata
2334 1886 2528 1954 debet

263 2017 518 2064 omnem
549 1996 1077 2065 satisfaccionem
1111 1995 1450 2080 exhibere3
1499 2003 1565 2065 et
1593 1995 1795 2064 iidem
1834 1995 2060 2064 arbitri
2090 1995 2342 2064 litteras
2371 2015 2526 2064 suas

261 2105 629 2174 concedent
677 2107 822 2191 ipso
853 2103 965 2171 die
997 2104 1169 2189 parti
1215 2105 1481 2189 utrique
1521 2121 1718 2191 super
1756 2123 2067 2190 processu
2099 2104 2355 2190 negocij
2388 2123 2526 2190 pre·

261 2213 491 2281 notati.
540 2212 787 2279 Datum
819 2210 1095 2296 Symigij
1129 2210 1196 2280 in
1228 2212 1561 2280 dominica
1588 2211 1932 2278 Inuocauit
1961 2212 2088 2279 Me.

475 2321 682 2388 Kivssl
708 2344 731 2386 .·
777 2321 903 2386 Pro
933 2318 1189 2388 Comitc
1217 2320 1518 2389 Johanne
1566 2320 1702 2388 filio
1751 2320 1905 2407 Isep
1950 2326 2177 2388 contra
2215 2317 2526 2387 Comitem

266 2428 486 2498 Ochuz
519 2430 589 2495 in
625 2430 798 2496 facto
829 2437 1007 2497 terre
1036 2427 1284 2496 Chuna.

266 2608 539 2673 (Eredetie
581 2605 937 2676 bssrhartyan,
975 2608 1206 2677 melyrssl
1233 2624 1270 2662 a
1308 2608 1496 2678 pecset
1536 2609 1813 2674 elvestat&
1849 2626 1886 2663 a
1925 2609 2090 2662 budai
2133 2609 2236 2663 kir.
2284 2610 2529 2664 kamarai

1203 2694 1585 2767 levdltarban.)

1347 3308 1459 3375 30.

275 3506 385 3572 IV.
418 3507 652 3573 Ldszld
680 3506 901 3594 kirdly
930 3507 1284 3592 mqerdsiti
1312 3504 1429 3572 IV.
1462 3507 1629 3573 Bela
1657 3509 1721 3572 6⁸
1764 3505 1830 3572 V.
1852 3508 2075 3571 Istvdn
2103 3504 2533 3591 kirdlyoknak

274 3616 550 3703 Mackyk
610 3616 896 3702 1:6236962
956 3616 1265 3701 tdrqyazd
1324 3616 1868 3702 adomdnyozdsdt
1928 3614 2276 3682 Pet-chinus
2338 3637 2532 3682 comes

1117 3727 1435 3790 szdmdra.
1489 3727 1684 3792 1274.

483 3922 845 3991 Ladizlaus
895 3920 1023 3990 Dei
1083 3923 1314 4007 gracia
1365 3919 1742 4008 Hungarie,
1806 3917 2168 4001 Dalmacie‚
2233 3916 2530 4004 Croacie,

271 4032 499 4118 Kame,
531 4030 778 4118 Seruie,
812 4030 1534 4117 Gallicie‚Lodomerie,
1555 4026 1892 4113 Cumanie,
1923 4027 2366 4110 Bulgarieque
2396 4025 2534 4092 Rex

270 4138 564 4206 omnibus
598 4159 868 4226 presens
899 4139 1212 4225 scriptum
1243 4139 1635 4224 inspecturis
1666 4138 1941 4205 salutem
1984 4136 2048 4202 in
2083 4133 2370 4200 omnium
2402 4132 2531 4201 sal-

270 4255 519 4315 uatore.
565 4247 673 4313 Ad
706 4246 1153 4316 uniuersorum
1185 4247 1495 4314 noticiam
1540 4252 1765 4314 tenore
1795 4243 2203 4330 presencium
2236 4242 2536 4309 volumus

269 4355 649 4442 peruenire,
718 4353 894 4439 quod
961 4353 1173 4422 fidelis
1236 4361 1460 4422 noster
1512 4352 1744 4421 Comes
1795 4350 2155 4421 Perchinus
2207 4350 2279 4415 in
2327 4346 2534 4415 nostri

269 4482 660 4550 comparens
715 4462 1058 4549 presencia
1093 4460 1387 4529 exhibuit
1436 4468 1502 4528 et
1531 4458 1866 4527 hostendit
1902 4458 2090 4526 nobis
2121 4455 2534 4541 priuilegium

269 4572 607 4639 karissimi
661 4571 866 4657 patris
915 4570 1123 4639 nostri
1171 4567 1418 4639 domini
1468 4567 1783 4654 Stephani
1815 4566 2014 4651 Regis
2063 4564 2282 4632 inclite
2331 4581 2537 4631 recor·

267 4679 592 4767 dacionis,
645 4681 717 4747 in
749 4698 876 4762 quo
929 4675 1612 4761 uidimus'contineri3
1657 4672 1831 4759 qnod
1868 4672 2339 4744 serenissimus
2370 4670 2537 4737 Bela

360 4815 688 4854 nomam-a
719 4814 883 4852 nunc.
915 4814 1040 4853 msa·
1093 4821 1173 4835 -
1209 4812 1353 4848 mn.
1389 4805 1465 4852 17.
2170 4782 2216 4847 4
