<?xml version="1.0" encoding="UTF-8"?>
<!DOCTYPE html PUBLIC "-//W3C//DTD XHTML 1.0 Transitional//EN"
    "http://www.w3.org/TR/xhtml1/DTD/xhtml1-transitional.dtd">
<html xmlns="http://www.w3.org/1999/xhtml" xml:lang="en" lang="en">
 <head>
  <title>
</title>
<meta http-equiv="Content-Type" content="text/html;charset=utf-8" />
  <meta name='ocr-system' content='tesseract 3.04.00' />
  <meta name='ocr-capabilities' content='ocr_page ocr_carea ocr_par ocr_line ocrx_word'/>
</head>
<body>
  <div class='ocr_page' id='page_1' title='image "./rpdkorijokmnytr00wenzgoog_0183.png"; bbox 0 0 3319 5249; ppageno 0'>
   <div class='ocr_carea' id='block_1_1' title="bbox 1397 344 1524 409">
    <p class='ocr_par' dir='ltr' id='par_1_1' title="bbox 1397 344 1524 409">
     <span class='ocr_line' id='line_1_1' title="bbox 1397 344 1524 409; baseline 0.024 -3"><span class='ocrx_word' id='word_1_1' title='bbox 1397 344 1524 409; x_wconf 82' lang='lat'><strong>129</strong></span> 
     </span>
    </p>
   </div>
   <div class='ocr_carea' id='block_1_2' title="bbox 1294 433 1613 444">
    <p class='ocr_par' dir='ltr' id='par_1_2' title="bbox 1294 433 1613 444">
     <span class='ocr_line' id='line_1_2' title="bbox 1294 433 1613 444; baseline 0 4805"><span class='ocrx_word' id='word_1_2' title='bbox 1294 433 1613 444; x_wconf 95' lang='lat' dir='ltr'><strong> </strong></span> 
     </span>
    </p>
   </div>
   <div class='ocr_carea' id='block_1_3' title="bbox 307 537 2588 4841">
    <p class='ocr_par' dir='ltr' id='par_1_3' title="bbox 307 537 2588 4841">
     <span class='ocr_line' id='line_1_3' title="bbox 307 537 2577 628; baseline 0 -22"><span class='ocrx_word' id='word_1_3' title='bbox 307 541 621 608; x_wconf 84' lang='lat' dir='ltr'><strong>Preterea</strong></span> <span class='ocrx_word' id='word_1_4' title='bbox 670 541 736 608; x_wconf 88' lang='lat' dir='ltr'><strong>in</strong></span> <span class='ocrx_word' id='word_1_5' title='bbox 786 538 978 607; x_wconf 89' lang='lat' dir='ltr'><strong>siluis</strong></span> <span class='ocrx_word' id='word_1_6' title='bbox 1027 537 1113 606; x_wconf 88' lang='lat' dir='ltr'><strong>ad</strong></span> <span class='ocrx_word' id='word_1_7' title='bbox 1145 540 1422 606; x_wconf 91' lang='lat' dir='ltr'><strong>Domum</strong></span> <span class='ocrx_word' id='word_1_8' title='bbox 1463 547 1753 606; x_wconf 89' lang='lat' dir='ltr'><strong>nostram</strong></span> <span class='ocrx_word' id='word_1_9' title='bbox 1803 539 1885 605; x_wconf 90' lang='lat' dir='ltr'><strong>de</strong></span> <span class='ocrx_word' id='word_1_10' title='bbox 1920 539 2229 626; x_wconf 86' lang='lat' dir='ltr'><strong>Chychan</strong></span> <span class='ocrx_word' id='word_1_11' title='bbox 2282 549 2577 628; x_wconf 88' lang='lat' dir='ltr'><strong>spectan-</strong></span> 
     </span>
     <span class='ocr_line' id='line_1_4' title="bbox 311 645 2582 735; baseline 0.001 -20"><span class='ocrx_word' id='word_1_12' title='bbox 311 649 524 732; x_wconf 90' lang='lat' dir='ltr'><strong>tibus,</strong></span> <span class='ocrx_word' id='word_1_13' title='bbox 576 657 848 735; x_wconf 87' lang='lat' dir='ltr'><strong>excepta</strong></span> <span class='ocrx_word' id='word_1_14' title='bbox 898 647 1071 715; x_wconf 88' lang='lat' dir='ltr'><strong>silua</strong></span> <span class='ocrx_word' id='word_1_15' title='bbox 1121 645 1317 715; x_wconf 85' lang='lat' dir='ltr'><strong>Owas</strong></span> <span class='ocrx_word' id='word_1_16' title='bbox 1364 654 1617 734; x_wconf 84' lang='lat' dir='ltr'><strong>vocata,</strong></span> <span class='ocrx_word' id='word_1_17' title='bbox 1673 655 1806 714; x_wconf 91' lang='lat' dir='ltr'><strong>tam</strong></span> <span class='ocrx_word' id='word_1_18' title='bbox 1856 649 2040 734; x_wconf 91' lang='lat' dir='ltr'><strong>porci</strong></span> <span class='ocrx_word' id='word_1_19' title='bbox 2093 648 2251 716; x_wconf 83' lang='lat' dir='ltr'><strong>dicti</strong></span> <span class='ocrx_word' id='word_1_20' title='bbox 2313 651 2582 718; x_wconf 85' lang='lat' dir='ltr'><strong>Comitis</strong></span> 
     </span>
     <span class='ocr_line' id='line_1_5' title="bbox 310 755 2581 847; baseline 0.002 -24"><span class='ocrx_word' id='word_1_21' title='bbox 310 755 620 823; x_wconf 89' lang='lat' dir='ltr'><strong>Perchini</strong></span> <span class='ocrx_word' id='word_1_22' title='bbox 655 765 722 825; x_wconf 90' lang='lat' dir='ltr'><strong>et</strong></span> <span class='ocrx_word' id='word_1_23' title='bbox 752 757 974 824; x_wconf 85' lang='lat' dir='ltr'><strong>fratris</strong></span> <span class='ocrx_word' id='word_1_24' title='bbox 1007 757 1111 823; x_wconf 89' lang='lat' dir='ltr'><strong>sui</strong></span> <span class='ocrx_word' id='word_1_25' title='bbox 1126 808 1146 844; x_wconf 90' lang='lat'><strong>,</strong></span> <span class='ocrx_word' id='word_1_26' title='bbox 1200 775 1394 840; x_wconf 89' lang='lat' dir='ltr'><strong>quam</strong></span> <span class='ocrx_word' id='word_1_27' title='bbox 1428 757 1633 822; x_wconf 89' lang='lat' dir='ltr'><strong>eciam</strong></span> <span class='ocrx_word' id='word_1_28' title='bbox 1673 757 2062 842; x_wconf 90' lang='lat' dir='ltr'><strong>populorum</strong></span> <span class='ocrx_word' id='word_1_29' title='bbox 2095 777 2356 826; x_wconf 88' lang='lat' dir='ltr'><strong>suorum</strong></span> <span class='ocrx_word' id='word_1_30' title='bbox 2388 781 2581 847; x_wconf 85' lang='lat' dir='ltr'><strong>super</strong></span> 
     </span>
     <span class='ocr_line' id='line_1_6' title="bbox 312 862 2587 954; baseline 0.002 -25"><span class='ocrx_word' id='word_1_31' title='bbox 312 864 510 932; x_wconf 89' lang='lat' dir='ltr'><strong>dictis</strong></span> <span class='ocrx_word' id='word_1_32' title='bbox 559 865 750 933; x_wconf 88' lang='lat' dir='ltr'><strong>terris</strong></span> <span class='ocrx_word' id='word_1_33' title='bbox 783 862 1323 931; x_wconf 88' lang='lat' dir='ltr'><strong>commorancium</strong></span> <span class='ocrx_word' id='word_1_34' title='bbox 1373 863 1514 930; x_wconf 88' lang='lat' dir='ltr'><strong>sine</strong></span> <span class='ocrx_word' id='word_1_35' title='bbox 1554 864 1782 947; x_wconf 88' lang='lat' dir='ltr'><strong>aliqua</strong></span> <span class='ocrx_word' id='word_1_36' title='bbox 1837 863 2185 931; x_wconf 81' lang='lat' dir='ltr'>exaccione</span> <span class='ocrx_word' id='word_1_37' title='bbox 2217 866 2442 933; x_wconf 89' lang='lat' dir='ltr'><strong>tributi</strong></span> <span class='ocrx_word' id='word_1_38' title='bbox 2478 889 2587 954; x_wconf 89' lang='lat' dir='ltr'><strong>pa·</strong></span> 
     </span>
     <span class='ocr_line' id='line_1_7' title="bbox 311 963 2580 1060; baseline 0.001 -20"><span class='ocrx_word' id='word_1_39' title='bbox 311 980 595 1059; x_wconf 86' lang='lat' dir='ltr'><strong>scantur,</strong></span> <span class='ocrx_word' id='word_1_40' title='bbox 645 980 710 1040; x_wconf 85' lang='lat' dir='ltr'><strong>et</strong></span> <span class='ocrx_word' id='word_1_41' title='bbox 760 972 942 1057; x_wconf 86' lang='lat' dir='ltr'><strong>ligna</strong></span> <span class='ocrx_word' id='word_1_42' title='bbox 989 980 1126 1039; x_wconf 91' lang='lat' dir='ltr'><strong>tam</strong></span> <span class='ocrx_word' id='word_1_43' title='bbox 1156 963 1278 1058; x_wconf 58' lang='lat' dir='ltr'><strong>pro&#39;</strong></span> <span class='ocrx_word' id='word_1_44' title='bbox 1306 970 1625 1057; x_wconf 76' lang='lat' dir='ltr'><strong>hedificIJs</strong></span> <span class='ocrx_word' id='word_1_45' title='bbox 1678 970 2036 1056; x_wconf 89' lang='lat' dir='ltr'><strong>domorum,</strong></span> <span class='ocrx_word' id='word_1_46' title='bbox 2084 993 2280 1056; x_wconf 86' lang='lat' dir='ltr'><strong>quam</strong></span> <span class='ocrx_word' id='word_1_47' title='bbox 2312 997 2428 1060; x_wconf 87' lang='lat' dir='ltr'><strong>pro</strong></span> <span class='ocrx_word' id='word_1_48' title='bbox 2462 998 2580 1042; x_wconf 80' lang='lat' dir='ltr'><strong>vsu</strong></span> 
     </span>
     <span class='ocr_line' id='line_1_8' title="bbox 312 1079 2584 1168; baseline 0 -20"><span class='ocrx_word' id='word_1_49' title='bbox 312 1082 673 1168; x_wconf 83' lang='lat' dir='ltr'><strong>recipiant,</strong></span> <span class='ocrx_word' id='word_1_50' title='bbox 723 1079 1261 1160; x_wconf 78' lang='lat' dir='ltr'><strong>contradiccione</strong></span> <span class='ocrx_word' id='word_1_51' title='bbox 1297 1080 1586 1164; x_wconf 88' lang='lat' dir='ltr'><strong>qualibet</strong></span> <span class='ocrx_word' id='word_1_52' title='bbox 1637 1100 1766 1145; x_wconf 92' lang='lat' dir='ltr'><strong>non</strong></span> <span class='ocrx_word' id='word_1_53' title='bbox 1819 1081 2137 1148; x_wconf 86' lang='lat' dir='ltr'><strong>obstante.</strong></span> <span class='ocrx_word' id='word_1_54' title='bbox 2195 1080 2361 1146; x_wconf 90' lang='lat' dir='ltr'><strong>Item</strong></span> <span class='ocrx_word' id='word_1_55' title='bbox 2412 1088 2584 1150; x_wconf 86' lang='lat' dir='ltr'><strong>tenc-</strong></span> 
     </span>
     <span class='ocr_line' id='line_1_9' title="bbox 315 1187 2580 1273; baseline 0 -17"><span class='ocrx_word' id='word_1_56' title='bbox 315 1192 559 1257; x_wconf 86' lang='lat' dir='ltr'><strong>buntur</strong></span> <span class='ocrx_word' id='word_1_57' title='bbox 612 1188 801 1256; x_wconf 90' lang='lat' dir='ltr'><strong>nobis</strong></span> <span class='ocrx_word' id='word_1_58' title='bbox 857 1190 924 1254; x_wconf 91' lang='lat' dir='ltr'><strong>in</strong></span> <span class='ocrx_word' id='word_1_59' title='bbox 957 1189 1346 1269; x_wconf 87' lang='lat' dir='ltr'><strong>desseensu,</strong></span> <span class='ocrx_word' id='word_1_60' title='bbox 1397 1194 1587 1272; x_wconf 90' lang='lat' dir='ltr'><strong>prout</strong></span> <span class='ocrx_word' id='word_1_61' title='bbox 1638 1187 1705 1253; x_wconf 92' lang='lat' dir='ltr'><strong>in</strong></span> <span class='ocrx_word' id='word_1_62' title='bbox 1739 1187 1891 1273; x_wconf 76' lang='lat' dir='ltr'><strong>alijs</strong></span> <span class='ocrx_word' id='word_1_63' title='bbox 1923 1187 2153 1255; x_wconf 88' lang='lat' dir='ltr'><strong>litteris</strong></span> <span class='ocrx_word' id='word_1_64' title='bbox 2191 1191 2424 1257; x_wconf 87' lang='lat' dir='ltr'><strong>nostris</strong></span> <span class='ocrx_word' id='word_1_65' title='bbox 2459 1193 2580 1258; x_wconf 87' lang='lat' dir='ltr'><strong>eis·</strong></span> 
     </span>
     <span class='ocr_line' id='line_1_10' title="bbox 315 1285 2579 1384; baseline 0 -20"><span class='ocrx_word' id='word_1_66' title='bbox 315 1299 465 1364; x_wconf 88' lang='lat' dir='ltr'><strong>dem</strong></span> <span class='ocrx_word' id='word_1_67' title='bbox 521 1299 845 1365; x_wconf 79' lang='lat' dir='ltr'><strong>concessis</strong></span> <span class='ocrx_word' id='word_1_68' title='bbox 897 1297 1279 1364; x_wconf 81' lang='lat' dir='ltr'><strong>continetur.</strong></span> <span class='ocrx_word' id='word_1_69' title='bbox 1331 1295 1567 1362; x_wconf 90' lang='lat' dir='ltr'><strong>Omnia</strong></span> <span class='ocrx_word' id='word_1_70' title='bbox 1614 1297 1833 1363; x_wconf 76' lang='lat' dir='ltr'><strong>autem</strong></span> <span class='ocrx_word' id='word_1_71' title='bbox 1886 1298 2034 1364; x_wconf 87' lang='lat' dir='ltr'><strong>iura</strong></span> <span class='ocrx_word' id='word_1_72' title='bbox 2068 1285 2579 1384; x_wconf 79' lang='lat' dir='ltr'><strong>terrarum&#39;ipsa-</strong></span> 
     </span>
     <span class='ocr_line' id='line_1_11' title="bbox 318 1404 2581 1492; baseline -0 -19"><span class='ocrx_word' id='word_1_73' title='bbox 318 1428 458 1473; x_wconf 88' lang='lat' dir='ltr'><strong>rum</strong></span> <span class='ocrx_word' id='word_1_74' title='bbox 493 1413 629 1473; x_wconf 90' lang='lat' dir='ltr'><strong>tam</strong></span> <span class='ocrx_word' id='word_1_75' title='bbox 651 1405 1138 1492; x_wconf 53' lang='lat' dir='ltr'><strong>inimarturinis,</strong></span> <span class='ocrx_word' id='word_1_76' title='bbox 1162 1425 1357 1490; x_wconf 87' lang='lat' dir='ltr'><strong>quam</strong></span> <span class='ocrx_word' id='word_1_77' title='bbox 1390 1406 1457 1471; x_wconf 93' lang='lat' dir='ltr'><strong>in</strong></span> <span class='ocrx_word' id='word_1_78' title='bbox 1490 1404 1645 1489; x_wconf 90' lang='lat' dir='ltr'><strong>alijs</strong></span> <span class='ocrx_word' id='word_1_79' title='bbox 1681 1404 2139 1472; x_wconf 83' lang='lat' dir='ltr'><strong>exaccionibus</strong></span> <span class='ocrx_word' id='word_1_80' title='bbox 2170 1413 2232 1471; x_wconf 82' lang='lat' dir='ltr'><strong>ct</strong></span> <span class='ocrx_word' id='word_1_81' title='bbox 2267 1408 2581 1491; x_wconf 71' lang='lat' dir='ltr'><strong>collectiS,</strong></span> 
     </span>
     <span class='ocr_line' id='line_1_12' title="bbox 314 1514 2577 1600; baseline 0 -19"><span class='ocrx_word' id='word_1_82' title='bbox 314 1536 436 1599; x_wconf 90' lang='lat' dir='ltr'><strong>que</strong></span> <span class='ocrx_word' id='word_1_83' title='bbox 490 1536 607 1599; x_wconf 88' lang='lat' dir='ltr'><strong>per</strong></span> <span class='ocrx_word' id='word_1_84' title='bbox 656 1522 892 1582; x_wconf 86' lang='lat' dir='ltr'><strong>terram</strong></span> <span class='ocrx_word' id='word_1_85' title='bbox 922 1514 1168 1581; x_wconf 89' lang='lat' dir='ltr'><strong>Domus</strong></span> <span class='ocrx_word' id='word_1_86' title='bbox 1221 1519 1440 1581; x_wconf 87' lang='lat' dir='ltr'><strong>nostre</strong></span> <span class='ocrx_word' id='word_1_87' title='bbox 1493 1534 1752 1580; x_wconf 88' lang='lat' dir='ltr'><strong>currere</strong></span> <span class='ocrx_word' id='word_1_88' title='bbox 1806 1521 2296 1600; x_wconf 87' lang='lat' dir='ltr'><strong>consueuerunt,</strong></span> <span class='ocrx_word' id='word_1_89' title='bbox 2345 1515 2577 1582; x_wconf 87' lang='lat' dir='ltr'><strong>Comes</strong></span> 
     </span>
     <span class='ocr_line' id='line_1_13' title="bbox 313 1620 2586 1709; baseline 0.001 -21"><span class='ocrx_word' id='word_1_90' title='bbox 313 1625 690 1708; x_wconf 81' lang='lat' dir='ltr'><strong>Perchynus</strong></span> <span class='ocrx_word' id='word_1_91' title='bbox 742 1629 806 1688; x_wconf 90' lang='lat' dir='ltr'><strong>et</strong></span> <span class='ocrx_word' id='word_1_92' title='bbox 856 1623 1060 1689; x_wconf 84' lang='lat' dir='ltr'><strong>frater</strong></span> <span class='ocrx_word' id='word_1_93' title='bbox 1109 1642 1283 1709; x_wconf 73' lang='lat' dir='ltr'><strong>suuS,</strong></span> <span class='ocrx_word' id='word_1_94' title='bbox 1332 1641 1408 1688; x_wconf 91' lang='lat' dir='ltr'><strong>ac</strong></span> <span class='ocrx_word' id='word_1_95' title='bbox 1457 1641 1680 1688; x_wconf 89' lang='lat' dir='ltr'><strong>eorum</strong></span> <span class='ocrx_word' id='word_1_96' title='bbox 1732 1620 2001 1689; x_wconf 88' lang='lat' dir='ltr'><strong>heredes</strong></span> <span class='ocrx_word' id='word_1_97' title='bbox 2054 1622 2467 1707; x_wconf 79' lang='lat' dir='ltr'><strong>obtinebunt3</strong></span> <span class='ocrx_word' id='word_1_98' title='bbox 2524 1631 2586 1690; x_wconf 80' lang='lat' dir='ltr'><strong>ct</strong></span> 
     </span>
     <span class='ocr_line' id='line_1_14' title="bbox 314 1729 2583 1817; baseline -0.001 -18"><span class='ocrx_word' id='word_1_99' title='bbox 314 1733 666 1799; x_wconf 82' lang='lat' dir='ltr'><strong>collectam</strong></span> <span class='ocrx_word' id='word_1_100' title='bbox 715 1730 1026 1817; x_wconf 82' lang='lat' dir='ltr'><strong>Regiam,</strong></span> <span class='ocrx_word' id='word_1_101' title='bbox 1090 1751 1285 1814; x_wconf 86' lang='lat' dir='ltr'><strong>quam</strong></span> <span class='ocrx_word' id='word_1_102' title='bbox 1334 1729 1402 1796; x_wconf 91' lang='lat' dir='ltr'><strong>in</strong></span> <span class='ocrx_word' id='word_1_103' title='bbox 1455 1732 1680 1814; x_wconf 84' lang='lat' dir='ltr'><strong>Regno</strong></span> <span class='ocrx_word' id='word_1_104' title='bbox 1731 1731 1870 1795; x_wconf 88' lang='lat' dir='ltr'><strong>fieri</strong></span> <span class='ocrx_word' id='word_1_105' title='bbox 1923 1730 2304 1814; x_wconf 84' lang='lat' dir='ltr'><strong>contigerit,</strong></span> <span class='ocrx_word' id='word_1_106' title='bbox 2354 1753 2471 1797; x_wconf 91' lang='lat' dir='ltr'><strong>nos</strong></span> <span class='ocrx_word' id='word_1_107' title='bbox 2522 1740 2583 1797; x_wconf 92' lang='lat' dir='ltr'><strong>et</strong></span> 
     </span>
     <span class='ocr_line' id='line_1_15' title="bbox 317 1838 2579 1925; baseline -0 -19"><span class='ocrx_word' id='word_1_108' title='bbox 317 1842 561 1907; x_wconf 81' lang='lat' dir='ltr'><strong>fratres</strong></span> <span class='ocrx_word' id='word_1_109' title='bbox 613 1839 818 1905; x_wconf 84' lang='lat' dir='ltr'><strong>nostri</strong></span> <span class='ocrx_word' id='word_1_110' title='bbox 871 1841 989 1905; x_wconf 92' lang='lat' dir='ltr'><strong>sub</strong></span> <span class='ocrx_word' id='word_1_111' title='bbox 1022 1839 1402 1906; x_wconf 89' lang='lat' dir='ltr'><strong>condicione</strong></span> <span class='ocrx_word' id='word_1_112' title='bbox 1451 1838 1774 1906; x_wconf 85' lang='lat' dir='ltr'><strong>libertatis</strong></span> <span class='ocrx_word' id='word_1_113' title='bbox 1806 1841 2049 1904; x_wconf 86' lang='lat' dir='ltr'><strong>Domus</strong></span> <span class='ocrx_word' id='word_1_114' title='bbox 2089 1847 2330 1925; x_wconf 88' lang='lat' dir='ltr'><strong>nostre,</strong></span> <span class='ocrx_word' id='word_1_115' title='bbox 2386 1863 2579 1923; x_wconf 88' lang='lat' dir='ltr'><strong>quam</strong></span> 
     </span>
     <span class='ocr_line' id='line_1_16' title="bbox 316 1946 2584 2034; baseline -0 -20"><span class='ocrx_word' id='word_1_116' title='bbox 316 1970 392 2014; x_wconf 86' lang='lat' dir='ltr'><strong>ex</strong></span> <span class='ocrx_word' id='word_1_117' title='bbox 427 1948 659 2032; x_wconf 82' lang='lat' dir='ltr'><strong>gracia</strong></span> <span class='ocrx_word' id='word_1_118' title='bbox 690 1946 897 2030; x_wconf 84' lang='lat' dir='ltr'><strong>Regia</strong></span> <span class='ocrx_word' id='word_1_119' title='bbox 946 1948 1361 2034; x_wconf 85' lang='lat' dir='ltr'><strong>obtinuimus,</strong></span> <span class='ocrx_word' id='word_1_120' title='bbox 1415 1948 1523 2013; x_wconf 88' lang='lat' dir='ltr'><strong>uel</strong></span> <span class='ocrx_word' id='word_1_121' title='bbox 1557 1947 1623 2011; x_wconf 92' lang='lat' dir='ltr'><strong>in</strong></span> <span class='ocrx_word' id='word_1_122' title='bbox 1678 1947 1959 2014; x_wconf 86' lang='lat' dir='ltr'><strong>futurum</strong></span> <span class='ocrx_word' id='word_1_123' title='bbox 2014 1949 2303 2015; x_wconf 87' lang='lat' dir='ltr'><strong>obtinere</strong></span> <span class='ocrx_word' id='word_1_124' title='bbox 2352 1950 2584 2033; x_wconf 88' lang='lat' dir='ltr'><strong>poteri-</strong></span> 
     </span>
     <span class='ocr_line' id='line_1_17' title="bbox 317 2055 2582 2141; baseline 0 -20"><span class='ocrx_word' id='word_1_125' title='bbox 317 2078 479 2141; x_wconf 78' lang='lat' dir='ltr'><strong>muS,</strong></span> <span class='ocrx_word' id='word_1_126' title='bbox 530 2055 655 2140; x_wconf 90' lang='lat' dir='ltr'><strong>ipsi</strong></span> <span class='ocrx_word' id='word_1_127' title='bbox 691 2055 919 2120; x_wconf 88' lang='lat' dir='ltr'><strong>Comiti</strong></span> <span class='ocrx_word' id='word_1_128' title='bbox 950 2055 1269 2122; x_wconf 88' lang='lat' dir='ltr'><strong>Perchino</strong></span> <span class='ocrx_word' id='word_1_129' title='bbox 1325 2063 1389 2121; x_wconf 91' lang='lat' dir='ltr'><strong>et</strong></span> <span class='ocrx_word' id='word_1_130' title='bbox 1423 2055 1608 2121; x_wconf 85' lang='lat' dir='ltr'><strong>fratri</strong></span> <span class='ocrx_word' id='word_1_131' title='bbox 1649 2076 1783 2137; x_wconf 89' lang='lat' dir='ltr'><strong>su0,</strong></span> <span class='ocrx_word' id='word_1_132' title='bbox 1836 2076 1914 2121; x_wconf 86' lang='lat' dir='ltr'><strong>ac</strong></span> <span class='ocrx_word' id='word_1_133' title='bbox 1968 2077 2185 2122; x_wconf 89' lang='lat' dir='ltr'><strong>eorum</strong></span> <span class='ocrx_word' id='word_1_134' title='bbox 2236 2057 2582 2122; x_wconf 78' lang='lat' dir='ltr'><strong>heredibus</strong></span> 
     </span>
     <span class='ocr_line' id='line_1_18' title="bbox 317 2163 2582 2248; baseline 0.001 -19"><span class='ocrx_word' id='word_1_135' title='bbox 317 2164 736 2231; x_wconf 80' lang='lat' dir='ltr'><strong>contulimus,</strong></span> <span class='ocrx_word' id='word_1_136' title='bbox 783 2163 1114 2230; x_wconf 88' lang='lat' dir='ltr'><strong>Adicimus</strong></span> <span class='ocrx_word' id='word_1_137' title='bbox 1148 2163 1371 2247; x_wconf 84' lang='lat' dir='ltr'><strong>eciam,</strong></span> <span class='ocrx_word' id='word_1_138' title='bbox 1435 2163 1607 2246; x_wconf 87' lang='lat' dir='ltr'><strong>quod</strong></span> <span class='ocrx_word' id='word_1_139' title='bbox 1642 2163 1799 2228; x_wconf 85' lang='lat' dir='ltr'><strong>dieti</strong></span> <span class='ocrx_word' id='word_1_140' title='bbox 1833 2163 2058 2248; x_wconf 90' lang='lat' dir='ltr'><strong>populi</strong></span> <span class='ocrx_word' id='word_1_141' title='bbox 2092 2165 2334 2231; x_wconf 86' lang='lat' dir='ltr'><strong>Domus</strong></span> <span class='ocrx_word' id='word_1_142' title='bbox 2367 2176 2582 2233; x_wconf 84' lang='lat' dir='ltr'><strong>nostre</strong></span> 
     </span>
     <span class='ocr_line' id='line_1_19' title="bbox 318 2269 2585 2357; baseline 0.002 -21"><span class='ocrx_word' id='word_1_143' title='bbox 318 2292 430 2337; x_wconf 91' lang='lat' dir='ltr'><strong>nec</strong></span> <span class='ocrx_word' id='word_1_144' title='bbox 488 2269 735 2339; x_wconf 87' lang='lat' dir='ltr'><strong>iudicio</strong></span> <span class='ocrx_word' id='word_1_145' title='bbox 768 2271 1193 2357; x_wconf 85' lang='lat' dir='ltr'><strong>Preceptoris,</strong></span> <span class='ocrx_word' id='word_1_146' title='bbox 1243 2291 1362 2337; x_wconf 90' lang='lat' dir='ltr'><strong>nec</strong></span> <span class='ocrx_word' id='word_1_147' title='bbox 1413 2272 1691 2338; x_wconf 90' lang='lat' dir='ltr'><strong>alicuius</strong></span> <span class='ocrx_word' id='word_1_148' title='bbox 1726 2271 2044 2339; x_wconf 85' lang='lat' dir='ltr'><strong>Officialis</strong></span> <span class='ocrx_word' id='word_1_149' title='bbox 2082 2273 2326 2341; x_wconf 90' lang='lat' dir='ltr'><strong>Domus</strong></span> <span class='ocrx_word' id='word_1_150' title='bbox 2370 2286 2585 2342; x_wconf 77' lang='lat' dir='ltr'><strong>nostro</strong></span> 
     </span>
     <span class='ocr_line' id='line_1_20' title="bbox 322 2378 2579 2464; baseline 0.002 -18"><span class='ocrx_word' id='word_1_151' title='bbox 322 2388 544 2446; x_wconf 81' lang='lat' dir='ltr'><strong>astare</strong></span> <span class='ocrx_word' id='word_1_152' title='bbox 597 2380 892 2464; x_wconf 87' lang='lat' dir='ltr'><strong>debeant,</strong></span> <span class='ocrx_word' id='word_1_153' title='bbox 944 2381 1062 2446; x_wconf 87' lang='lat' dir='ltr'><strong>sed</strong></span> <span class='ocrx_word' id='word_1_154' title='bbox 1112 2378 1371 2446; x_wconf 88' lang='lat' dir='ltr'><strong>eosdem</strong></span> <span class='ocrx_word' id='word_1_155' title='bbox 1407 2380 1636 2447; x_wconf 85' lang='lat' dir='ltr'><strong>Comes</strong></span> <span class='ocrx_word' id='word_1_156' title='bbox 1668 2381 2025 2447; x_wconf 86' lang='lat' dir='ltr'><strong>Percbinus</strong></span> <span class='ocrx_word' id='word_1_157' title='bbox 2077 2388 2138 2445; x_wconf 87' lang='lat' dir='ltr'><strong>ct</strong></span> <span class='ocrx_word' id='word_1_158' title='bbox 2192 2383 2392 2448; x_wconf 83' lang='lat' dir='ltr'><strong>frater</strong></span> <span class='ocrx_word' id='word_1_159' title='bbox 2424 2404 2579 2450; x_wconf 77' lang='lat' dir='ltr'><strong>suus</strong></span> 
     </span>
     <span class='ocr_line' id='line_1_21' title="bbox 322 2487 2577 2571; baseline 0.001 -18"><span class='ocrx_word' id='word_1_160' title='bbox 322 2490 384 2553; x_wconf 92' lang='lat' dir='ltr'><strong>in</strong></span> <span class='ocrx_word' id='word_1_161' title='bbox 419 2489 640 2556; x_wconf 89' lang='lat' dir='ltr'><strong>causis</strong></span> <span class='ocrx_word' id='word_1_162' title='bbox 674 2488 971 2556; x_wconf 87' lang='lat' dir='ltr'><strong>omnibus</strong></span> <span class='ocrx_word' id='word_1_163' title='bbox 1005 2487 1355 2569; x_wconf 84' lang='lat' dir='ltr'><strong>iudicabit3</strong></span> <span class='ocrx_word' id='word_1_164' title='bbox 1407 2497 1470 2553; x_wconf 88' lang='lat' dir='ltr'><strong>et</strong></span> <span class='ocrx_word' id='word_1_165' title='bbox 1505 2487 1558 2554; x_wconf 88' lang='lat' dir='ltr'><strong>si</strong></span> <span class='ocrx_word' id='word_1_166' title='bbox 1613 2488 1813 2571; x_wconf 86' lang='lat' dir='ltr'><strong>ijdem</strong></span> <span class='ocrx_word' id='word_1_167' title='bbox 1868 2489 2127 2556; x_wconf 88' lang='lat' dir='ltr'><strong>cuilibet</strong></span> <span class='ocrx_word' id='word_1_168' title='bbox 2178 2491 2360 2555; x_wconf 81' lang='lat' dir='ltr'><strong>iuxta</strong></span> <span class='ocrx_word' id='word_1_169' title='bbox 2393 2512 2577 2556; x_wconf 86' lang='lat' dir='ltr'><strong>suum</strong></span> 
     </span>
     <span class='ocr_line' id='line_1_22' title="bbox 319 2596 2582 2683; baseline 0 -19"><span class='ocrx_word' id='word_1_170' title='bbox 319 2600 618 2666; x_wconf 85' lang='lat' dir='ltr'><strong>meritum</strong></span> <span class='ocrx_word' id='word_1_171' title='bbox 668 2597 827 2665; x_wconf 88' lang='lat' dir='ltr'><strong>satis</strong></span> <span class='ocrx_word' id='word_1_172' title='bbox 882 2619 1010 2664; x_wconf 93' lang='lat' dir='ltr'><strong>non</strong></span> <span class='ocrx_word' id='word_1_173' title='bbox 1045 2596 1601 2682; x_wconf 85' lang='lat' dir='ltr'><strong>fece1·int,·eoram</strong></span> <span class='ocrx_word' id='word_1_174' title='bbox 1653 2596 1837 2663; x_wconf 88' lang='lat' dir='ltr'><strong>nobis</strong></span> <span class='ocrx_word' id='word_1_175' title='bbox 1889 2599 2309 2683; x_wconf 87' lang='lat' dir='ltr'><strong>solummod0‚</strong></span> <span class='ocrx_word' id='word_1_176' title='bbox 2358 2605 2421 2665; x_wconf 84' lang='lat' dir='ltr'><strong>et</strong></span> <span class='ocrx_word' id='word_1_177' title='bbox 2453 2621 2582 2665; x_wconf 83' lang='lat' dir='ltr'><strong>non</strong></span> 
     </span>
     <span class='ocr_line' id='line_1_23' title="bbox 321 2705 2582 2792; baseline 0 -20"><span class='ocrx_word' id='word_1_178' title='bbox 321 2709 545 2790; x_wconf 87' lang='lat' dir='ltr'><strong>aliquo</strong></span> <span class='ocrx_word' id='word_1_179' title='bbox 582 2709 1037 2791; x_wconf 85' lang='lat' dir='ltr'><strong>Preceptorum</strong></span> <span class='ocrx_word' id='word_1_180' title='bbox 1089 2705 1483 2791; x_wconf 87' lang='lat' dir='ltr'><strong>respondere</strong></span> <span class='ocrx_word' id='word_1_181' title='bbox 1524 2706 1955 2791; x_wconf 83' lang='lat' dir='ltr'><strong>personaliter</strong></span> <span class='ocrx_word' id='word_1_182' title='bbox 1986 2708 2403 2792; x_wconf 79' lang='lat' dir='ltr'><strong>tenebuntur3</strong></span> <span class='ocrx_word' id='word_1_183' title='bbox 2446 2730 2582 2792; x_wconf 87' lang='lat' dir='ltr'><strong>prc-</strong></span> 
     </span>
     <span class='ocr_line' id='line_1_24' title="bbox 319 2813 2581 2899; baseline 0 -20"><span class='ocrx_word' id='word_1_184' title='bbox 319 2822 411 2881; x_wconf 84' lang='lat' dir='ltr'><strong>ter</strong></span> <span class='ocrx_word' id='word_1_185' title='bbox 462 2835 700 2882; x_wconf 85' lang='lat' dir='ltr'><strong>causas</strong></span> <span class='ocrx_word' id='word_1_186' title='bbox 751 2813 1100 2898; x_wconf 87' lang='lat' dir='ltr'><strong>homicidij,</strong></span> <span class='ocrx_word' id='word_1_187' title='bbox 1149 2834 1312 2896; x_wconf 89' lang='lat' dir='ltr'><strong>quas</strong></span> <span class='ocrx_word' id='word_1_188' title='bbox 1364 2815 1713 2899; x_wconf 84' lang='lat' dir='ltr'><strong>Preceptor</strong></span> <span class='ocrx_word' id='word_1_189' title='bbox 1762 2813 1844 2878; x_wconf 88' lang='lat' dir='ltr'><strong>de</strong></span> <span class='ocrx_word' id='word_1_190' title='bbox 1896 2814 2201 2899; x_wconf 87' lang='lat' dir='ltr'><strong>Chychan</strong></span> <span class='ocrx_word' id='word_1_191' title='bbox 2256 2836 2386 2880; x_wconf 82' lang='lat' dir='ltr'><strong>vna</strong></span> <span class='ocrx_word' id='word_1_192' title='bbox 2437 2836 2581 2880; x_wconf 90' lang='lat' dir='ltr'><strong>cum</strong></span> 
     </span>
     <span class='ocr_line' id='line_1_25' title="bbox 322 2922 2577 3008; baseline -0.001 -18"><span class='ocrx_word' id='word_1_193' title='bbox 322 2924 572 2990; x_wconf 84' lang='lat' dir='ltr'><strong>Comite</strong></span> <span class='ocrx_word' id='word_1_194' title='bbox 624 2922 941 2990; x_wconf 90' lang='lat' dir='ltr'><strong>Perchino</strong></span> <span class='ocrx_word' id='word_1_195' title='bbox 992 2924 1101 2990; x_wconf 85' lang='lat' dir='ltr'><strong>uel</strong></span> <span class='ocrx_word' id='word_1_196' title='bbox 1152 2923 1348 2990; x_wconf 86' lang='lat' dir='ltr'><strong>fratre</strong></span> <span class='ocrx_word' id='word_1_197' title='bbox 1414 2944 1530 2990; x_wconf 89' lang='lat' dir='ltr'><strong>suo</strong></span> <span class='ocrx_word' id='word_1_198' title='bbox 1595 2924 1945 3008; x_wconf 85' lang='lat' dir='ltr'><strong>iudicabit,</strong></span> <span class='ocrx_word' id='word_1_199' title='bbox 2014 2930 2077 2989; x_wconf 89' lang='lat' dir='ltr'><strong>ct</strong></span> <span class='ocrx_word' id='word_1_200' title='bbox 2139 2922 2301 2989; x_wconf 87' lang='lat' dir='ltr'><strong>duas</strong></span> <span class='ocrx_word' id='word_1_201' title='bbox 2356 2930 2577 3008; x_wconf 85' lang='lat' dir='ltr'><strong>partes</strong></span> 
     </span>
     <span class='ocr_line' id='line_1_26' title="bbox 318 3030 2579 3114; baseline 0 -17"><span class='ocrx_word' id='word_1_202' title='bbox 318 3031 728 3112; x_wconf 85' lang='lat' dir='ltr'><strong>iudiciorum,</strong></span> <span class='ocrx_word' id='word_1_203' title='bbox 778 3031 843 3096; x_wconf 92' lang='lat' dir='ltr'><strong>in</strong></span> <span class='ocrx_word' id='word_1_204' title='bbox 879 3033 1111 3114; x_wconf 87' lang='lat' dir='ltr'><strong>quibus</strong></span> <span class='ocrx_word' id='word_1_205' title='bbox 1144 3051 1293 3098; x_wconf 88' lang='lat' dir='ltr'><strong>reus</strong></span> <span class='ocrx_word' id='word_1_206' title='bbox 1346 3030 1454 3098; x_wconf 84' lang='lat' dir='ltr'><strong>uel</strong></span> <span class='ocrx_word' id='word_1_207' title='bbox 1485 3036 1833 3097; x_wconf 80' lang='lat' dir='ltr'><strong>contumax</strong></span> <span class='ocrx_word' id='word_1_208' title='bbox 1866 3030 1931 3095; x_wconf 90' lang='lat' dir='ltr'><strong>in</strong></span> <span class='ocrx_word' id='word_1_209' title='bbox 1964 3030 2330 3097; x_wconf 84' lang='lat' dir='ltr'><strong>huiusmodi</strong></span> <span class='ocrx_word' id='word_1_210' title='bbox 2364 3033 2579 3098; x_wconf 85' lang='lat' dir='ltr'><strong>causis</strong></span> 
     </span>
     <span class='ocr_line' id='line_1_27' title="bbox 321 3138 2578 3224; baseline 0 -20"><span class='ocrx_word' id='word_1_211' title='bbox 321 3141 655 3207; x_wconf 87' lang='lat' dir='ltr'><strong>conuictus</strong></span> <span class='ocrx_word' id='word_1_212' title='bbox 708 3138 938 3224; x_wconf 83' lang='lat' dir='ltr'><strong>fuerit,</strong></span> <span class='ocrx_word' id='word_1_213' title='bbox 988 3142 1235 3207; x_wconf 89' lang='lat' dir='ltr'><strong>Domus</strong></span> <span class='ocrx_word' id='word_1_214' title='bbox 1287 3145 1507 3207; x_wconf 82' lang='lat' dir='ltr'><strong>nostra</strong></span> <span class='ocrx_word' id='word_1_215' title='bbox 1559 3139 1910 3224; x_wconf 85' lang='lat' dir='ltr'><strong>percipiet,</strong></span> <span class='ocrx_word' id='word_1_216' title='bbox 1973 3140 2175 3204; x_wconf 85' lang='lat' dir='ltr'><strong>tercia</strong></span> <span class='ocrx_word' id='word_1_217' title='bbox 2225 3160 2379 3205; x_wconf 84' lang='lat' dir='ltr'><strong>vero</strong></span> <span class='ocrx_word' id='word_1_218' title='bbox 2428 3162 2578 3224; x_wconf 72' lang='lat' dir='ltr'><strong>pars</strong></span> 
     </span>
     <span class='ocr_line' id='line_1_28' title="bbox 319 3245 2577 3333; baseline 0 -19"><span class='ocrx_word' id='word_1_219' title='bbox 319 3248 506 3316; x_wconf 87' lang='lat' dir='ltr'><strong>cedet</strong></span> <span class='ocrx_word' id='word_1_220' title='bbox 537 3247 774 3314; x_wconf 88' lang='lat' dir='ltr'><strong>Comiti</strong></span> <span class='ocrx_word' id='word_1_221' title='bbox 805 3248 1124 3315; x_wconf 86' lang='lat' dir='ltr'><strong>Perchino</strong></span> <span class='ocrx_word' id='word_1_222' title='bbox 1178 3256 1240 3315; x_wconf 87' lang='lat' dir='ltr'><strong>et</strong></span> <span class='ocrx_word' id='word_1_223' title='bbox 1275 3247 1462 3313; x_wconf 85' lang='lat' dir='ltr'><strong>fratri</strong></span> <span class='ocrx_word' id='word_1_224' title='bbox 1514 3267 1628 3313; x_wconf 91' lang='lat' dir='ltr'><strong>suo</strong></span> <span class='ocrx_word' id='word_1_225' title='bbox 1670 3246 2071 3333; x_wconf 88' lang='lat' dir='ltr'><strong>supradietis.</strong></span> <span class='ocrx_word' id='word_1_226' title='bbox 2124 3245 2419 3314; x_wconf 86' lang='lat' dir='ltr'><strong>Ceterum</strong></span> <span class='ocrx_word' id='word_1_227' title='bbox 2452 3250 2577 3315; x_wconf 92' lang='lat' dir='ltr'><strong>Do-</strong></span> 
     </span>
     <span class='ocr_line' id='line_1_29' title="bbox 318 3354 2578 3441; baseline -0 -20"><span class='ocrx_word' id='word_1_228' title='bbox 318 3357 451 3422; x_wconf 88' lang='lat' dir='ltr'><strong>mui</strong></span> <span class='ocrx_word' id='word_1_229' title='bbox 483 3362 706 3423; x_wconf 86' lang='lat' dir='ltr'><strong>nostre</strong></span> <span class='ocrx_word' id='word_1_230' title='bbox 759 3364 873 3423; x_wconf 87' lang='lat' dir='ltr'><strong>aut</strong></span> <span class='ocrx_word' id='word_1_231' title='bbox 906 3356 1094 3423; x_wconf 89' lang='lat' dir='ltr'><strong>nobis</strong></span> <span class='ocrx_word' id='word_1_232' title='bbox 1129 3362 1405 3440; x_wconf 86' lang='lat' dir='ltr'><strong>quatuor</strong></span> <span class='ocrx_word' id='word_1_233' title='bbox 1454 3375 1708 3421; x_wconf 88' lang='lat' dir='ltr'><strong>marcas</strong></span> <span class='ocrx_word' id='word_1_234' title='bbox 1758 3354 2097 3420; x_wconf 88' lang='lat' dir='ltr'><strong>annuatim</strong></span> <span class='ocrx_word' id='word_1_235' title='bbox 2130 3355 2390 3421; x_wconf 90' lang='lat' dir='ltr'><strong>nomine</strong></span> <span class='ocrx_word' id='word_1_236' title='bbox 2427 3378 2578 3441; x_wconf 88' lang='lat' dir='ltr'><strong>pcn-</strong></span> 
     </span>
     <span class='ocr_line' id='line_1_30' title="bbox 319 3461 2580 3549; baseline -0.003 -16"><span class='ocrx_word' id='word_1_237' title='bbox 319 3465 528 3533; x_wconf 87' lang='lat' dir='ltr'><strong>sionis</strong></span> <span class='ocrx_word' id='word_1_238' title='bbox 581 3465 651 3530; x_wconf 90' lang='lat' dir='ltr'><strong>in</strong></span> <span class='ocrx_word' id='word_1_239' title='bbox 684 3464 932 3531; x_wconf 88' lang='lat' dir='ltr'><strong>duobus</strong></span> <span class='ocrx_word' id='word_1_240' title='bbox 982 3465 1298 3549; x_wconf 74' lang='lat' dir='ltr'><strong>terminia,</strong></span> <span class='ocrx_word' id='word_1_241' title='bbox 1348 3463 1656 3531; x_wconf 81' lang='lat' dir='ltr'><strong>videlicet</strong></span> <span class='ocrx_word' id='word_1_242' title='bbox 1709 3461 1775 3528; x_wconf 92' lang='lat' dir='ltr'><strong>in</strong></span> <span class='ocrx_word' id='word_1_243' title='bbox 1830 3461 1995 3527; x_wconf 85' lang='lat' dir='ltr'><strong>festo</strong></span> <span class='ocrx_word' id='word_1_244' title='bbox 2031 3464 2253 3528; x_wconf 86' lang='lat' dir='ltr'><strong>Sancti</strong></span> <span class='ocrx_word' id='word_1_245' title='bbox 2292 3464 2580 3548; x_wconf 84' lang='lat' dir='ltr'><strong>Georgij,</strong></span> 
     </span>
     <span class='ocr_line' id='line_1_31' title="bbox 319 3568 2586 3656; baseline -0.001 -17"><span class='ocrx_word' id='word_1_246' title='bbox 319 3574 486 3640; x_wconf 89' lang='lat' dir='ltr'><strong>etin</strong></span> <span class='ocrx_word' id='word_1_247' title='bbox 541 3572 706 3639; x_wconf 84' lang='lat' dir='ltr'><strong>festo</strong></span> <span class='ocrx_word' id='word_1_248' title='bbox 742 3572 931 3640; x_wconf 89' lang='lat' dir='ltr'><strong>Beati</strong></span> <span class='ocrx_word' id='word_1_249' title='bbox 962 3574 1227 3639; x_wconf 86' lang='lat' dir='ltr'><strong>Martini</strong></span> <span class='ocrx_word' id='word_1_250' title='bbox 1263 3592 1403 3638; x_wconf 91' lang='lat' dir='ltr'><strong>cum</strong></span> <span class='ocrx_word' id='word_1_251' title='bbox 1454 3572 1737 3656; x_wconf 84' lang='lat' dir='ltr'><strong>quinque</strong></span> <span class='ocrx_word' id='word_1_252' title='bbox 1789 3570 2010 3654; x_wconf 86' lang='lat' dir='ltr'><strong>pensis</strong></span> <span class='ocrx_word' id='word_1_253' title='bbox 2031 3568 2435 3637; x_wconf 86' lang='lat' dir='ltr'><strong>denariorum</strong></span> <span class='ocrx_word' id='word_1_254' title='bbox 2470 3572 2586 3636; x_wconf 86' lang='lat' dir='ltr'><strong>Za·</strong></span> 
     </span>
     <span class='ocr_line' id='line_1_32' title="bbox 318 3680 2574 3766; baseline -0.004 -17"><span class='ocrx_word' id='word_1_255' title='bbox 318 3680 766 3764; x_wconf 80' lang='lat' dir='ltr'><strong>grabiensium</strong></span> <span class='ocrx_word' id='word_1_256' title='bbox 807 3701 924 3766; x_wconf 91' lang='lat' dir='ltr'><strong>pro</strong></span> <span class='ocrx_word' id='word_1_257' title='bbox 957 3701 1179 3747; x_wconf 88' lang='lat' dir='ltr'><strong>marca</strong></span> <span class='ocrx_word' id='word_1_258' title='bbox 1225 3682 1478 3748; x_wconf 89' lang='lat' dir='ltr'><strong>soluere</strong></span> <span class='ocrx_word' id='word_1_259' title='bbox 1520 3683 1933 3747; x_wconf 81' lang='lat' dir='ltr'><strong>tenebuntur.</strong></span> <span class='ocrx_word' id='word_1_260' title='bbox 1988 3680 2333 3764; x_wconf 85' lang='lat' dir='ltr'><strong>Preceptor</strong></span> <span class='ocrx_word' id='word_1_261' title='bbox 2366 3686 2574 3744; x_wconf 79' lang='lat' dir='ltr'><strong>autom</strong></span> 
     </span>
     <span class='ocr_line' id='line_1_33' title="bbox 317 3786 2579 3876; baseline -0.002 -21"><span class='ocrx_word' id='word_1_262' title='bbox 317 3793 570 3856; x_wconf 88' lang='lat' dir='ltr'><strong>Domus</strong></span> <span class='ocrx_word' id='word_1_263' title='bbox 602 3794 837 3872; x_wconf 86' lang='lat' dir='ltr'><strong>nostre,</strong></span> <span class='ocrx_word' id='word_1_264' title='bbox 868 3797 1142 3876; x_wconf 80' lang='lat' dir='ltr'><strong>excepta</strong></span> <span class='ocrx_word' id='word_1_265' title='bbox 1174 3789 1504 3857; x_wconf 82' lang='lat' dir='ltr'><strong>solucione</strong></span> <span class='ocrx_word' id='word_1_266' title='bbox 1536 3788 1933 3875; x_wconf 82' lang='lat' dir='ltr'><strong>supradicta,</strong></span> <span class='ocrx_word' id='word_1_267' title='bbox 1969 3807 2162 3873; x_wconf 83' lang='lat' dir='ltr'><strong>super</strong></span> <span class='ocrx_word' id='word_1_268' title='bbox 2196 3787 2359 3870; x_wconf 87' lang='lat' dir='ltr'><strong>ipsis</strong></span> <span class='ocrx_word' id='word_1_269' title='bbox 2394 3786 2579 3851; x_wconf 82' lang='lat' dir='ltr'><strong>torris</strong></span> 
     </span>
     <span class='ocr_line' id='line_1_34' title="bbox 317 3893 2583 3985; baseline -0.003 -21"><span class='ocrx_word' id='word_1_270' title='bbox 317 3900 410 3965; x_wconf 90' lang='lat' dir='ltr'><strong>nil</strong></span> <span class='ocrx_word' id='word_1_271' title='bbox 453 3898 608 3985; x_wconf 87' lang='lat' dir='ltr'><strong>plus</strong></span> <span class='ocrx_word' id='word_1_272' title='bbox 655 3900 913 3984; x_wconf 84' lang='lat' dir='ltr'><strong>penitus</strong></span> <span class='ocrx_word' id='word_1_273' title='bbox 948 3898 1283 3965; x_wconf 86' lang='lat' dir='ltr'><strong>obtinebit.</strong></span> <span class='ocrx_word' id='word_1_274' title='bbox 1332 3899 1497 3965; x_wconf 88' lang='lat' dir='ltr'><strong>Item</strong></span> <span class='ocrx_word' id='word_1_275' title='bbox 1532 3898 1690 3963; x_wconf 90' lang='lat' dir='ltr'><strong>dicti</strong></span> <span class='ocrx_word' id='word_1_276' title='bbox 1744 3897 1969 3982; x_wconf 89' lang='lat' dir='ltr'><strong>populi</strong></span> <span class='ocrx_word' id='word_1_277' title='bbox 2000 3894 2203 3961; x_wconf 88' lang='lat' dir='ltr'><strong>nostri</strong></span> <span class='ocrx_word' id='word_1_278' title='bbox 2244 3893 2421 3959; x_wconf 90' lang='lat' dir='ltr'><strong>nullo</strong></span> <span class='ocrx_word' id='word_1_279' title='bbox 2456 3914 2583 3959; x_wconf 87' lang='lat' dir='ltr'><strong>scr-</strong></span> 
     </span>
     <span class='ocr_line' id='line_1_35' title="bbox 317 4004 2588 4090; baseline -0.003 -16"><span class='ocrx_word' id='word_1_280' title='bbox 317 4008 494 4075; x_wconf 90' lang='lat' dir='ltr'><strong>uicio</strong></span> <span class='ocrx_word' id='word_1_281' title='bbox 530 4008 773 4074; x_wconf 89' lang='lat' dir='ltr'><strong>Domui</strong></span> <span class='ocrx_word' id='word_1_282' title='bbox 814 4014 1031 4075; x_wconf 87' lang='lat' dir='ltr'><strong>nostre</strong></span> <span class='ocrx_word' id='word_1_283' title='bbox 1067 4007 1279 4074; x_wconf 87' lang='lat' dir='ltr'><strong>debito</strong></span> <span class='ocrx_word' id='word_1_284' title='bbox 1331 4007 1796 4090; x_wconf 84' lang='lat' dir='ltr'><strong>astringentur.</strong></span> <span class='ocrx_word' id='word_1_285' title='bbox 1867 4005 1937 4070; x_wconf 85' lang='lat' dir='ltr'><strong>Si</strong></span> <span class='ocrx_word' id='word_1_286' title='bbox 1968 4025 2121 4071; x_wconf 85' lang='lat' dir='ltr'><strong>vero</strong></span> <span class='ocrx_word' id='word_1_287' title='bbox 2154 4005 2312 4088; x_wconf 72' lang='lat' dir='ltr'><strong>RcX,</strong></span> <span class='ocrx_word' id='word_1_288' title='bbox 2348 4004 2588 4088; x_wconf 87' lang='lat' dir='ltr'><strong>Banus,</strong></span> 
     </span>
     <span class='ocr_line' id='line_1_36' title="bbox 318 4111 2582 4201; baseline -0.004 -17"><span class='ocrx_word' id='word_1_289' title='bbox 318 4118 421 4184; x_wconf 86' lang='lat' dir='ltr'><strong>uel</strong></span> <span class='ocrx_word' id='word_1_290' title='bbox 473 4115 715 4199; x_wconf 83' lang='lat' dir='ltr'><strong>aliquis</strong></span> <span class='ocrx_word' id='word_1_291' title='bbox 776 4117 1098 4183; x_wconf 88' lang='lat' dir='ltr'><strong>Baronum</strong></span> <span class='ocrx_word' id='word_1_292' title='bbox 1162 4135 1359 4201; x_wconf 88' lang='lat' dir='ltr'><strong>super</strong></span> <span class='ocrx_word' id='word_1_293' title='bbox 1420 4116 1699 4201; x_wconf 88' lang='lat' dir='ltr'><strong>populos</strong></span> <span class='ocrx_word' id='word_1_294' title='bbox 1764 4112 2029 4180; x_wconf 84' lang='lat' dir='ltr'><strong>Comitis</strong></span> <span class='ocrx_word' id='word_1_295' title='bbox 2082 4111 2424 4197; x_wconf 77' lang='lat' dir='ltr'><strong>Perchini,</strong></span> <span class='ocrx_word' id='word_1_296' title='bbox 2478 4113 2582 4176; x_wconf 86' lang='lat' dir='ltr'><strong>uel</strong></span> 
     </span>
     <span class='ocr_line' id='line_1_37' title="bbox 317 4222 2579 4311; baseline -0.005 -14"><span class='ocrx_word' id='word_1_297' title='bbox 317 4246 522 4311; x_wconf 81' lang='lat' dir='ltr'><strong>super</strong></span> <span class='ocrx_word' id='word_1_298' title='bbox 551 4224 830 4309; x_wconf 90' lang='lat' dir='ltr'><strong>populos</strong></span> <span class='ocrx_word' id='word_1_299' title='bbox 865 4231 1117 4291; x_wconf 83' lang='lat' dir='ltr'><strong>nostros</strong></span> <span class='ocrx_word' id='word_1_300' title='bbox 1168 4223 1581 4291; x_wconf 85' lang='lat' dir='ltr'><strong>desseensum</strong></span> <span class='ocrx_word' id='word_1_301' title='bbox 1636 4222 1899 4307; x_wconf 89' lang='lat' dir='ltr'><strong>faceret,</strong></span> <span class='ocrx_word' id='word_1_302' title='bbox 1944 4239 2110 4287; x_wconf 81' lang='lat' dir='ltr'><strong>vnus</strong></span> <span class='ocrx_word' id='word_1_303' title='bbox 2143 4226 2432 4285; x_wconf 87' lang='lat' dir='ltr'><strong>nostrum</strong></span> <span class='ocrx_word' id='word_1_304' title='bbox 2465 4241 2579 4305; x_wconf 89' lang='lat' dir='ltr'><strong>pro</strong></span> 
     </span>
     <span class='ocr_line' id='line_1_38' title="bbox 318 4327 2582 4417; baseline -0.004 -17"><span class='ocrx_word' id='word_1_305' title='bbox 318 4337 528 4402; x_wconf 88' lang='lat' dir='ltr'><strong>altero</strong></span> <span class='ocrx_word' id='word_1_306' title='bbox 582 4334 650 4398; x_wconf 92' lang='lat' dir='ltr'><strong>in</strong></span> <span class='ocrx_word' id='word_1_307' title='bbox 699 4332 881 4399; x_wconf 91' lang='lat' dir='ltr'><strong>nullo</strong></span> <span class='ocrx_word' id='word_1_308' title='bbox 931 4332 1251 4402; x_wconf 84' lang='lat' dir='ltr'><strong>tenebitur</strong></span> <span class='ocrx_word' id='word_1_309' title='bbox 1311 4330 1738 4417; x_wconf 70' lang='lat' dir='ltr'><strong>respondere,</strong></span> <span class='ocrx_word' id='word_1_310' title='bbox 1806 4329 1926 4397; x_wconf 81' lang='lat' dir='ltr'><strong>sed</strong></span> <span class='ocrx_word' id='word_1_311' title='bbox 1975 4327 2245 4412; x_wconf 87' lang='lat' dir='ltr'><strong>quilibet</strong></span> <span class='ocrx_word' id='word_1_312' title='bbox 2299 4335 2582 4394; x_wconf 85' lang='lat' dir='ltr'><strong>nostrum</strong></span> 
     </span>
     <span class='ocr_line' id='line_1_39' title="bbox 317 4438 2583 4528; baseline -0.004 -19"><span class='ocrx_word' id='word_1_313' title='bbox 317 4463 436 4528; x_wconf 88' lang='lat' dir='ltr'><strong>per</strong></span> <span class='ocrx_word' id='word_1_314' title='bbox 487 4461 562 4507; x_wconf 88' lang='lat' dir='ltr'><strong>se</strong></span> <span class='ocrx_word' id='word_1_315' title='bbox 590 4441 802 4527; x_wconf 89' lang='lat' dir='ltr'><strong>ipsum</strong></span> <span class='ocrx_word' id='word_1_316' title='bbox 857 4441 1275 4509; x_wconf 70' lang='lat' dir='ltr'><strong>desscensum</strong></span> <span class='ocrx_word' id='word_1_317' title='bbox 1326 4440 1754 4528; x_wconf 88' lang='lat' dir='ltr'><strong>subportabit.</strong></span> <span class='ocrx_word' id='word_1_318' title='bbox 1811 4441 1949 4505; x_wconf 88' lang='lat' dir='ltr'><strong>Nec</strong></span> <span class='ocrx_word' id='word_1_319' title='bbox 1998 4440 2119 4503; x_wconf 89' lang='lat' dir='ltr'><strong>hoe</strong></span> <span class='ocrx_word' id='word_1_320' title='bbox 2170 4438 2583 4521; x_wconf 85' lang='lat' dir='ltr'><strong>pretermitti-</strong></span> 
     </span>
     <span class='ocr_line' id='line_1_40' title="bbox 318 4547 2581 4638; baseline -0.002 -22"><span class='ocrx_word' id='word_1_321' title='bbox 318 4571 501 4638; x_wconf 75' lang='lat' dir='ltr'><strong>muS,</strong></span> <span class='ocrx_word' id='word_1_322' title='bbox 571 4548 742 4633; x_wconf 84' lang='lat' dir='ltr'><strong>quod</strong></span> <span class='ocrx_word' id='word_1_323' title='bbox 792 4569 912 4617; x_wconf 90' lang='lat' dir='ltr'><strong>nos</strong></span> <span class='ocrx_word' id='word_1_324' title='bbox 965 4555 1030 4615; x_wconf 89' lang='lat' dir='ltr'><strong>et</strong></span> <span class='ocrx_word' id='word_1_325' title='bbox 1080 4550 1313 4617; x_wconf 85' lang='lat' dir='ltr'><strong>fratres</strong></span> <span class='ocrx_word' id='word_1_326' title='bbox 1369 4549 1576 4616; x_wconf 87' lang='lat' dir='ltr'><strong>nostri</strong></span> <span class='ocrx_word' id='word_1_327' title='bbox 1626 4547 1902 4634; x_wconf 87' lang='lat' dir='ltr'><strong>predicti</strong></span> <span class='ocrx_word' id='word_1_328' title='bbox 1957 4547 2391 4631; x_wconf 83' lang='lat' dir='ltr'><strong>obligauimus</strong></span> <span class='ocrx_word' id='word_1_329' title='bbox 2445 4567 2581 4631; x_wconf 76' lang='lat' dir='ltr'><strong>noe,</strong></span> 
     </span>
     <span class='ocr_line' id='line_1_41' title="bbox 322 4656 2581 4745; baseline -0.005 -19"><span class='ocrx_word' id='word_1_330' title='bbox 322 4656 494 4744; x_wconf 83' lang='lat' dir='ltr'><strong>quod</strong></span> <span class='ocrx_word' id='word_1_331' title='bbox 542 4657 602 4724; x_wconf 87' lang='lat' dir='ltr'><strong>si</strong></span> <span class='ocrx_word' id='word_1_332' title='bbox 645 4658 758 4742; x_wconf 89' lang='lat' dir='ltr'><strong>qui</strong></span> <span class='ocrx_word' id='word_1_333' title='bbox 806 4664 1095 4726; x_wconf 85' lang='lat' dir='ltr'><strong>nostrum</strong></span> <span class='ocrx_word' id='word_1_334' title='bbox 1150 4679 1266 4745; x_wconf 87' lang='lat' dir='ltr'><strong>per</strong></span> <span class='ocrx_word' id='word_1_335' title='bbox 1314 4658 1563 4725; x_wconf 85' lang='lat' dir='ltr'><strong>litteras</strong></span> <span class='ocrx_word' id='word_1_336' title='bbox 1617 4657 2141 4741; x_wconf 83' lang='lat' dir='ltr'><strong>predecessorum</strong></span> <span class='ocrx_word' id='word_1_337' title='bbox 2194 4661 2581 4735; x_wconf 86' lang='lat' dir='ltr'><strong>nostrorum,</strong></span> 
     </span>
     <span class='ocr_line' id='line_1_42' title="bbox 408 4769 2259 4841; baseline 0.003 -10"><span class='ocrx_word' id='word_1_338' title='bbox 408 4796 617 4833; x_wconf 68' lang='lat' dir='ltr'><strong>uoxmt.</strong></span> <span class='ocrx_word' id='word_1_339' title='bbox 647 4795 811 4834; x_wconf 62' lang='lat' dir='ltr'><strong>nono.</strong></span> <span class='ocrx_word' id='word_1_340' title='bbox 846 4797 986 4835; x_wconf 71' lang='lat' dir='ltr'><strong>ms&#39;r.</strong></span> <span class='ocrx_word' id='word_1_341' title='bbox 1015 4796 1160 4841; x_wconf 65' lang='lat' dir='ltr'><strong>num.</strong></span> <span class='ocrx_word' id='word_1_342' title='bbox 1199 4809 1272 4822; x_wconf 92' lang='lat'><strong>-—</strong></span> <span class='ocrx_word' id='word_1_343' title='bbox 1318 4789 1389 4835; x_wconf 82' lang='lat'><strong>17.</strong></span> <span class='ocrx_word' id='word_1_344' title='bbox 2220 4769 2259 4829; x_wconf 83' lang='lat'>9</span> 
     </span>
    </p>
   </div>
  </div>
 </body>
</html>
