3319 5249
1373 322 1501 395 527
1512 419 1584 426 Ἣ

295 518 402 581 cet
422 514 508 582 de
539 512 764 582 Insula
796 512 1085 582 Budensi
1134 513 1204 580 in
1237 514 1467 582 eadem
1501 512 1783 584 Domino
1815 514 2053 601 iugiter
2089 515 2558 585 famulantibus

291 622 592 708 collatas,
626 643 831 710 nuper
862 644 1009 690 cum
1041 624 1108 689 in
1142 623 1435 708 Symigio
1471 624 1823 691 fuissemus
1890 627 2262 712 constitute,
2329 625 2546 692 abstu-

293 729 596 798 lissemus
660 733 745 797 ab
780 730 1064 815 eisdem;
1119 737 1340 797 tamen
1406 729 1560 813 quia
1610 729 1836 799 hocin
1889 729 2300 817 dispendium
2343 731 2558 797 anime

297 843 521 905 nostre
554 838 788 906 fecisse
845 837 1247 924 uidebamur,
1277 838 1505 904 habita
1542 839 1740 925 plena
1796 847 1860 905 et
1920 840 2175 906 meliori
2239 838 2556 906 delibera·

294 946 483 1013 cione
516 948 726 1014 cordis
758 947 979 1032 nostri,
1017 946 1218 1014 uillas
1245 946 1753 1031 ·prenominatas
1817 949 1899 1013 ob
1931 946 2281 1014 remedium
2345 946 2559 1013 anime

293 1061 516 1121 nostre
546 1075 628 1121 ex
660 1055 1110 1123 munificencia
1160 1055 1479 1141 Reginali,
1531 1075 1674 1121 cum
1707 1056 2006 1121 omnibus
2067 1054 2461 1121 utilitatibus
2494 1062 2559 1122 et

294 1162 717 1248 pertinencijs
773 1164 1128 1232 earundem
1178 1163 1518 1246 Vniuersis,
1559 1163 1948 1230 auctoritate
1982 1161 2384 1248 presencium
2419 1182 2559 1247 pre-

294 1270 433 1337 fate
494 1270 807 1356 Ecclesie,
872 1278 936 1337 et
996 1272 1388 1338 dominabus
1452 1289 1530 1336 ac
1580 1271 1912 1338 sororibus
1944 1269 2188 1336 eisdem
2222 1271 2557 1336 restituen-

295 1378 421 1445 das
452 1385 518 1445 et
550 1378 918 1446 reddendas
980 1379 1302 1465 duximus,
1333 1398 1453 1445 nec
1505 1399 1628 1446 non
1665 1377 2079 1460 restituimus,
2143 1375 2559 1468 reddidimus,

297 1494 361 1553 et
394 1484 724 1554 reddimus
753 1493 1065 1572 perpetuo
1113 1487 1250 1552 iure
1283 1486 1730 1573 possidendas,
1764 1492 1955 1569 prout
1990 1483 2229 1551 eisdem
2262 1483 2559 1570 primitus

293 1594 692 1661 dinoscimur
723 1595 1089 1661 contulisse.
1122 1595 1364 1661 Datum
1396 1592 1708 1678 Strigonij
1767 1598 1996 1675 quarto
2032 1591 2142 1657 die
2176 1590 2558 1657 Conuersio-

292 1704 402 1768 nis
436 1701 660 1768 Sancti
692 1702 882 1770 Pauli
913 1701 1222 1787 Apostoli,
1255 1722 1425 1768 anno
1456 1698 1990 1791 DominifflM⁰CC⁰
2022 1700 2466 1781 nonagesimo.

294 1916 583 1983 (Eredetie
612 1914 955 1983 b6rhzirtyam
982 1934 1015 1969 a
1042 1916 1196 1969 histm
1225 1914 1333 1970 oda
1359 1923 1603 1981 nyomott
1628 1914 1817 1983 pecset
1859 1917 2141 1976 elveszett‚
2170 1930 2201 1966 a
2251 1915 2418 1965 budai
2469 1915 2555 1963 kir

1145 2007 1390 2058 kamarai
1435 2004 1820 2070 leveltarban.)

1228 2312 1523 2320 ,ψη--τ--α-
1540 2311 1636 2319 -ο--ψ

1358 2904 1513 2973 383.

298 3105 593 3170 Ενιεῶει
621 3105 829 3192 tfjabb
860 3105 1282 3190 kirdlynbnak
1312 3128 1453 3169 ezen
1486 3103 1888 3169 visszaadcist
1919 3103 2234 3188 tebryyazo
2283 3103 2555 3187 itnnepb

1043 3214 1173 3298 lyes
1202 3212 1603 3298 kiadvdnya.
1640 3212 1840 3292 1290,

529 3425 866 3495 Elisabeth
898 3427 1019 3492 Dei
1051 3427 1278 3510 gracia
1311 3429 1566 3509 Regina
1598 3425 1935 3510 Hungarie
1969 3422 2293 3489 vniuersis
2314 3418 2554 3487 Christi

307 3534 612 3601 fidelibus
645 3541 1013 3619 presentem
1048 3535 1359 3620 paginam
1392 3533 1794 3601 intuentibus
1827 3533 2103 3598 salutem
2158 3531 2226 3594 in
2281 3529 2564 3595 omnium

220 3678 238 3694 ·
302 3643 656 3708 saluatore.
688 3643 812 3709 Pia
844 3649 1134 3709 uotorum
1166 3641 1458 3708 subsidia
1491 3641 1798 3725 gratuitis
1836 3639 2143 3710 decorata
2177 3635 2552 3702 muneribus

306 3750 527 3817 stabili
558 3748 863 3815 firmitate
896 3749 1136 3817 debent
1154 3769 1296 3816 esse
1316 3748 1619 3832 subnixa,
1652 3754 1723 3812 ut
1755 3746 2044 3812 militans
2077 3745 2197 3811 Dei
2231 3740 2557 3825 Ecclesia,

305 3876 422 3944 per
443 3877 636 3938 quam
660 3857 868 3939 Reges
889 3864 1182 3941 regnant,
1205 3876 1321 3943 per
1338 3855 1718 3940 Principum
1759 3874 1987 3920 manus
2038 3851 2375 3935 largifluas
2411 3869 2565 3932 aug-

306 3963 583 4031 mentari
604 3964 846 4048 ualeat,
868 3969 930 4031 et
952 3963 1414 4046 munificenciis
1436 3982 1517 4029 ex
1537 3968 1725 4047 parte
1747 3959 2093 4027 eorundem
2116 3959 2400 4043 optentis
2419 3975 2567 4042 pos-

308 4073 395 4139 sit
413 4071 646 4138 merito
667 4069 1271 4138 decorari.Proinde
1291 4069 1736 4136 vniuersorum
1757 4066 2162 4152 presencium
2181 4069 2215 4133 f
2216 4074 2566 4132 uturorum-

308 4200 433 4264 que
453 4178 696 4246 noticie
716 4179 945 4244 harum
966 4178 1133 4245 serie
1155 4177 1452 4243 uolumus
1471 4175 1609 4242 fieri
1629 4172 2243 4261 manifestum,quod
2263 4193 2405 4239 cum
2422 4177 2569 4256 post

309 4288 697 4356 Generalem
749 4286 1347 4370 Congregacionem
1389 4285 1597 4352 tocius
1617 4285 1825 4368 Regni
1844 4281 2051 4348 nostri
2084 4282 2150 4347 in
2183 4282 2364 4345 Fuen
2397 4297 2568 4343 anno

311 4385 573 4462 Domini
605 4391 957 4459 millesimo
992 4390 1433 4459 ducentesimo
1487 4389 1888 4474 octogesimo
1923 4408 2092 4454 nono
2132 4386 2302 4451 circa
2334 4384 2566 4450 festum

306 4496 494 4568 Beati
528 4501 856 4569 Johaunis
886 4499 1178 4585 Baptiste
1213 4499 1627 4583 celebratam,
1665 4497 1746 4564 de
1778 4485 2050 4562 consilio
2077 4492 2321 4559 domini
2342 4488 2594 4556 Ladiz--

312 4609 402 4678 lai
434 4609 709 4677 illustris
740 4609 938 4691 Regis
976 4606 1304 4692 Hungarie
1338 4605 1665 4674 consortis
1704 4597 1919 4670 'nostri
1954 4601 2311 4691 karissimi,
2348 4598 2563 4670 Prela-
