3319 5249
1661 408 1720 417 -,
1760 314 1954 415 458,

1748 939 1906 1008 329.

692 1174 754 1240 Α
785 1177 1169 1242 keresztesek
1204 1180 1585 1261 eszterqami
1630 1176 2102 1262 lconventjemk‘
2143 1178 2677 1263 bizonysdqlevele
2699 1227 2718 1262 ,
2783 1181 2942 1265 hoqy

694 1286 1131 1371 Huntpdzndn
1164 1284 1627 1370 nemzetseybeli
1657 1286 1968 1370 Lampert
2027 1309 2227 1351 comes
2259 1309 2340 1350 az
2376 1289 2755 1373 eszterqami
2785 1287 2940 1372 lucip-

1213 1392 1518 1457 talannal
1547 1392 1957 1458 birtokosere‘t
1986 1395 2201 1460 kotott.
2245 1394 2440 1461 1287.

1226 1591 1289 1654 A
1807 1590 1861 1655 B
2355 1587 2407 1655 C
2514 1692 2528 1698 ‘

908 1785 1136 1849 Frater
1165 1783 1531 1850 Hermanus
1563 1784 1879 1868 Magister
1898 1834 1916 1868 ,
1979 1790 2043 1851 et
2075 1783 2367 1851 vniuersi
2396 1785 2632 1853 fratres
2666 1786 2945 1855 Crucife·

700 1912 912 1958 rorum
947 1892 1170 1958 Sancti
1217 1890 1530 1977 Stephani
1563 1892 1757 1974 Regis
1789 1892 1870 1957 de
1919 1893 2252 1976 Strigonio
2271 1944 2290 1979 ‚
2322 1893 2674 1978 vniuersis,
2711 1894 2946 1976 quibus

696 2007 1028 2085 presentes
1062 1997 1505 2083 ostenduntur,
1542 1999 1823 2065 salutem
1855 1998 1938 2063 in·
1975 1999 2257 2065 omnium
2291 2001 2661 2086 saluatore,
2698 2001 2813 2083 qui
2847 2009 2944 2067 est

694 2127 852 2173 uera
883 2106 1078 2174 salus.
1110 2105 1214 2171 Ad
1245 2105 1699 2173 uniuersorum
1746 2107 2050 2173 noticiam
2102 2114 2325 2174 tenore
2355 2107 2550 2175 huius
2580 2108 2804 2193 scripti
2840 2129 2942 2172 vo·

695 2215 908 2281 lumus
933 2214 1306 2299 peruenire:
1338 2213 1509 2296 quod
1542 2215 1770 2281 Comes
1804 2215 2190 2297 Lampertus
2224 2213 2398 2281 filius
2427 2216 2695 2282 Pazdan
2727 2217 2811 2283 de
2840 2235 2941 2299 ge·

695 2342 850 2389 nere
880 2319 1360 2405 Hunthpazdan
1392 2318 1585 2406 (igy),
1619 2317 1706 2385 ad
1734 2327 2025 2388 nostram
2060 2321 2234 2387 venit
2265 2340 2409 2389 cum
2442 2321 2777 2389 Cazmerio
2807 2323 2941 2388 filio

695 2448 811 2495 suo
846 2429 1277 2514 presenciam,
1325 2433 1391 2493 et
1419 2427 1606 2494 nobis
1639 2425 1825 2513 dixit,
1862 2429 2036 2511 quod
2068 2429 2428 2513 particulas
2462 2429 2942 2514 possessionum

697 2556 960 2602 suarum
990 2535 1059 2600 in
1091 2536 1533 2618 Bekasmeger
1564 2542 1717 2601 ante
1748 2534 2021 2621 Budam,
2056 2536 2122 2601 in
2142 2537 2428 2619 Dorogh,
2461 2543 2525 2602 et
2557 2536 2735 2603 Chen
2767 2537 2943 2603 iuxta

697 2644 874 2710 viam
909 2650 973 2711 et
1005 2641 1349 2711 Ciuitatem
1411 2642 1898 2728 Srigoniensem
1960 2644 2259 2730 habitas,
2317 2645 2604 2714 dedisset
2643 2646 2942 2734 Capitulo

695 2750 1139 2835 Strigoniensi,
1171 2759 1236 2818 et
1268 2770 1484 2818 coram
1517 2750 1724 2822 nobis,
1754 2771 1901 2819 cum
1932 2752 2069 2819 suis
2104 2753 2470 2838 priuilegijs
2520 2753 2809 2837 donauit,
2840 2771 2941 2818 co-

695 2880 833 2926 ram
864 2859 1161 2925 omnibus
1193 2857 1332 2925 suis
1372 2856 1831 2926 commetaneis
1866 2866 1929 2924 et
1963 2858 2273 2943 proximis
2293 2911 2311 2944 ‚
2364 2866 2427 2924 et
2466 2880 2594 2925 non
2623 2859 2941 2925 contradi·

694 2967 987 3034 centibus
1019 2972 1331 3052 perpetuo
1365 2973 1428 3033 et
1474 2964 1990 3034 irreuocabiliter
2050 2965 2480 3052 possidendas
2514 2972 2578 3032 et
2609 2966 2942 3032 tenendas.

602 3061 606 3068 ’
698 3077 752 3141 Ε
785 3094 1095 3143 conuerso
1126 3073 1298 3141 idem
1333 3071 1702 3156 Capitulum
1752 3071 1882 3158 ipsi
1915 3073 2146 3140 Comiti
2174 3074 2523 3158 Lamperto
2564 3080 2628 3139 et
2659 3073 2792 3139 filio
2825 3092 2941 3138 suo

695 3184 964 3251 donauit
995 3181 1316 3265 quoddam
1351 3179 1644 3265 predium
1702 3199 1886 3246 suum
1920 3173 2124 3247 Raich
2176 3201 2319 3248 cum
2354 3180 2606 3266 piscina
2635 3180 2702 3244 in
2748 3179 2942 3244 fluuio

702 3292 880 3356 Arua
912 3295 978 3356 et
1038 3290 1189 3374 alijs
1222 3289 1357 3356 suis
1391 3288 1782 3355 Vtilitatibus
1801 3339 1821 3373 ,
1862 3287 2031 3356 sicut
2060 3287 2156 3356 eis
2221 3288 2518 3355 dominus
2553 3287 2773 3353 Endre
2805 3289 2942 3353 Rex

696 3396 987 3483 contulit,
1021 3391 1656 3479 similiter'perpetuo
1687 3394 1825 3460 iure
1855 3399 1921 3459 et
1938 3395 2452 3461 irreuocabiliter
2482 3393 2941 3478 possidendum

696 3513 761 3571 et
791 3502 1160 3588 tenendum,
1190 3501 1257 3567 in
1291 3501 1458 3567 filios
1489 3500 1768 3566 filiorum
1801 3506 1867 3566 et
1896 3499 2205 3567 heredum
2238 3521 2354 3586 per
2402 3500 2692 3568 heredes.
2747 3501 2941 3567 Cuius

701 3612 1116 3696 priuilegium
1149 3608 1319 3676 idem
1352 3608 1723 3693 Capitulum
1758 3627 1973 3675 coram
2007 3610 2191 3675 nobis
2213 3608 2424 3683 eidem
2459 3608 2840 3693 assignauit.
2871 3611 2941 3673 ln

697 3719 878 3786 cuius
911 3716 1412 3803 permutacionis
1444 3715 1882 3783 testimouium
1906 3722 2122 3800 partes
2156 3736 2199 3781 a
2230 3717 2418 3783 nobis
2452 3717 2576 3781 sibi
2607 3723 2942 3801 presentes

699 3826 842 3894 dari
905 3827 1355 3910 postularunt,
1418 3831 1484 3890 et
1566 3843 1684 3889 nos
1748 3823 2061 3890 suadente
2122 3824 2384 3891 iusticia
2445 3821 2748 3889 duximus
2809 3843 2944 3889 eas·

698 3934 845 4000 dem
895 3931 1364 3999 concedendas.
1427 3930 1666 3997 Datum
1721 3928 1786 3995 in
1837 3928 2086 3995 octauis
2147 3929 2389 4015 Pasce,
2455 3950 2628 3997 anno
2687 3929 2942 3996 Domini

699 4043 760 4107 M
776 4041 846 4108 Ὀ
862 4040 933 4106 ⁰0
950 4040 1381 4106 ⁰LXXX⁰VII
1397 4053 1435 4107 ⁰.

985 4238 1087 4302 (Aa
1113 4237 1313 4290 eredeti
1343 4234 1470 4290 utin
1498 4238 1720 4300 Kanum
1737 4227 1968 4302 Magyar
1995 4238 2123 4288 Sion
2142 4237 2245 4288 111.
2272 4238 2382 4288 kot.
2404 4239 2534 4288 694.
2561 4236 2623 4304 l.)
