3319 5249
1338 257 1419 323 77

230 450 586 537 Jaurieusi,
616 451 813 521 Petro
832 453 1300 520 Transsiluano
1323 452 1667 539 Episcopis
1701 451 2030 519 Ecclesiae
2064 453 2188 519 Dei
2221 453 2501 521 feliciter

228 558 770 641 gubernantibus.
846 561 1163 647 Dyonisio
1215 558 1517 627 Palatino
1553 560 1800 627 Comite
1852 561 1933 628 de
1967 560 2243 647 Occlycz
2293 569 2357 632 et
2386 561 2498 629 Ju-

233 665 368 734 dice
421 666 908 754 Cumanorum,
975 651 1238 736 Matheo
1291 670 1638 753 Wayuoda
1689 669 2163 737 Transsiluano
2185 722 2202 757 ‚
2265 670 2499 756 Egidio

235 777 551 860 Magistro
581 777 1098 846 Tanai-nieorum
1132 783 1517 858 nostrorum,
1553 778 1801 861 Vgrino
1832 777 2014 844 Bano
2049 777 2132 846 de
2152 779 2496 864 Zewrinio,

234 884 567 951 Herbordo
602 885 917 970 Magistro
959 885 1418 972 Dapiferorum
1468 892 1831 953 nostrorum
1885 885 2133 953 Comite
2182 887 2263 952 de
2295 887 2496 954 Bara-

241 1012 403 1076 υἷα,
457 994 823 1061 Laurencio
858 994 1109 1061 Comite
1143 993 1604 1081 Supruniensi‚
1655 994 1967 1078 Gregorio
2002 994 2250 1062 Comite
2283 995 2500 1062 Castri

240 1101 470 1185 Fen-ei,
521 1103 759 1186 Moyus
809 1103 1128 1186 Magistro
1180 1102 1686 1169 Tauarnicorum
1739 1102 2001 1169 domine
2050 1104 2298 1187 Regine
2351 1122 2496 1169 con-

238 1212 424 1276 sortis
459 1217 683 1279 nostre
715 1210 1027 1297 predicte,
1076 1210 1321 1277 Jacobo
1358 1209 1605 1277 Comite
1635 1210 1972 1295 Nitriensi,
2024 1216 2088 1277 et
2120 1210 2271 1297 alijs
2303 1231 2496 1294 quam

238 1318 526 1403 pluribus
559 1318 923 1387 Comitatus
955 1318 1165 1402 Regni
1196 1320 1401 1386 nostri
1453 1316 1825 1386 tenentibus
1859 1326 1925 1386 et
1956 1318 2252 1387 honores.
2307 1324 2495 1387 Anno

242 1426 497 1493 Domini
547 1427 899 1494 millesimo
952 1426 1387 1494 ducentesimo
1440 1426 1927 1512 septuagesimo
1981 1436 2235 1512 quart0,
2285 1428 2491 1511 Regni

241 1541 445 1601 autem
477 1535 684 1602 nostri
717 1555 889 1602 anno
925 1535 1146 1620 tercio,
1184 1542 1366 1602 sexto
1402 1535 1555 1602 Idus
1587 1536 2008 1622 Septembris.

242 1714 504 1779 (Eredetiu
532 1731 642 1766 van
689 1733 722 1767 a.
748 1733 827 1782 gr.
858 1713 1082 1781 Sztairay
1120 1713 1460 1768 leveltarban
1484 1756 1496 1777 ,
1555 1717 1774 1767 herman
1812 1718 2001 1768 annak
2029 1713 2313 1768 niasolatelt
2340 1718 2496 1782 Ertly

239 1802 403 1856 ‚linos
430 1803 773 1858 leveltiirnok
809 1807 1072 1857 1839-ben
1099 1807 1395 1858 Debrentei
1423 1804 1691 1858 Gaborral
1732 1825 1756 1857 s
1784 1824 1843 1857 ez
1870 1805 1995 1872 grof
2016 1807 2207 1857 Teluki
2236 1807 2498 1861 szseffel

375 1896 610 1958 kozsslte,
645 1897 814 1947 kinek
841 1891 1180 1946 oklevelmas
1209 1893 1687 1963 gyiijtemenyebo'l
1731 1895 1873 1962 kbzli
1904 1895 2076 1946 Szabi'»
2106 1893 2349 1963 Kar-015.)

1305 2523 1416 2592 43.

246 2724 346 2787 IV.
379 2724 610 2790 Lazszld
656 2726 875 2811 kircily
906 2728 1257 2821 meyerb'se'ti
1299 2724 1365 2788 V.
1403 2726 1624 2790 Istvcin
1673 2728 2031 2811 ki'rcilynak
2072 2728 2234 2814 Epel
2263 2730 2493 2815 helyse-

243 2845 327 2915 ρει
374 2837 688 2918 ta'rqyazd
758 2834 1028 2900 1270-1021
1075 2833 1469 2917 admndnycit
1527 2856 1606 2899 az
1655 2839 2021 2918 eazteryami
2067 2839 2305 2922 ethdz
2356 2844 2490 2903 εκά-

1129 2946 1332 3005 ‘mciv-a.
1385 2945 1577 3007 1274.

437 3155 792 3224 Ladizlaus
853 3153 976 3222 Dei
1038 3154 1269 3240 gracia
1329 3154 1681 3243 Hungarie,
1745 3155 2133 3242 Dalmacie,
2196 3154 2487 3243 Croaeie,

243 3266 448 3350 Reme,
478 3265 726 3350 Seruie,
761 3260 1065 3345 Gallicie,
1131 3262 1530 3348 Lodomcrie,
1585 3263 1900 3330 Cumanie
1931 3264 2490 3347 Bulgarornmque

243 3371 400 3457 (tgy)
435 3374 575 3439 Rex
610 3372 931 3438 uniuersis
966 3369 1203 3438 Christi
1253 3370 1553 3438 fidelibus
1603 3378 1943 3460 presentes
1984 3371 2239 3440 litteras
2278 3372 2490 3458 inspe-

242 3482 424 3547 cturis
466 3480 748 3547 salutem
798 3479 862 3544 in
916 3479 1200 3547 omnium
1252 3482 1598 3549 saluatore.
1648 3480 1818 3559 Quia
1858 3480 2164 3565 quicquid
2214 3480 2280 3547 in
2334 3500 2488 3548 usus

239 3587 371 3671 pios
401 3586 810 3674 expenditur
841 3587 948 3654 uel
1000 3587 1360 3673 confertur,
1409 3587 1477 3654 id
1527 3608 1656 3654 non
1711 3589 2067 3670 amittitur3
2117 3587 2234 3653 sed
2267 3589 2489 3673 pocius

240 3702 691 3779 consternatur-3
742 3695 978 3763 idcirco
1033 3717 1149 3782 ea,
1200 3717 1324 3781 que
1356 3696 1807 3765 Sacrosanctis
1847 3695 2163 3780 Ecclesijs
2221 3705 2286 3762 et
2332 3696 2489 3780 alijs

239 3805 354 3891 pijs
387 3805 555 3872 locis
607 3804 874 3889 pietatis
926 3805 1163 3872 intuitu
1213 3805 1673 3887 conferuntur,
1722 3804 1924 3889 Regie
1974 3803 2478 3890 approbacionis

237 3931 338 3980 seu
368 3911 830 3979 ratificacionis
883 3912 1124 3980 debent
1155 3911 1439 3997 presidio
1474 3911 1863 3995 conflrmarj.
1912 3910 2194 3977 Proinde
2228 3910 2314 3975 ad
2351 3911 2490 3976 vni·

239 4020 554 4088 uei-sitatis
623 4026 838 4086 uestre
908 4019 1219 4085 noticiam
1270 4019 1498 4085 harum
1556 4020 1724 4086 serie
1774 4018 2074 4086 uolumus
2125 4019 2485 4106 peruenire,

238 4130 396 4213 quod
429 4150 579 4197 cum
630 4128 854 4195 inclite
908 4127 1381 4196 recordacionis
1435 4130 1735 4195 dominus
1787 4126 2153 4212 Stephanus
2205 4126 2488 4192 [ilustris

235 4240 360 4307 Rex
413 4238 779 4322 Hungarie,
841 4236 1231 4305 karissimus
1281 4241 1470 4322 pater
1531 4242 1753 4303 noster
1815 4241 1967 4319 post
2018 4234 2254 4301 obitum
2312 4233 2489 4300 clare

237 4349 535 4416 memorie
591 4345 835 4412 domini
867 4346 1062 4429 Regis
1093 4345 1250 4412 Bele
1301 4345 1517 4428 quarti
1571 4342 1903 4409 karissimi
1935 4343 2139 4428 patris
2192 4342 2330 4425 sui,
2379 4343 2489 4408 aui

236 4458 452 4543 nostri,
509 4454 834 4541 quandam
870 4454 1092 4521 villam
1129 4473 1242 4519 seu
1275 4459 1536 4537 terram,
1569 4450 1828 4518 nomine
1860 4449 2024 4534 Epel
2056 4447 2124 4514 in
2160 4449 2487 4517 Comitatu

237 4563 659 4651 Strigoniensi
697 4561 1101 4650 existentem,
1149 4559 1237 4629 ad
1289 4578 1580 4627 mensam
1615 4556 1883 4640 Regiam
1932 4577 2044 4623 seu
2079 4557 2339 4625 elicium
2372 4559 2487 4626 Re-
