3319 5249
1470 279 1600 345 295

1455 796 1605 866 211.

397 1003 523 1070 IV.
575 1003 811 1070 Letum
875 1001 1100 1086 kirdly
1169 1001 1528 1087 meyer6siti
1592 997 1664 1064 V.
1713 998 1937 1065 Istvdn
1994 997 2340 1084 kirdlynak
2386 995 2648 1077 Lama,

393 1113 695 1191 Rednuk,
725 1110 1088 1197 'Eazterqdr
1134 1109 1197 1173 6³
1226 1106 1515 1193 Feny6f6
1545 1106 1929 1195 helyseqeket
1960 1108 2266 1194 tdrqyazd
2297 1105 2498 1169 1270-
2500 1103 2649 1168 diki

569 1220 968 1303 adomdnydt
997 1218 1285 1282 Demeter
1313 1216 1594 1299 hakonyi
1610 1214 1899 1302 fiiispdn
1929 1213 2481 1281 samar-(21:281.

606 1412 953 1481 Ladizlaus
1012 1412 1138 1479 Dei
1196 1414 1421 1497 gracia
1485 1412 1800 1495 anarie
1830 1464 1844 1496 ,
1915 1412 2254 1479 Dalmacie
2287 1462 2302 1497 ,
2355 1408 2642 1495 Croacie,

391 1526 599 1590 Rame
622 1573 640 1607 ,
698 1521 961 1608 Seruio,
1011 1520 1288 1589 Gallicie
1309 1572 1328 1605 ,
1379 1521 1763 1587 Lodomerie
1782 1571 1800 1606 ,
1857 1518 2170 1587 Cumanie
2210 1520 2646 1606 Bulgarieque

394 1633 539 1698 Rex
568 1631 866 1699 omnibus
900 1630 1136 1697 Christi
1179 1630 1479 1697 fidelibus
1511 1637 1877 1716 presentem
1912 1630 2222 1715 paginam
2254 1626 2643 1715 inspecturis

390 1740 675 1807 salutem
706 1741 774 1804 in
806 1738 1091 1806 omnium
1121 1738 1470 1806 saluatore.
1517 1738 1616 1804 Ad
1638 1739 2079 1806 vniuersorum
2103 1736 2403 1805 noticiam
2425 1743 2646 1804 tenore

389 1848 790 1932 presencium
827 1847 1118 1915 volumus
1170 1848 1529 1933 peruenire,
1584 1847 1755 1931 quod
1788 1846 2101 1932 Magister
2133 1844 2496 1912 Demetrius
2529 1843 2644 1911 Co·

390 1977 529 2022 mes
578 1957 659 2023 de
690 1957 919 2025 Bokon
967 1957 1139 2023 filius
1173 1956 1441 2024 Comitis
1474 1956 1689 2040 Wgud
1724 1954 1809 2021 ad
1839 1964 2127 2021 nostram
2159 1952 2473 2020 accedens
2506 1972 2645 2037 pre·

385 2066 693 2153 senciam,
726 2066 1021 2132 exhibuit
1040 2065 1224 2132 nobis
1245 2064 1661 2151 priuilegium
1680 2062 1922 2131 domini
1952 2063 2046 2130 St.
2067 2064 2264 2147 Regis
2297 2060 2633 2128 karissimi

392 2176 599 2261 patris
652 2174 856 2241 nostri
907 2174 1115 2241 felicis
1169 2174 1645 2241 recordacionis
1693 2193 1886 2256 super
1937 2172 2290 2240 collacione
2340 2171 2641 2238 villarum

389 2282 683 2369 quold,
715 2282 1012 2359 Rednuk,
1042 2282 1389 2367 Wzturgur
1423 2289 1489 2349 et
1517 2282 1885 2349 Fenewfew
1917 2282 2104 2349 Chak
2124 2281 2308 2347 Bano
2340 2278 2474 2345 filio
2516 2279 2639 2346 De-

390 2390 629 2477 metrij,
682 2389 866 2456 fratri
916 2390 1120 2477 patris
1168 2392 1270 2458 sui
1322 2411 1719 2476 concessum,
1771 2397 1997 2476 petens
2032 2410 2176 2456 eum
2207 2386 2547 2472 instancia,
2575 2390 2645 2453 vt

386 2506 519 2564 tam
553 2499 723 2565 idem
744 2490 1160 2583 priuilegium
1183 2506 1407 2566 nostro
1430 2499 1771 2584 priuilegio
1791 2499 2186 2582 confirmare,
2210 2516 2403 2582 quam
2425 2495 2636 2562 eciam

388 2606 817 2676 collacionem
851 2607 1056 2693 patris
1106 2607 1312 2675 nostri
1344 2606 1468 2694 ipsi
1502 2607 1691 2675 Cbak
1723 2609 1907 2676 Bano
1941 2607 2194 2688 factam,
2227 2607 2539 2672 innouare
2573 2610 2638 2673 et

385 2716 758 2783 innouando
810 2716 1018 2784 eidem
1071 2717 1366 2785 conferre
1415 2717 1496 2784 de
1537 2718 1935 2802 benignitate
1967 2717 2172 2801 Regia
2203 2715 2638 2800 dignaremur.

386 2824 586 2891 Cuius
616 2823 871 2908 quidem
906 2824 1241 2911 priuilegij
1278 2833 1462 2892 tenor
1495 2826 1649 2893 talis
1682 2835 1817 2894 est:

603 2932 699 2998 St.
734 2933 854 2999 Dei
885 2935 1115 3016 gracia
1147 2935 1272 2999 stb.
1310 2932 1734 3022 (kovetkezik
1758 2931 1829 3000 V.
1849 2936 2074 3001 Istvan
2105 2932 2326 3017 kil-aly
2365 2931 2639 3000 1270·Κί

388 3041 932 3127 adomanylevele
965 3042 1130 3108 mint
1162 3044 1722 3127 gyujtemenytink
1769 3043 1968 3129 vl11.,
2002 3042 2233 3129 vagyis
2267 3062 2308 3108 a
2337 3039 2640 3109 masodik

395 3149 643 3236 folyam
677 3150 799 3217 111.
830 3149 1180 3217 koteteben
1210 3147 1461 3237 3001.)

601 3259 734 3325 Nos
763 3258 966 3342 igitur
998 3258 1424 3345 peticionibus
1456 3262 1661 3344 ipsius
1694 3260 2014 3344 Demetrij
2049 3258 2317 3326 Comitis
2350 3258 2537 3327 iustis
2572 3266 2639 3326 et

382 3366 694 3433 modestis
742 3386 1079 3433 assensum
1129 3368 1558 3436 fauorabilem
1613 3369 2018 3454 adhibentes,
2076 3369 2318 3435 dictum
2371 3369 2637 3453 priuile·
2710 3405 2726 3432 ο

382 3475 562 3561 gium
616 3495 741 3540 non
792 3476 1244 3560 cancellatum,
1290 3499 1418 3544 non
1452 3479 1775 3560 abrasum,
1810 3499 1929 3544 nec
1961 3478 2030 3544 in
2059 3478 2283 3561 aliqua
2314 3483 2500 3561 parte
2532 3477 2637 3544 sui

381 3582 795 3669 diminutum,
848 3581 930 3651 de
982 3587 1175 3650 verbo
1209 3585 1293 3652 ad
1328 3586 1589 3652 verbum
1627 3589 2041 3673 presentibus
2073 3585 2270 3654 inseri
2303 3586 2638 3671 facientes,

380 3691 771 3759 auctoritate
819 3694 1222 3778 presencium
1276 3695 1769 3782 confirmamus,
1837 3703 1900 3762 et
1949 3695 2379 3764 collacionem
2431 3693 2636 3780 ipsius

378 3800 589 3888 patris
620 3800 819 3868 nostri
873 3801 1057 3869 Chak
1091 3803 1272 3869 Bano
1303 3804 1602 3889 primitus
1626 3805 1865 3871 factam
1898 3805 2024 3890 ipsi
2049 3803 2286 3872 Comiti
2307 3803 2637 3870 Demetrio

380 3910 852 3977 confirmamus.
884 3912 959 3976 In
993 3912 1177 3978 cuius
1209 3915 1302 3978 rei
1338 3913 1716 3980 memoriam
1742 3919 2248 3999 perpetuamque
2265 3913 2630 3981 firmitatem

381 4025 721 4108 presentes
753 4020 1185 4089 concessimus
1215 4020 1470 4088 litteras
1506 4022 1787 4108 duplicis
1819 4022 2019 4107 sigilli
2039 4021 2240 4090 nostri
2280 4022 2635 4091 munimine

380 4128 740 4198 roboratas.
774 4127 1018 4195 Datum
1048 4149 1165 4215 per
1196 4150 1426 4197 manus
1459 4130 1728 4198 discreti
1760 4131 1884 4198 viri
1916 4131 2203 4199 Achonis
2233 4132 2381 4198 aule
2413 4137 2634 4198 nostre

378 4236 959 4306 vicecancellarii
993 4238 1213 4305 dilecti
1247 4245 1310 4305 et
1343 4237 1554 4305 fidelis
1585 4238 1791 4304 nostri
1823 4258 1996 4305 anno
2045 4239 2305 4307 Domini
2358 4241 2448 4306 Μο
2502 4238 2632 4307 (30⁰

377 4344 666 4415 LXXX⁰
695 4346 902 4436 primo
932 4348 1139 4434 Regni
1170 4353 1381 4415 autem
1414 4348 1619 4414 nostri
1648 4369 1823 4416 anno
1852 4368 2036 4416 nono.

378 4505 612 4571 (Eredeti
657 4525 691 4561 a
732 4510 912 4576 Rumy
956 4506 1143 4563 mua
1168 4505 1557 4571 levaldi-aban,
1582 4507 1853 4564 masolata
1874 4524 1910 4563 a
1932 4526 2160 4578 magyar
2184 4513 2475 4566 akademia
2500 4514 2624 4567 kez-

1305 4597 1700 4669 irat-taram.)
