3319 5249
1866 232 1997 299 428

817 424 1314 493 elemosinarum
1344 424 1718 511 largicione,
1751 446 1879 510 que
1909 447 1951 493 a
1976 434 2183 494 morte
2213 425 2474 507 liberat,
2508 432 2573 491 et
2622 426 2903 493 animam
2935 446 3071 493 non

830 535 1076 620 patitur
1099 535 1193 600 ire
1223 535 1290 600 in
1323 534 1639 619 tenebras,
1672 533 1900 602 fortem
1950 531 2265 601 habentes
2311 533 2633 619 fiduciam,
2683 534 2904 601 villam
2957 554 3072 601 no-

823 650 1022 708 stram
1057 641 1302 727 Laztay
1333 648 1651 725 vocatam,
1672 649 2180 708 commetaneam
2204 649 2268 708 et
2285 643 2796 709 collimitaneam
2815 662 3073 728 posses-

817 750 987 816 sioni
1020 749 1388 835 Monasterij
1411 750 1647 816 Montis
1681 751 1922 817 Sancte
1955 749 2176 835 Marie,
2211 770 2407 833 quam
2438 772 2480 816 a
2516 749 2766 817 Jacobo
2816 748 3075 817 Comite

806 857 954 924 filio
973 855 1203 923 Ponith
1229 858 1347 924 sub
1367 856 1576 924 forma
1595 856 1783 936 iuste,
1799 856 2032 940 legalis
2057 876 2134 923 ac
2147 864 2510 942 spontanee
2532 854 3076 925 commutacionis

818 965 945 1030 rite
976 963 1358 1051 accepimus,
1381 962 1672 1050 predicto
1704 965 2094 1032 Monasterio
2133 965 2372 1032 Montis
2404 965 2640 1032 Sancte
2661 966 2888 1050 Marie,
2924 986 3070 1033 cum

818 1070 1018 1157 agris,
1039 1070 1274 1138 vinetis
1306 1077 1370 1137 et
1389 1072 1710 1139 vniuersis
1729 1072 1976 1139 iuribus
2011 1079 2209 1155 atque
2231 1072 2625 1139 utilitatibus
2649 1073 2735 1138 ad
2755 1092 2899 1139 eam
2926 1094 3071 1160 per·

816 1179 1192 1265 tinentibus,
1227 1180 1347 1247 sub
1378 1182 1567 1247 metis
1598 1200 1679 1247 ac
1711 1180 2044 1266 limitibus,
2101 1181 2332 1264 quibus
2375 1201 2492 1247 nos
2545 1200 2687 1247 eam
2740 1180 3071 1248 tenuimus

812 1288 1021 1354 libera
1054 1286 1409 1354 donacione
1439 1288 1829 1354 contulimus
1862 1290 1983 1354 sub
2018 1286 2206 1355 titulo
2258 1288 2424 1355 iuste
2474 1289 2891 1374 proprietatis
2925 1308 3070 1374 per·

814 1402 1013 1479 petuo
1045 1392 1518 1478 possidendam.
1574 1392 1848 1461 Constat
1897 1416 2068 1480 vero,
2132 1395 2404 1460 candem
2436 1398 2917 1480 possessionem
2971 1416 3068 1462 co·

814 1522 951 1569 ram
1017 1501 1320 1587 Capitulo
1354 1503 1573 1568 Ferrei
1607 1502 1819 1569 Castri
1861 1505 2010 1589 ere
2041 1502 2570 1569 commutacionis
2600 1502 2685 1569 ad
2716 1523 2837 1569 nos
2868 1504 3069 1569 fuisse

814 1609 1111 1693 legaliter
1179 1609 1552 1677 deuolutam
1573 1662 1591 1695 ‚
1644 1610 1817 1677 sieut
1869 1611 1931 1674 iu
1998 1607 2233 1675 litteris
2289 1608 2578 1676 ciusdem
2644 1609 2930 1695 Capituli
2963 1632 3065 1679 su·

815 1738 931 1802 per
991 1716 1214 1784 eodem
1265 1717 1640 1784 concambio
1708 1716 2019 1785 consectis
2068 1717 2211 1782 luce
2261 1717 2498 1783 clarius
2527 1719 2918 1785 continetur.
2952 1719 3058 1786 Sic

818 1826 1023 1892 eciam
1075 1825 1549 1911 possessionem
1582 1825 1766 1892 illam
1816 1825 2264 1910 prenominato
2326 1824 2717 1892 Monasterio
2770 1825 3068 1894 dedimus

818 1941 889 2000 vt
955 1933 1173 2000 nullus
1249 1933 1680 2020 j0bagionum
1768 1954 1881 2000 sev
1952 1932 2261 2000 nobilium
2341 1932 2629 2016 aliquam
2710 1936 3069 2020 proprieta-

816 2047 950 2108 tem
1014 2062 1085 2109 se
1142 2039 1209 2107 in
1272 2040 1506 2109 eadem
1556 2040 2009 2126 possessione,
2048 2061 2160 2107 seu
2223 2040 2591 2108 libertatem
2643 2041 2770 2107 sibi
2820 2043 3066 2128 possint

820 2149 921 2216 vel
1001 2149 1285 2217 debeant
1341 2148 1707 2216 vendicare.
1769 2148 2073 2215 Vniuersi
2133 2154 2347 2215 autem
2409 2167 2796 2233 quacunque
2860 2170 3067 2235 prero-

817 2257 1043 2340 gatina
1077 2257 1503 2342 premineant,
1548 2276 1724 2324 more
1788 2257 2157 2323 colonorum
2216 2256 2378 2322 ville
2410 2255 2590 2321 illins
2624 2274 2821 2323 censu
2854 2276 3065 2324 annuo

818 2366 944 2453 ipsi
1006 2365 1402 2434 Monasterio
1464 2367 1869 2434 tenebuntur.
1949 2363 2254 2447 Alioquin
2321 2382 2432 2431 eos
2492 2363 2716 2431 Abbas
2785 2370 2852 2430 et
2913 2365 3067 2431 Con·

820 2479 1055 2541 uentus
1087 2471 1168 2540 de
1200 2472 1609 2557 possessione
1639 2471 1759 2538 illa
1787 2477 2090 2555 poterunt
2109 2469 2190 2536 de
2213 2470 2370 2553 iure,
2411 2469 2467 2536 si
2500 2471 2845 2555 voluerint,
2868 2491 3067 2538 remo·

820 2600 991 2652 uere.
1027 2581 1101 2648 In
1128 2581 1312 2648 cuius
1342 2582 1439 2648 rei
1469 2580 1908 2647 testimonium
1941 2582 2270 2664 presentes
2323 2576 2576 2645 litteras
2610 2576 2825 2645 eidem
2847 2579 3066 2646 Mona-

819 2688 1013 2757 sterio
1044 2687 1343 2756 dedimus
1393 2687 1629 2773 sigillis
1677 2686 1921 2755 domini
1985 2687 2310 2753 Jahannis
2371 2687 2533 2754 Bani
2595 2686 2819 2753 dilecti
2851 2685 3072 2752 fratris

821 2798 1044 2886 nostri,
1080 2804 1147 2864 et
1178 2803 1417 2881 nostro,
1450 2797 1728 2863 fideliter
1759 2795 2204 2862 communitas.
2240 2794 2473 2861 Testes
2502 2800 2721 2861 autem
2753 2799 2907 2860 sunt
2963 2792 3070 2859 Go-

820 2924 956 2973 mes
984 2905 1386 2974 Laurencius
1448 2903 1530 2972 de
1580 2903 1744 2986 Nek,
1811 2904 2054 2988 Symon
2115 2910 2181 2969 et
2236 2901 2580 2986 Mychahel
2646 2899 2934 2968 Comites
2994 2897 3071 2966 de

820 3012 1072 3097 martin,
1107 3011 1483 3097 Gregorius,
1519 3009 1816 3078 Andreas
1851 3015 1914 3076 et
1934 3010 2138 3077 Schvr
2157 3007 2437 3077 Comites
2457 3009 2574 3095 filij
2609 3008 2807 3088 Petri,
2843 3003 3068 3075 Comes

824 3120 1195 3190 Herbordus
1228 3119 1309 3187 de
1357 3118 1494 3209 Osl,
1527 3119 1874 3187 Durizlaus
1905 3123 1969 3184 et
1996 3116 2344 3185 Ladizlaus
2376 3117 2515 3184 cari
2545 3115 2787 3204 nostri,
2834 3121 2904 3182 et
2959 3112 3064 3196 alii

827 3249 1022 3313 qnam
1053 3231 1297 3317 plures.
1332 3226 1562 3293 Actum
1597 3232 1664 3294 et
1694 3227 1915 3292 datum
1949 3246 2119 3292 anno
2153 3225 2237 3292 ab
2286 3224 2758 3292 Incarnaeione
2806 3220 3065 3290 Domini

834 3336 1177 3404 millesimo
1240 3334 1681 3404 ducentesimo
1741 3333 2131 3417 octogesimo
2192 3332 2413 3416 qvinto
2492 3331 2667 3399 XVI.
2750 3327 3067 3398 kalendas

820 3441 992 3529 Ivlij.

826 3664 1073 3731 (Eredeti
1100 3659 1428 3731 b6rh6rtyan
1451 3702 1465 3725 ‚
1492 3662 1724 3730 melyrffl
1749 3677 1785 3712 a
1809 3658 1906 3714 ket
1947 3657 2109 3728 carga
2152 3654 2400 3712 minoz-on
2442 3657 2659 3723 fssggott
2703 3649 3062 3721 possano&

827 3755 1084 3808 olabbiko
1130 3754 1407 3813 elvemtt,
1451 3767 1488 3803 a
1529 3751 1698 3803 budai
1717 3751 1820 3802 kir.
1867 3751 2112 3802 kamarai
2155 3744 2512 3800 levelthrban.
2554 3745 2900 3810 Ugyannzon
2945 3741 3059 3792 ado-

826 3841 1055 3911 mlnyra
1079 3841 1412 3896 vonatkozik
1437 3839 1635 3892 niklos
1658 3837 1943 3892 nfidornak
1969 3853 2075 3904 σῃ
2098 3833 2292 3898 masi&
2317 3831 2522 3887 uinten
2551 3832 2774 3894 128⁶·k3
2802 3826 3063 3894 okmhnya

1364 3928 1618 3994 Fejsrnel
1648 3929 1776 3981 eod.
1803 3927 1950 3994 Dipl.
1979 3926 2046 3978 V.
2073 3928 2127 3977 k.
2159 3926 2212 3977 a.
2239 3926 2284 3976 1.
2306 3925 2424 3976 sos.
2455 3923 2515 3989 1.)

1739 4208 2162 4222 ——n—*n
