3319 5249
1837 446 1848 451 -
1899 351 2022 421 178

813 549 1060 618 domini
1092 549 1392 620 Ladislai
1426 549 1600 635 olym
1632 548 1905 617 similter
1952 548 2152 633 Regis
2202 546 2564 633 Hungarie,
2614 546 2683 613 in
2735 567 2906 615 anno
2941 545 3069 613 Do-

809 658 971 725 mini
1002 660 1091 725 M⁰
1124 659 1564 727 ducentesimo
1616 657 2101 744 septuagesimo
2152 657 2427 741 septimo
2476 655 2939 741 confectarum,
2991 655 3076 721 de

808 768 1007 834 uerbo
1043 766 1128 832 ad
1161 768 1429 833 uerbum
1462 765 1527 830 in
1563 786 1634 833 se
1666 765 2058 851 continebat,
2081 764 2496 849 declarabat3
2549 763 2721 847 quod
2745 785 2890 830 cum
2923 784 3067 849 pre·

809 873 1026 941 dictus
1063 871 1359 942 dominus
1393 874 1741 941 Ladislaus
1774 874 1915 939 Rex
1946 893 2090 939 cum
2126 891 2242 940 suo
2273 892 2510 958 magno
2545 878 2609 937 et
2630 871 2852 939 valido
2891 890 3074 940 exer·

808 983 941 1048 citu
974 989 1201 1049 contra
1236 981 1630 1048 Othacarum
1663 983 1903 1065 Regem
1952 964 2302 1064 Bohemie,
2355 980 2703 1066 capitalem
2756 979 3077 1048 aduersa-

809 1090 973 1156 rium
1009 1110 1215 1176 suum,
1262 1110 1487 1157 versus
1520 1092 1810 1157 Moruam
1845 1091 2293 1177 processisset,
2341 1090 2452 1174 qui
2503 1084 2643 1157 Rex
2678 1088 3075 1174 OthacaruS,

797 1199 1157 1282 ·insurgens
1191 1206 1254 1265 ct
1287 1199 1555 1265 veniens
1589 1207 1817 1266 contra
1867 1198 2076 1284 ipsum
2112 1199 2288 1265 vltra
2339 1198 2554 1283 ipsam
2607 1218 2844 1282 aquam
2895 1199 3072 1264 Mor·

816 1326 963 1376 uam
998 1315 1061 1375 et
1089 1309 1298 1392 iuxta,
1349 1308 1480 1374 fine
1528 1307 1849 1374 laudabili
1899 1329 2043 1375 cum
2096 1308 2232 1374 suis
2259 1309 2533 1394 jubente
2564 1308 2843 1373 Domino
2876 1304 3079 1373 victo-

812 1415 974 1480 riam
1007 1414 1411 1502 optinuisset,
1462 1416 1573 1499 qui
1607 1415 1814 1481 eciam
1866 1416 2004 1483 Rex
2055 1414 2453 1482 Otthacarus
2502 1415 2961 1483 miserabiliter
3008 1413 3081 1479 in

816 1522 1044 1590 eodem
1095 1522 1385 1589 exercitu
1450 1522 1686 1591 fuisset
1747 1524 2206 1609 interemptus;
2257 1525 2369 1590 vbi
2420 1525 2668 1590 Paulus
2698 1524 2870 1590 filius
2915 1521 3080 1590 Che-

816 1630 994 1718 pani,
1030 1638 1094 1699 et
1125 1631 1347 1698 Bodou
1381 1632 1550 1699 filius
1585 1632 1803 1700 Votbk
1855 1631 2056 1699 frater
2093 1631 2383 1700 eiusdem
2417 1652 2634 1699 coram
2668 1631 2871 1698 oculis
2906 1631 3076 1698 eius-

817 1738 965 1806 dem
1001 1738 1244 1806 domini
1274 1738 1568 1806 Ladislai
1602 1740 1801 1823 Regis
1836 1738 1961 1806 sibi
2016 1744 2081 1807 et
2126 1740 2351 1823 Regno
2416 1760 2534 1807 suo
2588 1746 2784 1823 atque
2817 1737 3072 1804 Corone

817 1867 962 1915 cum
994 1848 1166 1914 omni
1199 1847 1425 1933 gracia
1458 1845 1785 1915 seruiendi
1819 1867 2022 1931 vsque
2056 1847 2434 1916 effusionem
2486 1867 2747 1914 suorum
2803 1845 3072 1929 sangui·

818 1975 991 2041 num,
1042 1957 1110 2022 in
1142 1955 1368 2024 eadem
1402 1959 1545 2024 acie
1579 1958 2040 2039 seruiuissent;
2091 1976 2361 2040 quorum
2413 1957 2714 2043 seruicijs
2766 1961 3078 2041 respectu

823 2069 887 2130 et
917 2063 1246 2148 obsequijs
1296 2064 1719 2132 fidelitatibus
1774 2084 1992 2132 eorum
2045 2063 2308 2151 domini,
2357 2064 2509 2129 licet
2559 2064 2807 2131 eisdem
2846 2060 2913 2125 in
2947 2081 3082 2126 ma·

822 2171 946 2236 iori
1009 2171 1350 2256 prouidere
1415 2170 1784 2253 debuisset,
1830 2172 2042 2257 ipsum
2102 2172 2377 2238 Paulum
2431 2178 2494 2237 et
2554 2171 2720 2236 filios
2754 2168 3073 2254 eiusdem,

820 2279 1121 2348 videlieet
1149 2277 1611 2368 Alexandrum,
1646 2281 1946 2346 Paulum,
1972 2286 2036 2346 et
2085 2281 2382 2365 Petrum3
2433 2279 2590 2346 item
2629 2278 2880 2361 Bodou,
2933 2275 3080 2342 Ste-

822 2388 1104 2474 phanum
1141 2396 1204 2456 et
1236 2387 1612 2456 Ladislaum
1665 2387 1830 2455 filios
1882 2388 2136 2475 Vothk,
2182 2387 2416 2455 fratres
2468 2385 2760 2453 eiusdem
2799 2383 3066 2465 Bodou;

821 2498 1051 2582 Vydus
1082 2499 1285 2564 filium
1318 2496 1679 2581 Michaelis,
1713 2503 1777 2563 et
1808 2496 2128 2564 Thomam
2161 2495 2360 2561 filiurn
2403 2493 2738 2579 Gabriani,
2790 2513 2867 2558 ac
2899 2492 3073 2558 alios

820 2613 1134 2691 cognatos
1168 2604 1540 2691 eorundem,
1589 2610 1650 2670 ct
1690 2624 1805 2691 per
1838 2626 1947 2673 eos
1980 2602 2251 2672 heredes
2271 2603 2707 2687 heredumque
2739 2620 3074 2668 successo·

820 2736 924 2783 res
957 2735 1102 2782 cum
1136 2716 1324 2782 terris
1361 2719 1424 2780 et
1457 2712 1946 2799 possessionbus
1999 2733 2218 2780 eorum
2270 2712 2589 2780 vniuersis
2628 2709 2851 2777 Ke'zeu
2886 2729 3081 2776 voca-

822 2823 905 2892 tis
942 2842 1137 2910 super
1166 2822 1431 2890 fluuium
1463 2823 1797 2909 Mylertou,
1848 2829 1912 2889 ct
1942 2822 2128 2889 iuxta
2160 2822 2452 2890 eiusdem
2500 2821 2768 2887 fluuium
2804 2820 2871 2885 in
2908 2818 3077 2902 Vag-

823 2931 949 2998 kuz
982 2932 1361 3018 constitutis,
1395 2931 1477 2998 de
1501 2932 1934 3016 jobagionatu
1958 2929 2840 3016 castriZulga-Jaurinensis
2872 2935 3084 2995 trans·

825 3039 1098 3125 tulisset,
1147 3040 1499 3125 recepisset
1553 3025 1619 3107 et
1669 3038 2067 3126 reduxisset,
2126 3040 2193 3106 in
2243 3045 2452 3106 cetum
2499 3044 2562 3105 et
2594 3056 2928 3104 numerum
2961 3056 3088 3102 ser-

828 3148 1148 3215 uicneium
1209 3147 1551 3232 Regalium
1603 3155 1666 3214 et
1719 3147 2030 3214 nobilium
2085 3148 2291 3232 Regni
2342 3147 2460 3231 sui,
2535 3144 2784 3233 volens,
2835 3153 2905 3212 vt
2956 3152 3090 3210 tam

829 3254 978 3345 ipsi,
1026 3277 1221 3340 quam
1258 3277 1477 3323 corum
1508 3256 1782 3324 heredes
1841 3255 1961 3324 illa
2023 3257 2252 3325 eadem
2300 3257 2605 3325 libertate
2657 3261 2721 3321 et
2774 3272 3083 3337 preroga·

824 3364 965 3430 tina
994 3364 1352 3432 nobilitatis
1385 3366 1879 3450 gratularentur,
1932 3385 2061 3450 qua
2114 3366 2228 3453 alij
2284 3364 2539 3432 nobiles
2591 3361 2799 3447 Regni
2861 3361 2965 3427 sui
2999 3360 3096 3426 di·

827 3480 1293 3556 gnoscerentur
1321 3472 1674 3557 gratulari3
1731 3473 1836 3541 stb

833 3651 1084 3722 (Szepesi
1108 3653 1295 3707 Jakab
1348 3650 1776 3723 orszagbirbnak
1804 3670 1911 3721 egy
1943 3654 2166 3706 lave-ik
2193 3651 2279 3706 6νὶ
2305 3680 2374 3691 -
2403 3651 2694 3704 eredetben
2721 3652 2834 3703 tek.
2868 3651 3101 3717 Lippics

938 3741 1132 3796 Laszlo
1160 3741 1319 3797 iirnfil
1339 3744 1461 3797 levb'
1508 3770 1573 3780 —
1618 3743 2079 3809 iteletlevelebdh
2117 3744 2331 3796 kozolto
2355 3740 2520 3795 nebai
2546 3739 2691 3793 Rath
2722 3738 2968 3806 mroly.)
