3319 5249
1563 871 1621 937 7.

446 1073 708 1140 Hohold
740 1081 953 1137 mester
994 1073 1245 1138 lindvai
1291 1074 1573 1158 szb'llbjjet
1609 1098 1648 1136 a
1683 1074 1945 1137 vasva'ri
1992 1073 2433 1159 kdptalannak
2464 1075 2722 1139 adoma‘-

1336 1203 1593 1266 nyozza.
1647 1185 1841 1247 1272.

670 1378 808 1444 Nos
842 1376 1155 1462 Magister
1192 1378 1530 1447 Hoholdus
1582 1378 1899 1447 Dominus
1950 1378 2034 1445 de
2083 1378 2339 1446 Lindna
2391 1380 2710 1464 significa·

447 1508 618 1573 mus,
672 1488 910 1572 quibus
963 1488 1227 1576 expedit
1275 1488 1635 1573 vninersis3
1687 1487 1860 1572 quod
1911 1507 2027 1554 nos
2085 1505 2220 1553 vna
2270 1507 2417 1555 cum
2457 1487 2717 1554 Matheo

451 1603 523 1664 et
550 1595 883 1683 Stephano
915 1596 1070 1681 filijs
1102 1597 1361 1685 nostris,
1411 1597 1495 1664 ob
1527 1601 1818 1663 nostram
1855 1603 1918 1661 et
1949 1594 2212 1662 domine
2245 1595 2462 1663 vxoris
2495 1602 2713 1663 nostre

450 1708 625 1773 bone
674 1704 983 1773 memoris
1031 1707 1306 1773 salutem
1329 1757 1347 1790 ,
1403 1707 1664 1773 vineam
1696 1703 2035 1770 Chnrnnta
2083 1704 2150 1771 in
2193 1708 2450 1772 nostras
2483 1724 2715 1772 manns

456 1814 598 1881 suis
632 1812 845 1899 culpis
898 1813 1311 1898 exigentibus
1343 1814 1723 1882 denolntam
1746 1865 1764 1900 ,
1800 1813 2165 1898 plantatam
2216 1812 2283 1880 in
2322 1819 2538 1881 monte
2571 1813 2717 1880 Lin-

452 1918 606 2006 dna,
642 1921 967 1990 iacentem
999 1923 1087 1989 ad
1123 1923 1544 2009 occidentem,
1580 1922 1829 2006 absque
1855 1919 2190 1990 chibrione
2213 1921 2500 1989 Ecclesie
2530 1922 2716 1990 Beati

452 2029 798 2098 Michaelis
850 2029 934 2097 de
964 2031 1194 2098 Castro
1225 2031 1465 2100 Ferreo
1522 2031 1825 2098 duximus
1875 2029 2332 2098 conferendam
2353 2082 2373 2116 ,
2420 2029 2570 2114 jure
2604 2052 2713 2118 pe·

449 2140 702 2225 rempni
753 2138 1025 2225 pacifice
1073 2144 1139 2205 et
1171 2141 1387 2224 quiete
1428 2138 1935 2226 possidendam3
1985 2138 2081 2206 ita
2132 2142 2202 2204 nt
2239 2137 2475 2205 fratres
2509 2140 2574 2207 in
2607 2159 2709 2206 ea·

456 2245 602 2312 dem
656 2246 954 2314 Ecclesia
1007 2247 1150 2313 Deo
1216 2248 1575 2315 militantes
1644 2247 2048 2314 melioratam
2123 2256 2713 2333 quantumcunque,

452 2355 703 2438 absque
737 2356 878 2422 nlla
911 2354 1428 2423 contradiecione
1460 2364 1591 2423 tam
1622 2364 1868 2443 nostra,
1921 2376 2116 2440 quam
2147 2355 2424 2422 filiorum
2476 2360 2542 2421 et
2572 2374 2713 2440 pro-

452 2464 851 2549 pinquorum
888 2471 1249 2533 nostrornm
1279 2463 1535 2532 vineam
1570 2463 1932 2549 predictam
1970 2465 2177 2532 libere
2214 2473 2279 2532 et
2312 2484 2539 2533 secure
2567 2483 2713 2548 pos-

450 2570 784 2639 sidebunt.
846 2571 1034 2651 Quod
1067 2578 1138 2640 ut
1167 2577 1378 2640 ratum
1413 2572 1539 2661 sit,
1587 2594 1710 2642 nec
1740 2594 1856 2661 per
1907 2574 2274 2660 quempiam
2327 2573 2393 2641 in
2426 2573 2710 2640 futurum

452 2680 664 2764 possit
697 2680 937 2748 irritari
993 2680 1112 2748 hec
1141 2701 1413 2768 presens
1445 2682 1744 2769 donacio,
1795 2689 2130 2767 presentes
2180 2681 2439 2750 litteras
2489 2687 2711 2748 nostro

451 2788 669 2873 sigillo
717 2789 1029 2875 pendenti
1082 2790 1385 2858 duximus
1435 2790 1883 2859 conferendas.
1951 2792 2141 2860 Anno
2191 2789 2454 2859 Domini
2486 2787 2711 2856 M⁰cc⁰

452 2896 938 2984 septuagesimo
969 2899 1273 2967 secundo.

450 3094 723 3154 (Eredctie
750 3091 1097 3162 b6rhartyan.
1125 3112 1160 3148 a
1187 3094 1643 3165 hartyazsinegen
1672 3100 1890 3167 suggott
1913 3099 2101 3168 pecset
2144 3101 2439 3166 elveszott3
2478 3118 2510 3153 a
2537 3121 2710 3157 scom-

1099 3185 1343 3252 bathelyi
1369 3183 1633 3255 kaptalan
1674 3187 2064 3257 leveltarabn.)
