3319 5249
874 504 946 599 2)
994 511 1241 579 Amicis
1274 511 1411 579 suis
1440 511 1841 579 Reuerendis
1873 510 2239 580 Conuentui
2270 509 2565 578 Ecclesie
2600 510 2682 579 de
2712 502 2918 580 Jazou

664 618 950 688 Jacobus
1002 618 1084 685 de
1134 619 1377 707 Soepus
1428 619 1645 687 Judex
1700 619 1892 687 Ourie
1941 625 2028 713 et·
2065 619 2514 686 uniuersarum
2566 618 2919 685 Ciuitatum

661 727 906 801 domini
955 727 1270 796 Ludouiei
1321 728 1402 794 D.
1453 749 1553 813 gr.
1587 727 1786 813 Regis
1818 728 2153 813 Hungarie
2190 729 2315 795 stb.
2365 726 2711 815 Noueritis,
2746 727 2921 812 quod

661 836 917 905 domino
949 836 1263 904 Ladizlao
1295 839 1477 903 Duce
1509 834 1765 923 Opulye
1814 834 2093 922 predicti
2124 835 2331 919 Regni
2365 835 2697 920 Hungarie
2729 835 2920 903 Pala·

661 945 795 1013 tino
843 945 911 1010 in
961 944 1488 1029 Congregaeione
1539 942 1963 1011 Vniuersitati
2015 943 2344 1011 Nobilium
2378 942 2527 1009 Aba
2556 943 2806 1028 Wyuar
2853 947 2920 1009 et

662 1051 745 1119 de
778 1053 981 1119 Sarus
1003 1050 1442 1120 comitatuum
1476 1049 1645 1117 feria
1678 1050 1906 1134 quinta
1938 1052 2006 1117 in
2043 1050 2295 1119 ootauis
2327 1049 2480 1117 festi
2500 1049 2917 1135 Assumpeio·

658 1159 763 1226 nis
813 1159 1110 1243 Virginis
1161 1158 1458 1226 Gloriose
1507 1179 1682 1225 anno
1733 1157 2000 1226 Domini
2047 1155 2557 1225 M⁰CCC⁰LXX⁰
2588 1158 2918 1244 preteritis

659 1288 863 1355 prope
912 1268 1247 1335 ciuitatem
1278 1268 1487 1335 Cassa
1535 1268 1870 1337 celebrata
1917 1267 2214 1335 causales
2246 1286 2589 1353 processus
2624 1286 2916 1350 quorum·
2957 1321 2962 1324 .

660 1374 820 1443 libet
868 1374 1274 1460 litiganeium
1326 1372 1735 1459 dimeeiente,
1788 1374 2101 1442 Nicolaus
2141 1372 2182 1439 J
2187 1372 2355 1441 udex
2406 1374 2579 1440 dicte
2614 1369 2916 1440 Ciuitatis

661 1482 1001 1553 Cassensis
1055 1480 1139 1549 de
1171 1480 1383 1550 medio
1434 1489 1793 1550 ceterorum
1845 1482 2218 1565 exui-gendo
2250 1482 2369 1550 stb.
2419 1477 2495 1569 (a
2523 1484 2718 1549 varos
2748 1485 2914 1547 teru-

663 1593 823 1663 letet
873 1591 1248 1677 hatarjaras
1297 1589 1462 1657 altal
1498 1589 1931 1658 biztosittatni
1960 1590 2141 1676 keri;
2188 1611 2230 1656 a
2279 1588 2439 1655 mire
2489 1590 2691 1655 nezve
2720 1606 2764 1653 a
2793 1590 2920 1653 tar-

658 1700 894 1788 gyalas
948 1698 1075 1786 „ad
1108 1703 1443 1783 presentes
1498 1704 1771 1767 octauas
1821 1696 1954 1766 diei
1988 1694 2341 1784 eynerum“
2376 1692 2911 1781 elhalasztatott).

658 1807 948 1891 Tandem
1001 1806 1163 1892 ipsis
1215 1808 1463 1873 oetauis
1515 1804 1909 1874 instantibus
1962 1806 2249 1873 ‚Iacobus
2286 1803 2500 1872 Judex
2537 1802 2710 1871 dicte
2742 1799 2916 1868 Ciui-

660 1915 817 1982 tatis
866 1921 1091 1982 nostro
1142 1914 1577 2000 eompareudo
1625 1914 1693 1980 in
1730 1921 2080 2000 conspeetu
2131 1911 2463 1999 quoddam
2494 1911 2914 1998 priuilegium

662 2021 904 2088 domini
934 2020 1229 2088 Ladizlai
1262 2022 1440 2109 olym
1472 2022 1674 2107 Regis
1697 2022 2031 2107 Hungarie
2062 2041 2237 2089 anno
2271 2021 2537 2089 Domini
2567 2020 2913 2088 millesimo

660 2125 1003 2193 CO⁰LXX⁰
1039 2127 1246 2195 tercio
1310 2126 1587 2211 septimo
1649 2128 1972 2197 kalendas
2026 2127 2228 2216 Junij,
2285 2127 2495 2212 Regni
2548 2135 2761 2196 autem
2810 2127 2916 2197 sui

662 2256 834 2303 anno
862 2234 1075 2320 primo
1107 2243 1500 2322 emanatum,
1525 2242 1811 2303 tenorem
1835 2232 2239 2320 ‹juaruudem
2273 2234 2636 2303 litterarum
2668 2235 2915 2304 domini

659 2342 977 2428 Stephani
1028 2343 1206 2427 olym
1238 2341 1536 2409 similiter
1565 2345 1769 2428 Regis
1800 2344 2131 2428 Hungarie
2183 2342 2687 2429 priuilegialium
2739 2365 2913 2412 anno

662 2450 744 2515 ab
778 2450 1241 2517 Incarnaeione
1271 2450 1536 2518 Domini
1587 2450 1936 2518 millesimo
1973 2450 2317 2517 OC⁰LXX⁰
2350 2460 2798 2522 emanatarum
2831 2452 2913 2521 de

663 2560 860 2627 uerbo
894 2556 979 2623 ad
1013 2557 1282 2627 uerbum
1315 2558 1811 2644 transscriptiue
1852 2565 1914 2626 et
1946 2557 2386 2629 confirmatiue
2437 2558 2504 2627 in
2542 2581 2614 2628 se
2640 2561 2911 2651 habens,

661 2664 852 2732 nobis
872 2667 1125 2746 curauit
1157 2666 1467 2750 exhiberi,
1492 2665 1809 2733 exhibens
1838 2665 2012 2732 inter
2031 2666 2182 2751 alia,
2203 2665 2374 2750 quod
2406 2667 2578 2736 idem
2611 2669 2913 2736 dominus

658 2772 1027 2858 Stephanus
1058 2773 1199 2840 Rex
1248 2793 1365 2857 pro
1413 2772 1838 2840 fidelitatibus
1889 2781 1955 2840 et
1985 2773 2271 2858 seruitiis
2303 2774 2580 2842 Renoldi
2611 2777 2909 2862 Magistri

658 2877 1117 2963 Dapiferorum
1169 2879 1374 2947 Ducis
1426 2878 1727 2945 Ladizlai
1776 2879 1894 2962 filij
1948 2881 2050 2946 sui
2103 2887 2169 2946 et
2219 2880 2488 2948 Comitis
2527 2881 2910 2966 Agazonum

659 3003 919 3051 suorum
966 2984 1034 3050 in
1087 2983 1330 3052 eisdem
1361 2983 1594 3053 litteris
1648 2983 2018 3070 declaratis,
2059 2985 2229 3054 inter
2258 2986 2429 3056 alias
2464 2991 2909 3076 possessiones

656 3109 773 3157 seu
804 3097 1017 3159 terras
1047 3091 1349 3160 similiter
1387 3090 1453 3157 in
1488 3090 1733 3159 eisdem
1770 3091 2006 3160 litteris
2040 3100 2396 3182 contentas,
2430 3095 2748 3178 quasdam
2780 3106 2910 3167 ter-

656 3215 767 3263 ras
797 3197 1076 3283 Rozgon‚
1108 3199 1283 3265 Baas
1314 3204 1378 3264 et
1407 3198 1831 3284 Lapuspatak
1881 3208 2149 3268 vocatas
2186 3202 2256 3267 in
2289 3203 2619 3272 Comitatu
2650 3205 2730 3273 de
2760 3209 2910 3275 Aba

656 3303 925 3390 Wywar
975 3305 1328 3371 existentes
1379 3325 1521 3372 eum
1579 3306 1875 3374 omnibus
1927 3307 2348 3394 pertinencijs
2408 3318 2473 3378 et
2520 3312 2907 3382 vtilitatibus

656 3409 793 3496 suis
824 3409 1033 3477 eidem
1068 3412 1383 3496 Magistro
1404 3413 1695 3479 Renoldo
1727 3423 2042 3500 perpetuo
2073 3417 2474 3485 contulisset.
2506 3419 2633 3486 stb.
2665 3420 2916 3488 Datum

654 3515 724 3602 in
755 3514 1157 3601 Wyssegrad
1207 3518 1588 3586 duodecimo
1642 3518 1751 3585 die
1782 3521 2037 3588 termini
2080 3524 2405 3607 prenotati
2439 3545 2610 3592 anno
2641 3529 2907 3595 Domini

654 3623 999 3690 millesimo
1032 3622 1429 3692 CCC⁰LXX⁰
1461 3633 1714 3693 octauo,

941 3804 1211 3873 (Eredetie
1247 3807 1480 3873 papiron
1523 3821 1558 3857 a
1594 3806 1766 3857 budai
1807 3806 1910 3859 kir.
1956 3807 2200 3861 kamarai
2239 3808 2618 3880 leveltarban.)
