3319 5249
1753 323 1885 388 212

680 522 1073 591 seruientum
1110 520 1427 587 dictorum
1461 518 1740 584 fratrum
1771 515 2037 584 Ordinis
2070 513 2712 599 Premonstratensis,
2749 532 2938 597 quas·

681 632 834 698 dam
865 629 1282 697 reddiderunt
1328 646 1545 696 coram
1594 626 1796 712 ipsis,
1841 625 2009 693 alias
2060 644 2213 692 uero
2266 643 2372 691 res
2403 643 2621 691 eornm
2654 619 2937 702 ablatas,

686 740 843 823 quia
866 736 1093 805 famuli
1123 755 1341 803 eorum
1390 741 1726 821 presentes
1759 753 1889 800 non
1921 739 2126 817 erant,
2179 736 2541 798 restatuere
2571 746 2939 813 assumpse-

685 854 853 915 runt.
885 847 1046 913 Item
1079 845 1380 913 dixerunt
1412 842 1657 910 vidisse
1689 842 1891 928 ijdem
1911 841 2252 926 presbiteri
2288 859 2370 906 ex
2402 836 2744 906 seruientis
2766 832 2937 923 (tgy)

683 952 1029 1022 eorundem
1089 953 1362 1019 fratrum
1424 950 2048 1018 Premonstratensis
2103 947 2365 1015 Ordinis
2417 967 2614 1014 unum
2644 944 2944 1010 uulnera-

680 1068 819 1126 tum
881 1062 1187 1144 grauiter‚
1255 1058 1599 1125 habentem
1652 1057 1782 1123 tria
1813 1056 2093 1123 uulnera
2155 1055 2223 1120 in
2255 1055 2471 1139 capite
2535 1057 2600 1119 et
2648 1071 2845 1118 unum
2876 1050 2944 1116 in

682 1186 898 1234 manu.
963 1166 1208 1232 Datum
1268 1165 1433 1232 feria
1481 1161 1770 1233 secunda
1819 1163 2116 1250 proxima
2145 1168 2296 1249 post
2325 1163 2552 1247 Pasce,
2604 1179 2777 1228 anno
2811 1160 2937 1226 Do·

684 1272 839 1340 mini
872 1272 1314 1341 M⁰CC⁰LXX⁰
1346 1280 1600 1340 octauo.

686 1455 957 1520 (Ersdetie
986 1449 1335 1520 bb'rhartyan,
1364 1467 1397 1505 a
1424 1454 1597 1519 sugg&
1622 1450 1811 1519 pecset
1835 1451 2114 1514 elveszett‚
2141 1467 2174 1503 a
2193 1451 2358 1503 budai
2384 1451 2484 1502 kir.
2512 1451 2758 1502 kamarai
2786 1447 2942 1501 level·

1702 1537 1942 1608 tfirban.)

1755 2261 1905 2329 149.

694 2463 753 2530 A
804 2467 994 2550 9ῃὸνί
1043 2463 1488 2549 kdptalannak
1520 2463 1821 2547 jelentdse
1872 2458 1991 2528 IV.
2044 2460 2272 2528 Ldszld
2322 2462 2663 2547 kirdlyhoz
2696 2458 2953 2525 Szilvcis

960 2581 1121 2637 nevit
1152 2570 1494 2638 birtoknak
1526 2568 2212 2690 cladomcinyozhczta'sa
2244 2570 2438 2635 ircim.
2487 2569 2524 2633 1
2533 2570 2620 2638 27
2622 2573 2685 2636 8.

910 2767 1473 2835 Excellentissimo
1507 2765 1772 2834 domino
1805 2786 1921 2833 suo
1955 2765 2268 2832 Ladizlao
2302 2766 2426 2832 Dei
2458 2764 2682 2850 gracia
2699 2763 2953 2831 Illustri

694 2877 859 2962 Regi
920 2875 1256 2962 Hungarie
1327 2875 1696 2960 Capitulum
1746 2873 2111 2942 Jauriensis
2159 2873 2454 2944 Ecclesic
2504 2875 2841 2940 oraciones
2888 2871 2954 2936 in

697 2983 975 3052 Domino
1028 2982 1283 3050 debitas
1335 3003 1414 3048 ac
1466 2982 1756 3051 denotas.
1804 2984 2085 3052 Litteras
2133 2985 2364 3052 Uestre
2396 2982 2812 3051 Excellencie
2843 2978 2953 3047 dc-

696 3089 839 3184 bito
867 3110 1012 3155 cum
1045 3088 1290 3156 honore
1331 3091 1698 3175 recepimus
1727 3089 1797 3155 in
1829 3090 1950 3158 hec
1982 3091 2221 3156 uerba:

915 3195 1266 3262 Ladizlaus
1298 3197 1421 3262 Dei
1455 3199 1683 3282 gracia
1722 3200 1861 3265 Rex
1886 3199 2228 3282 Hungarie
2258 3197 2563 3266 fidelibus
2596 3199 2731 3266 suis
2763 3197 2953 3281 Capi-

700 3303 841 3369 tulo
874 3303 1201 3372 Jauriensi
1252 3306 1528 3372 salutem
1582 3313 1646 3373 et
1695 3306 2005 3391 graciam.
2052 3306 2339 3374 Jacobus
2389 3314 2454 3375 et
2491 3304 2840 3373 Ladizlaus
2874 3306 2956 3370 de

700 3411 916 3496 Zerky
950 3418 1179 3497 petunt
1231 3433 1273 3479 a
1319 3413 1509 3480 nobis
1561 3413 1886 3497 quandam
1922 3421 2159 3481 terram
2192 3413 2405 3481 Castri
2435 3415 2642 3481 nostri
2672 3414 2955 3481 Musuni-

704 3520 885 3585 ensis
917 3520 1214 3605 Scylwas
1245 3528 1565 3604 uocatam,
1603 3520 1876 3588 dicendo
1909 3522 2186 3589 eandem
2221 3541 2367 3589 esse
2399 3541 2673 3588 uacuam
2696 3529 2760 3589 et
2777 3521 2955 3587 habi·

706 3628 1026 3696 tatoribus
1057 3627 1453 3696 destitutam.
1504 3629 1726 3711 Quare
1761 3630 2061 3698 fidelitati
2092 3637 2305 3698 uestro
2334 3627 2749 3716 precipiendo
2778 3650 2957 3695 man-

701 3732 949 3819 damus,
1000 3743 1317 3820 quatenus
1371 3737 1648 3806 mittatis
1701 3759 1895 3806 unum
1932 3761 2013 3808 ex
2047 3739 2231 3807 uobis
2264 3758 2379 3823 pro
2411 3738 2800 3822 testimonio,
2847 3737 2960 3820 qui

700 3842 885 3928 sciat,
918 3848 1133 3909 utrum
1164 3843 1465 3929 predicta
1498 3851 1675 3913 terra
1702 3846 1789 3913 sit
1821 3866 2066 3933 uacua,
2137 3846 2306 3914 sicut
2339 3845 2562 3932 fertur,
2616 3851 2679 3912 et
2728 3844 2816 3912 ad
2847 3864 2960 3912 no·

700 3957 901 4017 stram
934 3953 1267 4036 pertinens
1300 3950 1729 4022 collacionem
1780 3956 1923 4022 sine
1972 3954 2338 4041 preiudicio
2392 3955 2558 4021 iuris
2606 3953 2847 4039 alieni;
2898 3963 2965 4020 et

702 4065 892 4142 prout
923 4060 1109 4127 nobis
1160 4080 1276 4145 per
1326 4060 1654 4127 hominem
1695 4069 1979 4131 uestrum
2012 4062 2390 4148 constiterit,
2439 4060 2627 4130 nobis
2678 4062 2963 4129 fideliter

700 4167 1096 4234 rescribatis.
1177 4169 1417 4236 Datum
1480 4170 1546 4236 in
1610 4176 1823 4238 castro
1872 4170 2160 4239 Budensi
2220 4172 2290 4238 in
2352 4169 2607 4238 octauis
2659 4170 2963 4238 Barnabe

699 4272 1013 4360 Apostoli.

916 4382 1051 4448 Nos
1113 4403 1268 4452 uero
1330 4385 1607 4472 receptis
1674 4385 1912 4452 litteris
1973 4386 2205 4454 Uestre
2237 4385 2668 4473 Excellencie,
2723 4387 2962 4452 uestris

704 4488 1026 4574 preceptis
1058 4496 1123 4556 et
1152 4491 1482 4561 mandatis
1515 4491 1781 4559 obedire
1815 4493 2168 4581 cupientes,
2210 4500 2280 4560 ut
2312 4500 2622 4579 tenemur,
2668 4493 2963 4560 misimus

702 4616 898 4663 vnum
950 4617 1031 4664 ex
1079 4598 1267 4667 nobis
1319 4621 1436 4686 pro
1488 4601 1859 4667 testimonio
1912 4620 2105 4694 super
2157 4601 2393 4668 faciem
2445 4599 2734 4688 predicte
2791 4610 2962 4667 terre
