3319 5249
1368 375 1457 447 49

272 574 499 642 debita
528 573 971 643 omnimodam
1003 573 1364 661 ueritatem,
1397 584 1464 645 et
1494 575 1562 642 in
1595 572 1892 661 predicta
1924 582 2113 643 sexta
2143 575 2312 644 feria
2342 577 2538 664 ijdem

273 702 393 747 sex
423 682 679 750 nobiles
728 681 1086 750 secundum
1135 683 1635 768 inquisicionem
1686 683 1755 749 in
1786 681 1915 751 fide
1965 684 2249 770 ipsorum
2299 686 2542 752 factam

273 796 594 873 quantum
645 790 1001 877 dampnum
1052 789 1182 877 ipsi
1213 788 1449 859 Comiti
1487 789 1775 860 Johanni
1823 811 1942 878 per
1973 790 2287 860 Comitem
2323 791 2543 861 Ochuz

272 898 630 981 irrogatum
681 898 1097 981 asseruerint,
1148 899 1383 967 Comes
1416 898 1634 967 Ochuz
1676 898 1889 967 eidem
1922 899 2264 968 refundere
2292 901 2541 968 tenebi-

273 1011 380 1070 tur
409 1006 480 1072 in
515 1007 818 1074 terminis
849 1027 964 1093 per
996 1008 1175 1092 ipsos
1206 1006 1461 1075 nobiles
1494 1007 1582 1073 ad
1613 1006 1738 1074 hoc
1771 1005 2141 1093 deputatis;
2184 1012 2249 1074 et
2278 1008 2543 1094 insuper

274 1113 510 1180 Comes
543 1111 771 1181 Ochuz
801 1112 890 1199 id,
944 1112 1118 1198 quod
1150 1113 1377 1181 Comes
1408 1111 1743 1183 Johannes
1774 1114 1844 1181 in
1875 1114 2383 1200 congregacione
2432 1136 2541 1183 no·

272 1228 410 1287 stra
463 1225 538 1289 in
565 1223 801 1307 Kapus
834 1222 1168 1291 celebrata
1219 1241 1364 1290 cum
1396 1221 1533 1289 suis
1585 1223 2012 1309 complicibus
2064 1231 2292 1291 contra
2328 1223 2541 1308 ipsum

274 1330 573 1418 protulit,
627 1330 951 1416 tolerabit,
999 1329 1107 1397 uel
1148 1329 1206 1398 si
1235 1328 1513 1416 predicti
1546 1350 1667 1398 sex
1698 1330 2114 1414 inquisitores
2144 1331 2213 1398 id
2245 1330 2534 1399 affirma-
2608 1351 2615 1356 ·

277 1438 512 1525 uerint,
565 1445 640 1504 ut
671 1438 899 1505 Comes
934 1436 1152 1505 Ochuz
1182 1437 1314 1524 ipsi
1347 1436 1583 1506 Comiti
1628 1438 1916 1508 Johanni
1966 1439 2214 1508 nullam
2264 1439 2543 1509 destruc·

276 1546 527 1614 cionem
579 1544 965 1631 irrogauerit
982 1598 1003 1633 ,
1049 1552 1116 1613 et
1163 1545 1232 1613 in
1287 1544 1586 1631 predicta
1627 1548 2143 1632 congregacione
2180 1545 2542 1614 indebitam

274 1652 770 1723 accnsacionem
822 1674 966 1722 cum
1015 1654 1151 1721 suis
1201 1652 1624 1740 complicibus
1678 1652 1994 1722 direxerit
2042 1659 2268 1721 contra
2304 1654 2539 1740 ipsum,

276 1768 520 1828 extunc
567 1761 757 1828 iuxta
803 1760 1206 1829 sentenciam
1254 1762 1547 1848 ipsorum
1596 1780 1717 1830 sex
1752 1761 2066 1829 nobilium
2103 1758 2277 1827 idem
2312 1758 2543 1827 Comes

274 1869 617 1937 Johannes
680 1866 920 1935 Comiti
980 1865 1201 1935 Ochuz
1273 1866 1355 1935 de
1417 1868 1811 1936 uerecundia
1873 1868 2000 1935 sibi
2079 1868 2269 1934 illata
2352 1867 2545 1935 debet

280 1997 536 2045 omnem
567 1976 1095 2045 satisfaccionem
1127 1975 1468 2061 exhibere3
1517 1984 1581 2046 et
1611 1976 1811 2044 iidem
1851 1976 2077 2045 arbitri
2107 1976 2360 2046 litteras
2389 1996 2543 2045 suas

278 2085 646 2154 concedent
692 2087 840 2171 ipso
870 2082 983 2151 die
1015 2083 1186 2169 parti
1232 2087 1499 2169 utrique
1538 2101 1736 2171 super
1774 2104 2083 2171 processu
2116 2085 2372 2170 negocij
2407 2105 2543 2172 pre·

275 2192 509 2261 notati.
559 2192 803 2259 Datum
836 2191 1113 2276 Symigij
1146 2191 1213 2260 in
1245 2193 1579 2261 dominica
1606 2191 1949 2259 Inuocauit
1979 2193 2104 2260 Me.

493 2301 700 2368 Kivssl
725 2324 749 2366 .-
794 2301 920 2366 Pro
951 2299 1206 2368 Comito
1234 2301 1535 2369 Johanne
1583 2301 1720 2369 filio
1769 2302 1922 2388 Isep
1967 2307 2194 2369 contra
2232 2298 2543 2368 Comitem

281 2408 504 2477 Ochus
539 2411 607 2475 in
642 2410 815 2477 facto
846 2418 1025 2477 terre
1054 2407 1301 2477 Chuna.

281 2587 557 2654 (Eredetie
599 2585 955 2658 bBrhartyan,
993 2588 1223 2657 melyrssl
1250 2605 1287 2643 ι
1325 2589 1513 2658 pecset
1553 2590 1830 2654 elveszetu
1867 2606 1902 2643 a
1943 2590 2107 2643 budai
2150 2590 2253 2644 kir.
2300 2591 2546 2645 itamar-ai

1218 2676 1602 2747 leveltairban.)

1364 3288 1476 3355 30.

292 3486 403 3552 IV.
437 3487 670 3553 Ldszld
698 3486 918 3574 kirdly
947 3487 1301 3572 nayco-&siti
1329 3484 1446 3552 IV.
1478 3487 1646 3553 Bela
1674 3490 1737 3553 έε
1780 3486 1846 3553 V.
1869 3489 2093 3552 Istvdn
2119 3485 2549 3572 kirdlyoknak

292 3596 568 3683 Machyk
629 3596 913 3682 Ῐιὸιεέςέι
973 3596 1282 3682 tdrqyazd
1341 3596 1884 3683 adomdnyozdscit
1944 3595 2293 3663 Perchinus
2354 3619 2548 3663 comes

1135 3707 1452 3770 szdmdra.
1506 3707 1701 3773 1274.

501 3902 863 3971 Ladizlaus
912 3900 1039 3970 Dei
1100 3903 1329 3987 gracia
1382 3900 1758 3988 Hungarie,
1822 3898 2184 3984 Dalmacie‚
2249 3897 2546 3986 Croacie,

291 4012 516 4098 Bame,
549 4010 795 4098 Seruie,
829 4010 1550 4098 Gallicie‚Lodomerie,
1571 4007 1907 4094 Cumanis,
1937 4007 2381 4092 Bulgarieque
2412 4006 2551 4074 Rex

289 4118 581 4186 omnibus
616 4137 886 4205 presens
915 4120 1229 4205 scriptum
1260 4119 1651 4205 inspecturis
1682 4118 1958 4185 salutem
1998 4118 2064 4183 in
2099 4114 2386 4182 omnium
2418 4114 2547 4182 sal·

293 4234 537 4295 natore.
583 4227 690 4292 Ad
722 4226 1170 4297 uniuersorum
1202 4228 1512 4294 noticiam
1556 4233 1780 4295 tenore
1811 4223 2219 4310 presencium
2252 4223 2552 4291 volumus

291 4335 667 4422 peruenire,
735 4332 912 4419 quod
978 4333 1189 4402 fidelis
1253 4342 1476 4402 noster
1528 4333 1760 4402 Comes
1811 4331 2171 4401 Perchinus
2223 4331 2293 4396 in
2341 4328 2550 4397 nostri

292 4461 678 4530 comparens
731 4443 1075 4529 presencia
1109 4440 1402 4510 exhibuit
1452 4448 1517 4509 et
1546 4439 1883 4508 hostendit
1918 4437 2106 4507 nobis
2137 4436 2548 4522 priuilegium

292 4552 624 4619 karissimi
676 4551 883 4636 patris
932 4550 1140 4618 nostri
1188 4548 1434 4619 domini
1484 4548 1798 4635 Stephani
1831 4547 2029 4631 Regis
2079 4545 2298 4614 inclite
2347 4563 2553 4613 recor·

292 4659 609 4746 dacionis,
662 4661 734 4728 in
765 4678 893 4742 quo
945 4656 1627 4742 uidimus‘contineri;
1672 4652 1846 4739 quod
1883 4653 2355 4724 Serenissimus
2386 4652 2553 4718 Bela

376 4796 705 4834 nomn
736 4794 900 4834 nuno.
931 4794 1056 4834 msa·
1109 4802 1189 4816 --
1225 4792 1370 4829 mvn.
1405 4786 1480 4833 17.
1867 4771 1870 4774 ⁴
2186 4763 2232 4828 4
