3319 5249
1397 219 1487 285 55

1283 310 1594 318 ῃ*-

300 430 461 493 mus‚
495 412 803 477 dedimus
834 418 900 477 et
932 411 1338 499 donauimus,
1379 435 1519 480 cum
1554 414 1854 481 omnibus
1886 415 2022 481 suis
2057 417 2470 500 pertinencijs
2506 426 2569 484 et

298 518 720 603 utilitatibus,
752 527 816 585 et
848 521 967 585 sub
1000 520 1277 605 hijsdem
1309 522 1497 589 metis
1531 543 1608 589 ac
1639 522 1952 602 terminis,
1990 524 2222 608 quibus
2256 544 2368 609 per
2403 525 2567 608 prio·

301 647 401 693 res
435 647 856 711 possessores
907 627 1188 697 limitata
1221 629 1432 697 fuerat
1482 639 1545 698 et
1579 650 1902 715 possessa,
1954 639 2268 716 perpetuo
2319 639 2386 698 et
2416 633 2567 698 irre-

300 735 689 802 uocabiliter
739 736 1224 822 possidendam
1272 739 1564 823 predicto
1603 738 1909 805 Morouch
1961 757 2160 822 super
2205 738 2353 821 ipsa
2392 744 2568 805 terra

299 848 689 928 perpetuum
721 843 1058 910 silencium
1092 844 1483 934 inponendo,
1528 846 1880 930 priuilegia
1918 844 2126 911 eciam
2160 848 2299 912 siue
2332 847 2567 913 instru-

301 959 522 1015 menta
555 950 716 1030 alia,
740 951 798 1015 si
830 972 961 1033 qna
992 950 1162 1018 idem
1188 953 1497 1019 Morouch
1528 953 1726 1019 habet
1760 973 1952 1036 super
1973 953 2330 1018 collacione
2360 954 2566 1036 ipsius

302 1066 491 1141 terre,
548 1059 943 1125 auctoritate
997 1061 1397 1143 presencium
1443 1061 1776 1127 irritando.
1826 1057 2102 1128 Eosdem
2138 1061 2306 1125 Ders
2338 1067 2405 1126 et
2436 1058 2562 1127 De-

300 1166 602 1233 metrium
652 1165 716 1230 in
753 1169 1155 1252 corporalem
1207 1168 1681 1254 possessionem
1735 1165 1905 1233 dicte
1955 1173 2123 1233 terre
2158 1169 2415 1252 Dragus
2448 1189 2564 1254 per

303 1275 543 1340 Kemns
580 1276 663 1340 de
697 1275 820 1361 Byl
853 1274 1170 1342 hominem
1224 1282 1511 1342 nostrum
1550 1296 1693 1342 cum
1728 1274 2095 1348 testimonio
2126 1273 2415 1342 fidelium
2458 1296 2565 1342 no-

301 1390 583 1449 strorum
619 1383 1087 1466 Strigoniensis
1122 1384 1429 1468 Capituli,
1480 1383 1859 1449 conuocatis
1893 1382 2192 1449 omnibus
2224 1389 2561 1449 commeta-

301 1490 440 1557 neis
497 1500 565 1557 et
599 1492 880 1575 vicinis,=
909 1499 975 1557 et
1004 1492 1263 1556 nemine
1295 1490 1769 1557 contradictore
1802 1490 2143 1575 existente,
2178 1495 2369 1574 prout
2402 1490 2560 1557 uidi-

301 1619 440 1662 mus
482 1599 548 1662 in
587 1597 877 1663 eiusdem
910 1596 1197 1682 Capituli
1248 1597 1488 1664 litteris
1530 1595 1860 1680 contineri,
1907 1596 2179 1662 fecimus
2212 1597 2560 1663 introduci.

299 1704 380 1769 Vt
409 1704 619 1788 igitur
649 1704 767 1769 hec
792 1712 1014 1770 nostra
1035 1703 1308 1770 donacio
1331 1704 1526 1769 robur
1558 1708 1870 1787 perpetue
1901 1701 2223 1767 firmitatis
2250 1702 2561 1784 obtineat,

300 1818 639 1896 presentes
691 1810 1123 1878 concessimus
1174 1812 1426 1876 litteras
1476 1809 1798 1895 dupplicis
1849 1809 2050 1893 sigilli
2101 1811 2306 1875 nostri
2356 1809 2558 1876 muni-

302 1919 473 1984 mine
523 1920 884 1985 roboratas.
934 1920 1173 1983 Datum
1227 1936 1343 2001 per
1379 1935 1609 1982 manus
1649 1915 1949 2000 Magistri
1983 1913 2318 1982 Benedicti
2350 1917 2559 1983 Electi

301 2023 767 2107 Strigoniensis
787 2077 804 2110 ,
858 2025 1150 2110 perpetui
1201 2024 1467 2090 Comitis
1516 2024 1644 2089 loci
1701 2022 1991 2089 eiusdem
2012 2074 2029 2107 ,
2079 2024 2401 2108 Prepositi
2441 2026 2560 2092 Bu-

302 2132 563 2218 densis,
619 2133 768 2201 aule
819 2141 1033 2200 nostre
1083 2131 1619 2215 vicecancellarij
1687 2129 1907 2196 dilecti
1958 2152 2036 2197 ac
2086 2130 2301 2197 fidelis
2351 2132 2557 2198 nostri

303 2260 471 2305 anno
525 2241 786 2307 Domini
838 2241 1174 2307 M⁰CC⁰LX
1187 2241 1277 2305 Χο
1311 2246 1536 2322 quarto
1588 2236 1662 2303 V.
1697 2238 2020 2305 kalendas
2055 2238 2318 2323 Aprilis,
2350 2240 2561 2323 Regni

303 2353 522 2414 autem
555 2349 757 2414 nostri
789 2368 960 2414 anno
994 2344 1298 2413 secunde.
1351 2345 1853 2413 Venerabilibus
1899 2345 2193 2430 patribus
2229 2346 2557 2431 Stephano

302 2453 637 2522 Colocensi
688 2461 754 2523 et
800 2455 1097 2521 Johanne
1149 2452 1523 2539 Spalatensi
1573 2451 2139 2539 Archiepiscopis;
2208 2454 2558 2540 Lamperto

301 2560 626 2648 Agriensi‚
666 2562 918 2630 Briccio
954 2561 1414 2649 Chanadiensi‚
1461 2563 1630 2632 Joub
1665 2560 2371 2648 Quinqueecclesiensi,
2407 2563 2554 2629 Phi-

301 2669 478 2755 lippo
511 2670 811 2736 Vaciensi
847 2671 997 2736 aule
1029 2669 1286 2737 domine
1316 2670 1566 2754 Regine
1597 2670 2029 2753 Cancellario,
2061 2669 2266 2735 Paulo
2298 2668 2554 2754 Vespri-

303 2778 527 2844 miensi
577 2777 727 2843 aule
777 2784 997 2843 nostre
1048 2777 1479 2857 Cancellario,
1528 2775 1889 2863 Tymotheo
1928 2776 2382 2858 Zagrabiensi,
2431 2777 2553 2844 Lo-

301 2884 584 2950 dometio
618 2884 1020 2967 Varadiensi,
1051 2885 1372 2970 Dyonisio
1404 2883 1735 2950 Jauriensi
1757 2889 1823 2949 et
1852 2883 2045 2948 Petro
2080 2882 2552 2948 Transsiluano

301 2991 641 3075 Episcopis
709 2992 1041 3058 Ecclesias
1090 2990 1215 3056 Dei
1278 2989 1552 3056 feliciter
1600 2989 2154 3074 gubernantibus;
2236 2987 2556 3070 Dyonisie

302 3097 598 3164 Palatino
631 3098 879 3163 Comite
932 3098 1012 3163 de
1065 3095 1296 3164 Oclich
1354 3106 1417 3164 et
1466 3094 1699 3163 Judice
1751 3094 2221 3178 Cumanorum,
2273 3096 2556 3161 Henrico

302 3206 481 3273 Bano
532 3207 742 3271 tocius
792 3205 1142 3271 Sclauonie
1161 3257 1180 3292 ,
1234 3203 1527 3288 Nycolao
1574 3202 1870 3271 Voiuoda
1921 3203 2396 3269 Transsiluano
2440 3200 2552 3268 Co-

302 3314 450 3381 mite
504 3313 590 3379 de
639 3312 910 3379 Zounuk
935 3364 951 3396 ,
1000 3310 1344 3397 Joachyno
1393 3310 1713 3393 Magistro
1745 3310 2258 3377 Tauamicorum
2308 3314 2556 3374 nostro-

300 3441 430 3485 rum
453 3471 472 3503 ,
525 3418 825 3503 Nycolao
856 3417 1087 3485 Judice
1120 3417 1314 3483 Curie
1364 3424 1589 3483 nostre
1622 3417 1868 3484 Comite
1920 3418 2001 3481 de
2037 3416 2371 3500 Guechke,
2427 3416 2557 3497 Ry-

299 3524 492 3591 noldo
554 3525 871 3607 Magistro
932 3524 1390 3609 Dapiferorum
1455 3518 1822 3590 nostrorum
1887 3523 2137 3589 Comite
2199 3524 2563 3606 Zolgageu-

302 3635 536 3717 riensi,
589 3633 922 3699 Herbordo
971 3633 1286 3715 Magistro
1330 3632 1716 3721 ,Agasonum
1768 3636 2133 3696 nostrorum
2187 3631 2435 3696 Comite
2475 3625 2556 3694 de

303 3741 603 3824 Barana,
652 3739 930 3806 Nicolao
964 3738 1272 3820 Magistro
1306 3737 1768 3803 Pincernarum
1803 3741 2161 3803 nostrorum
2196 3737 2443 3802 Comite
2477 3735 2558 3799 de

299 3847 527 3929 Bereg,
574 3844 779 3912 Paulo
810 3846 993 3911 Bano
1025 3844 1110 3909 de
1141 3845 1434 3927 Zeurino‚
1479 3846 1663 3930 Moys
1696 3845 2006 3928 Magistro
2038 3842 2553 3909 Tauarnicorum

298 3954 559 4020 domine
610 3953 855 4034 Regine
908 3951 1158 4019 Comite
1205 3951 1639 4038 Symigiensi,
1714 3949 2015 4017 Deudalo
2065 3948 2314 4015 Comite
2365 3948 2556 4014 Zala-

303 4058 551 4142 diensi,
596 4058 894 4126 Johanne
928 4057 1173 4125 Comite
1207 4058 1628 4144 Svprvniensi
1649 4108 1668 4142 ,
1716 4065 1781 4123 et
1832 4055 1984 4147 aliis
2036 4076 2226 4140 quam
2260 4055 2556 4141 pluribus

304 4166 663 4232 Comitatus
694 4167 900 4250 Regni
932 4166 1300 4233 tenentibus
1335 4172 1400 4232 et
1429 4165 1725 4232 honores.

303 4327 572 4387 (Eredetie
615 4323 960 4391 borhartyam
1006 4343 1042 4379 a
1083 4325 1270 4394 peeset
1311 4287 1594 4388 elveszota
1629 4343 1666 4379 a
1700 4342 1780 4377 m.
1820 4325 1870 4376 b.
1897 4322 2083 4390 Nyary
2127 4322 2428 4377 caaladnak
2455 4326 2551 4407 ba·

625 4417 869 4482 gongnai
896 4412 1288 4469 leveltarkban.
1327 4417 1483 4470 Kozli
1529 4434 1599 4469 m.
1626 4418 1679 4468 b.
1705 4412 1896 4482 Nybry
1914 4416 2106 4468 Albert
2130 4414 2232 4479 ur.)
