3319 5249
1844 396 1979 468 432

1835 1021 1988 1091 308.

782 1239 906 1307 Pdl
935 1242 1415 1323 horvdtorsqui
1474 1239 1595 1303 ὀάπ
1626 1239 1847 1304 Jadm
1880 1244 2101 1306 vdroot
2165 1240 2421 1326 ajdnlja
2472 1265 2513 1304 α
2539 1246 2726 1328 pdpa
2773 1243 3025 1329 pdrtfo-

1650 1346 1912 1432 qudba.
1952 1347 2146 1412 1285.

994 1558 1419 1625 Sanctissimo
1449 1560 1517 1626 in
1549 1559 1807 1626 Christo
1840 1561 2009 1644 patri
2074 1568 2137 1627 et
2168 1561 2431 1629 domino
2481 1562 2799 1628 Clementi
2832 1561 2895 1648 (ἲ
2915 1562 3018 1627 VI.

781 1665 1106 1732 Honorius
1139 1665 1279 1733 volt
1329 1667 1541 1733 akkor
1601 1665 1802 1753 papa)
1838 1667 2080 1734 Divina
2130 1667 2549 1753 providencia
2597 1670 3022 1735 sacrosancte

782 1773 1076 1839 Romane
1108 1772 1401 1840 Ecclesie
1433 1774 1697 1839 Summo
1729 1793 1808 1840 ac
1857 1776 2235 1842 Uniuersali
2268 1776 2587 1862 Pontifici,
2623 1775 2884 1842 domino
2915 1793 3023 1842 suo

784 1878 1132 1964 plurimum
1163 1882 1535 1964 reverendo,
1569 1881 1817 1947 Paulus
1882 1883 2103 1949 Banus
2135 1883 2585 1971 Chroatorum,
2621 1891 2688 1949 et
2718 1881 3025 1948 Dominus

782 1985 1015 2069 Bosne,
1048 1985 1285 2071 pedum
1320 1988 1539 2054 oscula
1605 1989 1936 2054 beatorum
1999 2010 2143 2055 cum
2206 1989 2647 2074 prontitudine
2695 1986 3030 2055 serviendo

785 2090 1159 2180 (igy).Quia
1181 2113 1309 2159 non
1331 2094 1442 2178 qui
1464 2095 1793 2181 inceperit,
1812 2096 1927 2161 sed
1951 2097 2125 2180 quod
2146 2096 2606 2180 persevaverit,
2633 2096 2866 2182 recipit
2887 2098 3023 2164 bra-

781 2200 996 2283 vium3
1029 2220 1109 2267 ac
1138 2199 1303 2265 illud
1337 2200 1677 2284 presertim
1709 2202 1890 2286 pium
1914 2210 2014 2269 est
2034 2202 2455 2283 laudandum,
2491 2201 2664 2286 quod
2694 2202 2825 2268 fine
2858 2202 3020 2270 clau-

782 2304 956 2374 ditur
986 2306 1277 2374 meliori:
1328 2308 1568 2376 idcirco
1600 2309 1668 2374 in
1715 2310 2069 2378 deuocione
2103 2310 2324 2376 debita
2357 2329 2758 2396 permanere,
2794 2317 2861 2376 et
2891 2328 3028 2375 cum

779 2418 1080 2497 prompta
1110 2435 1191 2482 ac
1219 2414 1397 2482 fideli
1430 2415 1921 2483 continuacione
1956 2417 2248 2485 serviciis
2283 2415 2563 2485 servicia
2592 2417 3025 2498 accumulare,

782 2518 1137 2603 Vestrequc
1166 2521 1550 2590 Sanctitatis
1615 2523 1946 2592 mandatis
2014 2532 2078 2590 et
2138 2526 2482 2610 preceptis,
2545 2543 2673 2590 non
2707 2519 3027 2609 parcendo

783 2626 1089 2711 periculis
1120 2636 1185 2695 et
1216 2634 1535 2719 expensis,
1567 2652 1683 2716 per
1714 2634 1934 2698 omnia
1983 2633 2252 2718 cupiens
2283 2633 2580 2717 obedire;
2618 2632 3028 2699 considerans

786 2734 1014 2801 Vestre
1046 2736 1531 2804 Dominacionis
1552 2740 2061 2807 contravenetos
2085 2740 2256 2806 latas
2276 2739 2668 2824 sentencias,
2703 2758 2782 2807 ac
2814 2759 3028 2806 eorum

787 2842 930 2906 visa
960 2844 1292 2926 protervia
1324 2851 1388 2910 et
1420 2845 1688 2931 duricia,
1710 2847 1791 2912 ob
1810 2847 2120 2914 honorem
2154 2858 2220 2913 et
2250 2847 2527 2932 gloriam
2552 2847 2789 2914 Sancte
2807 2846 3030 2913 Matris

783 2947 1070 3017 Ecclesie
1120 2951 1187 3016 in
1249 2951 1534 3018 medium
1574 2952 2061 3021 Jadratinorum
2128 2961 2495 3022 nostrorum
2559 2954 2938 3022 devotorum
2968 2958 3030 3018 et

782 3053 1087 3142 fidelium,
1121 3059 1232 3142 qui
1266 3060 1493 3127 Vestre
1526 3059 1920 3130 Sanctitatis
1949 3061 2225 3147 speciali
2260 3061 2435 3128 ducti
2467 3060 2727 3148 fiducia,
2759 3080 2801 3126 a
2834 3060 3031 3127 Vene-

782 3169 992 3230 torum
1023 3162 1310 3231 violento
1372 3164 1656 3233 dominio
1718 3168 2100 3235 recedentes
2164 3169 2249 3235 ad
2311 3167 2687 3235 libertatem
2748 3165 3032 3234 debitam

781 3280 1251 3357 pervenerunt:
1316 3276 1664 3357 requisitus
1696 3296 1812 3362 per
1873 3273 2136 3343 eosdem
2156 3327 2175 3363 ,
2240 3294 2451 3342 meum
2512 3273 3031 3361 primogenitum,

784 3378 1033 3445 Banum
1064 3380 1466 3448 Maladinum
1501 3383 1754 3450 Banum
1787 3382 2235 3469 Bosnensium,
2269 3382 2419 3449 misi
2440 3400 2586 3449 cum
2617 3383 2922 3468 potencia
2948 3380 3030 3448 ad

786 3483 1258 3557 defendendum
1319 3497 1385 3558 et
1445 3490 1998 3558 manutenendum
2061 3496 2127 3556 et
2187 3490 2658 3575 protegendum
2712 3486 3035 3574 predictos

785 3592 1180 3682 Jadratinos,
1214 3602 1551 3681 tamquam
1585 3595 1965 3664 odediencie
1994 3596 2162 3665 filios
2201 3602 2265 3664 et
2295 3594 2584 3679 devotos,
2614 3602 2843 3663 contra
2873 3596 3036 3663 Ven-

785 3710 888 3770 tos
920 3703 1344 3790 supradictos.
1378 3704 1553 3772 Sane
1574 3702 1731 3790 quia
1761 3704 1920 3770 dicti
1951 3703 2185 3773 Veneti
2217 3704 2523 3773 continuo
2556 3709 2778 3771 tenent
2810 3703 3034 3787 galeas

790 3815 1078 3877 armatas
1107 3817 1262 3878 ante
1292 3809 1584 3896 Jadram‚
1616 3812 1687 3877 in
1718 3809 1973 3879 insulas
2006 3811 2291 3898 ipsorum
2325 3807 2752 3890 devastando,
2782 3828 2905 3875 nec
2924 3808 3034 3874 ha·

788 3914 978 4007 bearn
1011 3914 1098 3982 ad
1128 3936 1392 4003 presens
1425 3918 1653 4002 galeas
1673 3914 1761 3984 ad
1793 3917 2188 3986 obviandum
2221 3916 2464 3985 eisdem
2496 3915 2841 4002 hostiliter,
2874 3915 3036 3981 sicut

788 4020 972 4090 decet
1001 4023 1332 4094 rebelibus
1362 4024 1691 4093 Ecclesie:
1725 4022 2070 4092 Sanctitati
2093 4025 2321 4092 Vestre
2340 4023 2603 4109 placeat
2633 4023 2718 4091 de
2750 4022 3035 4107 benigni·

786 4134 920 4198 tate
953 4137 1263 4199 consueta
1290 4130 1514 4198 taliter
1543 4150 1741 4218 super
1760 4130 1880 4199 hec
1911 4131 2278 4218 providere,
2321 4128 2494 4213 quod
2525 4127 2683 4196 dicti
2713 4126 3036 4196 Jadratini

784 4234 1014 4304 fideles
1046 4237 1244 4304 vestri
1277 4244 1342 4305 et
1373 4237 1631 4324 devoti,
1695 4257 1821 4305 non
1870 4238 2139 4322 possint,
2204 4255 2323 4302 nec
2384 4234 2650 4303 valeant
2677 4255 2797 4322 pcr
2829 4233 3035 4301 dictos

785 4342 1088 4431 Venetos,
1121 4343 1228 4410 vel
1259 4363 1375 4429 per
1408 4344 1667 4428 aliquos
1700 4346 1942 4411 amicos
2009 4350 2074 4410 et
2103 4343 2389 4411 fautores
2451 4361 2693 4430 eorum,
2757 4360 2950 4427 prece
2977 4346 3037 4407 et

787 4449 1000 4534 precio
1033 4448 1323 4537 infectos,
1376 4449 1566 4518 modo
1597 4450 1820 4535 aliquo
1849 4450 2175 4536 agravari,
2241 4449 2347 4517 vel
2409 4448 2785 4534 aliqualiter
2845 4449 3037 4515 mole-

786 4557 986 4643 stari3
1021 4575 1168 4624 cum
1196 4555 1402 4641 aliqui
1435 4557 1623 4625 obliti
1657 4576 1776 4625 sue
1815 4555 2047 4626 salutis
2079 4556 2336 4643 proprie
2370 4561 2440 4623 et
2466 4553 2759 4623 mandati
2790 4554 3033 4622 vicarii

783 4665 945 4733 Jesu
977 4663 1237 4751 Christi,
1277 4671 1414 4733 tam
1462 4665 1637 4752 apud
1687 4666 2063 4736 Ferrariam
2121 4683 2282 4733 ausu
2314 4664 2657 4748 temerario
2718 4681 2794 4731 se
2824 4681 3020 4750 oppo-
