3319 5249
1384 476 1549 542 419.

1370 1094 1522 1161 299.

308 1288 355 1351 I
366 1287 433 1352 V.
486 1288 717 1354 Ldazld
763 1290 983 1374 kirdly
1034 1288 1307 1357 Chanad
1355 1293 1818 1387 nemzetse'ybdi
1872 1297 2102 1364 Tamais
2134 1311 2354 1365 comest
2383 1302 2547 1366 Pon-

305 1397 635 1479 9rdcznak
669 1396 803 1479 ficit
837 1395 1116 1478 Csandd,
1154 1397 1329 1463 Orod
1359 1400 1423 1463 63
1463 1399 1673 1467 Temes
1713 1406 1951 1489 meqyei
1984 1406 2235 1471 cealddi
2265 1409 2536 1474 biv-tolca-

1044 1505 1167 1567 ban
1201 1505 1586 1591 meyerlisiti.
1626 1509 1827 1575 1285.

520 1696 877 1765 Ladizlaus
931 1699 1058 1767 Dei
1109 1700 1332 1782 gracia
1379 1700 1715 1785 Hungarie
1738 1754 1756 1789 ,
1823 1705 2165 1772 Dalmacie
2182 1756 2202 1790 ‚
2270 1705 2558 1795 Oroacie,

307 1806 553 1888 Rame,
598 1804 859 1889 Serme,
911 1805 1228 1890 Gallicie,
1287 1806 1714 1895 Lodomerie,
1761 1810 2076 1877 Cumanie
2126 1810 2560 1898 Bulgarieque

308 1912 452 1977 Rex
485 1909 781 1978 omnibus
815 1911 1056 1978 Christi
1088 1913 1384 1981 fidelibus
1428 1923 1798 2000 presentem
1829 1919 2140 2003 paginam
2172 1918 2562 2003 inspecturis

308 2017 589 2084 salutem
623 2017 693 2083 in
726 2018 1003 2084 Domino
1054 2021 1538 2104 sempiternam.
1603 2020 1707 2087 Ad
1757 2022 2202 2092 vniuersorum
2250 2027 2561 2093 noticiam

304 2131 534 2191 tenore
562 2124 967 2210 presencium
1001 2125 1300 2193 volumus
1329 2128 1673 2212 peruenire
1695 2181 1712 2214 ‚
1773 2129 1948 2211 quod
1979 2131 2295 2198 accedens
2327 2132 2414 2199 ad
2445 2154 2559 2199 no-

303 2237 511 2299 stram
544 2231 946 2316 presenciam
1012 2234 1243 2300 Comes
1274 2234 1562 2301 Thomas
1594 2235 1772 2303 filius
1821 2237 2186 2323 Pangracij‚
2218 2238 2334 2323 filij
2369 2238 2560 2307 Kele-

300 2357 449 2404 mus
482 2338 649 2405 Bani
667 2390 688 2426 ,
722 2357 926 2424 nepos
960 2339 1220 2423 Belerig
1252 2341 1336 2407 de
1365 2360 1605 2425 genere
1638 2340 1911 2409 Chanad
1929 2393 1944 2426 ,
1978 2343 2258 2429 petendo
2290 2363 2333 2409 a
2365 2346 2552 2411 nobis

301 2444 662 2531 humiliter,
681 2444 853 2530 quod
872 2447 1303 2514 consideratis
1335 2449 1468 2517 suis
1501 2449 1800 2517 fidelibus
1835 2451 2135 2537 seruicijs
2166 2453 2559 2539 meritorum,

302 2558 373 2620 et
403 2554 778 2639 specialiter
807 2573 929 2641 pro
951 2552 1126 2622 facto
1146 2556 1365 2622 mortis
1384 2556 1682 2623 Ladizlai
1706 2556 1928 2623 fratris
1960 2558 2059 2626 sui
2082 2559 2334 2645 vterini,
2353 2559 2463 2644 qui
2492 2560 2561 2626 in

303 2661 550 2728 nostris
581 2663 937 2747 prouincijs
969 2684 1088 2748 per
1119 2664 1447 2732 Cumanos
1469 2665 1817 2732 crudeliter
1844 2667 2062 2732 extitit
2091 2666 2514 2752 interemptus
2542 2691 2558 2751 ς

304 2788 535 2838 omnes
564 2770 1009 2855 possessiones
1060 2791 1212 2838 suas
1243 2769 1679 2840 hereditarias
1701 2823 1720 2858 ,
1755 2773 1822 2838 in
1857 2773 2281 2840 comitatibus
2313 2774 2562 2841 scilicet

305 2875 767 2961 Chanadiensi‚
788 2875 1136 2945 Orodiensi
1156 2885 1219 2944 et
1251 2878 1675 2947 Thimisiensi
1704 2880 2077 2961 existentes,
2110 2881 2315 2947 solum
2347 2880 2576 2965 ipsum‘

301 2991 652 3069 separatas
683 2984 768 3051 ab
797 2984 949 3067 alijs
982 2984 1289 3052 fratribus
1339 2986 1474 3053 suis
1504 2985 1926 3054 fratruelibus
1981 2987 2050 3052 in
2084 3007 2203 3053 vsu
2233 2986 2558 3054 fructuum

305 3098 793 3176 concernentes,
824 3091 1218 3162 authoritate
1248 3098 1470 3159 nostra
1500 3094 1711 3177 Regia
1758 3093 2278 3180 defenderemus,
2312 3101 2375 3161 et
2406 3113 2561 3160 eun·

305 3201 453 3268 dem
487 3201 745 3268 illesum
792 3202 878 3267 ab
928 3199 1222 3268 omnibus
1273 3199 1690 3267 inuasoribus
1709 3252 1730 3288 ,
1795 3207 1926 3266 tam
1960 3199 2308 3285 Cumanis,
2362 3220 2556 3283 quam

306 3311 518 3376 eciam
551 3329 593 3374 a
623 3309 945 3376 nobilibus
964 3310 1191 3392 ‘Regni
1242 3308 1460 3385 nostri,
1496 3315 1564 3374 et
1598 3306 1806 3373 eciam
1840 3308 1923 3375 de
1952 3306 2381 3392 generacione
2411 3325 2555 3392 sua,

307 3420 465 3501 quia
494 3418 638 3502 ipse
668 3416 967 3485 discessit
998 3421 1064 3481 et
1095 3416 1367 3482 recessit
1419 3414 1505 3481 ad
1537 3415 1705 3483 alias
1747 3416 2189 3502 possessiones
2223 3435 2376 3482 suas
2411 3434 2556 3481 cum

308 3524 515 3592 nobili
548 3524 811 3593 domina
855 3531 1059 3592 matre
1109 3542 1229 3590 sua
1279 3523 1597 3589 adductas
1658 3530 1724 3591 et
1773 3523 2052 3589 traditas
2101 3523 2170 3588 in
2200 3521 2559 3590 Keressz

310 3633 690 3719 existentes,
722 3650 1271 3715 conseruaremus‚
1307 3638 1370 3697 et
1400 3629 1455 3697 si
1506 3650 1671 3714 quas
1710 3650 1790 3697 ex
1823 3631 1921 3697 eis
1953 3629 2158 3713 aliqui
2188 3628 2414 3695 fideles
2446 3647 2557 3694 no·

310 3739 476 3806 biles
508 3739 721 3823 Regni
753 3739 957 3806 nostri
1003 3738 1108 3805 vel
1139 3735 1413 3804 Cumani
1466 3737 1727 3803 nomine
1776 3737 2255 3823 possessionum
2307 3733 2580 3801 heredi»

313 3850 648 3934 tatinum,
683 3846 835 3931 quia
869 3854 1084 3914 essent
1133 3846 1218 3911 ad
1252 3865 1518 3930 presens
1568 3843 2045 3911 habitatoribus
2077 3841 2402 3922 destitute,
2431 3840 2557 3908 sibi

309 3953 457 4020 dari
490 3961 554 4021 et
582 3953 862 4021 conferri
893 3975 937 4021 a
966 3953 1179 4036 nobis,
1215 3953 1322 4020 vel
1356 3971 1405 4016 a
1430 3951 1757 4036 Stephano
1790 3956 1905 4018 aut
1934 3950 2098 4016 Bela
2127 3949 2415 4032 Regibus
2445 3966 2560 4031 pa-

310 4059 604 4128 rentibus
634 4061 874 4128 nostris
905 4057 1187 4126 felicium
1245 4056 1773 4124 recordacionum
1806 4056 2264 4140 postulassent,
2298 4053 2555 4140 perqui-

310 4165 440 4235 sita
470 4169 746 4236 veritate
779 4166 926 4252 ipsa
973 4164 1393 4232 collacionem
1427 4170 1492 4230 et
1546 4161 1976 4230 donacionem
2007 4161 2425 4244 dignaremur
2454 4176 2557 4223 re-

310 4294 544 4343 uocare
568 4325 588 4360 ,
649 4285 716 4342 et
772 4272 1035 4341 easdem
1085 4270 1537 4356 possessiones
1603 4269 1673 4335 in
1724 4274 1861 4335 toto
1923 4267 2031 4334 vel
2079 4268 2149 4333 in
2181 4271 2370 4351 parte
2430 4260 2558 4347 ipsi

310 4381 546 4450 Comiti
574 4381 828 4446 Thome
859 4379 1196 4447 restituere
1228 4384 1293 4444 et
1342 4377 1697 4460 resignare.
1756 4372 2043 4450 Quarum
2107 4371 2366 4456 quidem
2412 4387 2556 4453 pos·

310 4490 676 4558 sessionum
706 4486 972 4555 nomina
1017 4484 1288 4552 inferius
1338 4481 1794 4564 declarantur;
1858 4478 2164 4546 videlicet
2190 4477 2355 4542 Zent
2384 4475 2554 4540 Leu-

310 4593 526 4679 rench,
556 4591 880 4683 KysfaIW,
930 4587 1356 4673 Molumzegh‚
1383 4585 1612 4654 Ladan
1630 4638 1647 4672 ,
1716 4586 1947 4652 Palata
1965 4635 1982 4669 ‚
2061 4579 2554 4651 Pradanmunu-

307 4713 504 4794 stura,
536 4696 1170 4787 Bodugazzonfalwa
1186 4744 1207 4783 ,
1256 4692 1547 4763 Scanath
1566 4741 1585 4777 ,
1616 4711 1761 4761 cum
1810 4688 2081 4777 piscinis
2104 4685 2546 4865 ze‘lt‘omnibm
