3319 5249
1439 388 1524 454 37)

1321 478 1427 486 ———

347 582 557 665 gendo
591 589 1024 671 proposuerat
1056 601 1132 650 eo
1167 582 1357 651 modo
1393 607 1409 649 ε
1459 584 1632 667 quod
1667 576 2017 653 Ladislaus
2057 582 2228 651 filius
2262 576 2606 670 Johannis,

347 690 746 758 Laurencius
798 689 972 757 filius
1018 689 1215 776 Petri,
1269 696 1332 757 et
1382 691 1551 758 alter
1601 691 1956 759 Ladislaus
2005 690 2174 758 filius
2224 691 2490 760 Nicolai
2528 691 2610 757 de

344 799 627 884 Rozgon,
680 799 895 884 ipsum
947 803 1010 863 et
1064 817 1219 865 suas
1269 798 1689 882 posteritates
1739 798 1804 864 in
1856 798 2152 884 predicta
2192 798 2610 884 possessione

345 923 460 971 sua
507 905 727 988 Tusyr
782 912 1018 972 vocata
1069 912 1296 971 contra
1352 905 1678 988 quoslibet
1747 906 2151 989 impetitores
2223 925 2609 975 conseruare

346 1012 886 1098 assumpsissent3
938 1033 1128 1098 quam
1164 1013 1424 1097 quidem
1477 1014 1962 1098 possessionem
2002 1014 2202 1080 vicini
2235 1020 2299 1081 et
2332 1034 2604 1082 comme-

344 1122 513 1187 tanci
549 1121 652 1187 sui
685 1121 969 1206 vndique
1020 1121 1380 1187 existentes
1436 1120 1568 1187 sere
1602 1122 1670 1187 in
1706 1122 1934 1189 maiori
1986 1128 2173 1207 parte
2226 1121 2312 1188 ad
2350 1142 2609 1209 posses·

347 1228 672 1295 sionarias
706 1228 995 1313 ipsorum
1046 1228 1385 1313 porciones
1436 1228 1834 1314 applicando
1878 1233 1963 1298 ab
2003 1233 2144 1316 ipso
2176 1231 2602 1316 alienassent,

341 1354 638 1417 nuncque
689 1337 829 1421 ipse
878 1354 994 1421 per
1044 1334 1220 1420 ipsos
1270 1334 1680 1419 Ladislautn,
1735 1336 2158 1404 Laureucium
2211 1344 2276 1404 et
2325 1338 2606 1406 alterum

343 1441 724 1510 Ladislaum
779 1445 846 1509 in
904 1444 1079 1509 dicta
1131 1444 1545 1528 possessione
1595 1445 1813 1529 'I'usyr
1870 1454 2100 1514 vocata
2149 1448 2334 1515 iuxta
2386 1467 2606 1515 eorum

345 1560 751 1636 assumptum
788 1573 857 1618 se
890 1572 1275 1618 conseruare
1318 1554 1513 1617 vellet
1549 1553 1688 1619 iure
1723 1554 2069 1622 mediante.
2119 1556 2264 1634 Quo
2296 1563 2602 1641 percepto

350 1658 678 1725 Demetrio
735 1657 866 1725 filio
910 1659 1213 1745 Symonis
1264 1681 1381 1744 pro
1432 1660 1743 1726 Ladislao
1795 1662 1927 1728 filio
1970 1661 2231 1728 Nicolai
2280 1662 2606 1730 antedicto

341 1788 483 1834 eum
516 1768 780 1852 nostris,
814 1788 930 1852 pro
985 1769 1191 1835 altero
1222 1788 1375 1835 vero
1410 1768 1726 1835 Ladislao
1773 1769 1906 1836 filio
1938 1768 2258 1838 Johannis
2277 1822 2296 1858 ,
2346 1779 2412 1838 et
2440 1771 2605 1838 Lau·

341 1874 556 1941 reneio
606 1875 740 1942 filio
790 1876 965 1943 Petri
1015 1876 1349 1961 Stephano
1400 1877 1543 1942 rufo
1617 1897 1761 1943 cum
1830 1878 2074 1945 litteris
2136 1880 2604 1966 procuratoriis

345 1981 717 2051 Conuentus
766 1983 846 2049 de
879 1986 1038 2052 Jazo
1070 1985 1136 2050 in
1170 1992 1456 2051 nostram
1492 1986 1955 2068 exurgentibus
1989 1986 2411 2071 presenciam,
2450 2008 2600 2054 ean-

342 2090 487 2158 dem
521 2111 791 2157 causam
826 2092 991 2176 ipsis
1041 2094 1337 2177 partibus
1379 2093 1749 2159 volentibus
1800 2099 1863 2158 et
1895 2095 2261 2178 petentibus
2311 2095 2397 2160 ad
2426 2103 2600 2162 octa—

342 2220 459 2265 vas
492 2200 643 2266 sesti
668 2200 1034 2285 Epiphanie
1053 2201 1319 2267 Domini
1352 2201 1654 2267 duximus
1686 2202 2161 2286 prorogandam
2183 2203 2312 2269 stb.
2346 2200 2601 2290 (Ekkor

349 2328 423 2371 az
455 2316 589 2392 ugy
623 2308 814 2374 ismet
860 2308 1186 2394 tlibbsziir,
1234 2329 1267 2374 s
1301 2310 1564 2391 elvegre
1621 2308 1747 2395 „ad
1779 2317 2113 2393 presentes
2145 2315 2413 2376 octauas
2447 2309 2600 2374 festi

340 2413 706 2499 Epiphanic
738 2413 1041 2481 Domiui“
1078 2414 1642 2499 elhalasztatvan3
1693 2415 1932 2481 Miklos
1985 2436 2201 2482 comes
2252 2417 2369 2482 ket
2401 2402 2596 2500 tulaj-

345 2520 852 2589 donatrnhazasi
888 2523 1200 2607 okmanyt
1229 2529 1435 2588 mutat
1472 2522 1614 2611 sel).
1682 2523 1992 2591 Preterea
2025 2524 2394 2591 Demetrius
2427 2522 2597 2589 filius

341 2629 661 2696 Johannis
714 2629 779 2694 in
812 2629 1105 2715 personis
1137 2629 1449 2696 dictorum
1504 2630 1819 2698 nobilium
1853 2632 1936 2698 de
1969 2635 2233 2716 Rozgon
2265 2631 2597 2714 quoddam

343 2735 758 2821 priuilegium
829 2737 1263 2804 Illustrissimi
1320 2737 1640 2823 Principis
1694 2737 1936 2804 domini
1993 2739 2291 2805 Ladizlai
2344 2738 2596 2824 pridem

340 2843 549 2910 incliti
602 2843 799 2929 Regis
831 2844 1168 2928 Hungarie
1217 2864 1391 2910 anno
1440 2845 1528 2924 ab,
1577 2844 2045 2912 Incarnacione
2078 2845 2338 2912 Domini
2371 2844 2596 2912 M⁰oc⁰

344 2950 819 3037 septuagesimo
871 2952 1071 3017 tercio
1112 2949 1493 3036 confectum,
1563 2952 2042 3018 transscribens
2092 2957 2158 3017 et
2209 2951 2595 3021 confirmans

342 3058 592 3126 litteras
639 3057 1086 3143 priuilegiales
1137 3056 1384 3124 domini
1435 3057 1752 3144 Stephani
1804 3055 1983 3142 olym
2023 3057 2223 3141 Regis
2262 3060 2597 3144 Hungarie

345 3186 514 3234 anno
562 3164 750 3234 verbi
801 3164 1121 3232 incarnati
1173 3162 1397 3231 M⁰Oc0
1436 3164 1921 3250 septuagesimo
1971 3171 2267 3231 exortum
2321 3166 2600 3234 reuoluit

346 3273 702 3341 decantans
732 3273 901 3342 inter
929 3273 1084 3357 alia,
1124 3273 1298 3357 quod
1328 3272 1500 3340 idem
1534 3273 1837 3340 dominus
1870 3273 2238 3358 Stephanus
2269 3274 2410 3342 Rex
2442 3273 2596 3340 fide·

344 3379 638 3450 litatibus
687 3387 751 3449 et
791 3379 1079 3449 fidelium
1108 3369 1579 3463 *obsequiorum
1630 3379 1993 3466 praeclaris
2023 3379 2271 3447 meritis
2302 3380 2597 3468 Renoldy

343 3489 636 3576 Magistri
666 3488 1126 3577 Dapiferornm
1151 3488 1353 3557 Ducis
1384 3487 1681 3557 Ladislai
1715 3487 1832 3572 filij
1868 3488 1989 3569 sui,
2024 3487 2253 3556 dilecti
2287 3493 2353 3555 et
2384 3486 2594 3556 fidelis

342 3596 457 3683 sni,
495 3597 765 3665 Comitis
795 3596 1171 3680 Agazonum
1200 3617 1459 3664 suorum
1511 3602 1575 3662 et
1606 3594 1690 3662 de
1719 3594 2023 3682 Zabolch,
2073 3596 2184 3679 qui
2214 3616 2258 3663 a
2287 3595 2597 3682 primeuis

343 3722 454 3772 sue
502 3702 860 3771 iuuentutis
912 3703 1313 3787 temporibus
1363 3703 1492 3770 sibi
1554 3702 1731 3789 omni
1781 3700 2144 3768 conaminis
2194 3701 2414 3768 studio
2463 3706 2595 3768 stu·

342 3810 591 3880 dnisset
639 3809 1061 3898 complacere,
1119 3812 1190 3876 in
1222 3811 1352 3879 Sue
1382 3811 1748 3879 Maiestatis
1799 3807 2357 3877 reminiscenciam
2408 3804 2593 3874 redu·

342 3917 500 4005 ctis,
555 3917 886 4002 quandam
934 3925 1177 3985 terram
1225 3919 1442 4004 Tusyr
1492 3918 1562 3985 in
1609 3917 1939 3985 Comitatu
1994 3914 2076 3984 de
2126 3912 2413 3984 Zabolch
2460 3915 2594 3981 exi·

342 4030 614 4092 stentem
655 4043 800 4091 cum
831 4026 1128 4093 omnibus
1160 4023 1294 4091 suis
1325 4005 1754 4109 vtilitatibus,‘
1783 4021 2210 4109 pertinencijs
2259 4029 2325 4089 et
2355 4041 2594 4107 appen-

344 4129 527 4218 dicijs
557 4129 773 4199 eidem
791 4130 1102 4216 Magistro
1123 4131 1416 4199 Renoldo
1449 4129 1760 4216 dedisset,
1788 4130 2097 4197 donasset
2119 4137 2186 4197 et
2214 4128 2598 4197 tradidisset

340 4238 475 4318 iure
536 4244 850 4325 perpetuo
910 4236 1372 4323 possidendam
1392 4287 1411 4321 ,
1508 4236 1860 4304 tenendam
1921 4243 1988 4303 et
2045 4232 2410 4303 habendam
2473 4239 2596 4304 stb.

357 4345 593 4414 Datum
640 4345 712 4414 in
740 4340 1112 4431 wysegrad
1161 4341 1543 4411 duodecimo
1590 4342 1697 4410 die
1727 4341 1992 4409 termini
2026 4342 2374 4431 prenotati,
2422 4361 2595 4410 anno

345 4451 603 4521 Domini
630 4450 976 4520 millesimo
1006 4448 1346 4519 ccc⁰Lx⁰
1374 4456 1579 4518 sexto.

579 4672 589 4680 ,
679 4610 948 4681 (Emdetie
971 4615 1203 4680 papir-on
1228 4627 1262 4664 a
1290 4611 1453 4664 budai
1479 4612 1583 4663 kir.
1610 4612 1860 4662 kamarai
1887 4606 2268 4674 levhlt‘rban.)

2173 4768 2269 4848 3.
