<?xml version="1.0" encoding="UTF-8"?>
<!DOCTYPE html PUBLIC "-//W3C//DTD XHTML 1.0 Transitional//EN"
    "http://www.w3.org/TR/xhtml1/DTD/xhtml1-transitional.dtd">
<html xmlns="http://www.w3.org/1999/xhtml" xml:lang="en" lang="en">
 <head>
  <title>
</title>
<meta http-equiv="Content-Type" content="text/html;charset=utf-8" />
  <meta name='ocr-system' content='tesseract 3.04.00' />
  <meta name='ocr-capabilities' content='ocr_page ocr_carea ocr_par ocr_line ocrx_word'/>
</head>
<body>
  <div class='ocr_page' id='page_1' title='image "./rpdkorijokmnytr00wenzgoog_0557.png"; bbox 0 0 3319 5249; ppageno 0'>
   <div class='ocr_carea' id='block_1_1' title="bbox 1300 340 1432 409">
    <p class='ocr_par' dir='ltr' id='par_1_1' title="bbox 1300 340 1432 409">
     <span class='ocr_line' id='line_1_1' title="bbox 1300 340 1432 409; baseline 0.023 -4"><span class='ocrx_word' id='word_1_1' title='bbox 1300 340 1432 409; x_wconf 80' lang='lat'><strong>481</strong></span> 
     </span>
    </p>
   </div>
   <div class='ocr_carea' id='block_1_2' title="bbox 1224 428 1543 441">
    <p class='ocr_par' dir='ltr' id='par_1_2' title="bbox 1224 428 1543 441">
     <span class='ocr_line' id='line_1_2' title="bbox 1224 428 1543 441; baseline 0 4808"><span class='ocrx_word' id='word_1_2' title='bbox 1224 428 1543 441; x_wconf 95' lang='lat' dir='ltr'><strong> </strong></span> 
     </span>
    </p>
   </div>
   <div class='ocr_carea' id='block_1_3' title="bbox 1310 977 1467 1046">
    <p class='ocr_par' dir='ltr' id='par_1_3' title="bbox 1310 977 1467 1046">
     <span class='ocr_line' id='line_1_3' title="bbox 1310 977 1467 1046; baseline -0.006 0"><span class='ocrx_word' id='word_1_3' title='bbox 1310 977 1467 1046; x_wconf 76' lang='lat'><strong>348.</strong></span> 
     </span>
    </p>
   </div>
   <div class='ocr_carea' id='block_1_4' title="bbox 262 1186 2529 1389">
    <p class='ocr_par' dir='ltr' id='par_1_4' title="bbox 262 1186 2529 1389">
     <span class='ocr_line' id='line_1_4' title="bbox 262 1186 2529 1284; baseline -0.001 -19"><span class='ocrx_word' id='word_1_4' title='bbox 262 1200 505 1265; x_wconf 61' lang='lat' dir='ltr'><strong>Omode</strong></span> <span class='ocrx_word' id='word_1_5' title='bbox 531 1199 882 1265; x_wconf 77' lang='lat' dir='ltr'><strong>midornak</strong></span> <span class='ocrx_word' id='word_1_6' title='bbox 913 1197 1386 1284; x_wconf 60' lang='lat' dir='ltr'><strong>torvdnykezdsi</strong></span> <span class='ocrx_word' id='word_1_7' title='bbox 1404 1193 1790 1260; x_wconf 61' lang='lat' dir='ltr'><strong>intdzkede&#39;se</strong></span> <span class='ocrx_word' id='word_1_8' title='bbox 1810 1193 1945 1260; x_wconf 80' lang='lat' dir='ltr'><strong>Bek</strong></span> <span class='ocrx_word' id='word_1_9' title='bbox 1981 1186 2178 1262; x_wconf 68' lang='lat' dir='ltr'><strong>comes</strong></span> <span class='ocrx_word' id='word_1_10' title='bbox 2208 1198 2272 1262; x_wconf 69' lang='lat'><strong>6⁸</strong></span> <span class='ocrx_word' id='word_1_11' title='bbox 2302 1199 2529 1264; x_wconf 80' lang='lat' dir='ltr'><strong>annak</strong></span> 
     </span>
     <span class='ocr_line' id='line_1_5' title="bbox 608 1301 2117 1389; baseline -0.003 -19"><span class='ocrx_word' id='word_1_12' title='bbox 608 1305 714 1389; x_wconf 82' lang='lat' dir='ltr'><strong>fia</strong></span> <span class='ocrx_word' id='word_1_13' title='bbox 746 1305 1024 1371; x_wconf 63' lang='lat' dir='ltr'><strong>Ldrincz</strong></span> <span class='ocrx_word' id='word_1_14' title='bbox 1056 1303 1351 1371; x_wconf 78' lang='lat' dir='ltr'><strong>Ruichai</strong></span> <span class='ocrx_word' id='word_1_15' title='bbox 1394 1301 1673 1368; x_wconf 65' lang='lat' dir='ltr'><strong>«nemesek</strong></span> <span class='ocrx_word' id='word_1_16' title='bbox 1703 1301 2117 1367; x_wconf 65' lang='lat' dir='ltr'><strong>allen.·1288.</strong></span> 
     </span>
    </p>
   </div>
   <div class='ocr_carea' id='block_1_5' title="bbox 248 1496 2524 1798">
    <p class='ocr_par' dir='ltr' id='par_1_5' title="bbox 248 1496 2524 1798">
     <span class='ocr_line' id='line_1_6' title="bbox 469 1496 2524 1569; baseline 0.001 -2"><span class='ocrx_word' id='word_1_17' title='bbox 469 1501 793 1567; x_wconf 90' lang='lat' dir='ltr'><strong>Omodeus</strong></span> <span class='ocrx_word' id='word_1_18' title='bbox 823 1498 1170 1566; x_wconf 88' lang='lat' dir='ltr'><strong>Palatinus</strong></span> <span class='ocrx_word' id='word_1_19' title='bbox 1205 1496 1434 1565; x_wconf 90' lang='lat' dir='ltr'><strong>Comes</strong></span> <span class='ocrx_word' id='word_1_20' title='bbox 1465 1497 1903 1564; x_wconf 88' lang='lat' dir='ltr'><strong>Musuniensis</strong></span> <span class='ocrx_word' id='word_1_21' title='bbox 1935 1498 2252 1567; x_wconf 83' lang='lat' dir='ltr'><strong>vniuersis</strong></span> <span class='ocrx_word' id='word_1_22' title='bbox 2284 1498 2524 1569; x_wconf 83' lang='lat' dir='ltr'><strong>Christi</strong></span> 
     </span>
     <span class='ocr_line' id='line_1_7' title="bbox 250 1604 2524 1693; baseline 0 -18"><span class='ocrx_word' id='word_1_23' title='bbox 250 1607 555 1675; x_wconf 89' lang='lat' dir='ltr'><strong>fidelibus</strong></span> <span class='ocrx_word' id='word_1_24' title='bbox 583 1613 920 1693; x_wconf 80' lang='lat' dir='ltr'><strong>presentes</strong></span> <span class='ocrx_word' id='word_1_25' title='bbox 951 1607 1199 1673; x_wconf 83' lang='lat' dir='ltr'>litteras</span> <span class='ocrx_word' id='word_1_26' title='bbox 1231 1606 1622 1691; x_wconf 87' lang='lat' dir='ltr'><strong>inspecturis</strong></span> <span class='ocrx_word' id='word_1_27' title='bbox 1654 1604 1940 1671; x_wconf 90' lang='lat' dir='ltr'><strong>animum</strong></span> <span class='ocrx_word' id='word_1_28' title='bbox 1973 1605 2040 1669; x_wconf 92' lang='lat' dir='ltr'><strong>in</strong></span> <span class='ocrx_word' id='word_1_29' title='bbox 2074 1607 2350 1674; x_wconf 91' lang='lat' dir='ltr'><strong>Domino</strong></span> <span class='ocrx_word' id='word_1_30' title='bbox 2380 1629 2524 1693; x_wconf 85' lang='lat' dir='ltr'><strong>gra·</strong></span> 
     </span>
     <span class='ocr_line' id='line_1_8' title="bbox 248 1712 2522 1798; baseline -0.001 -15"><span class='ocrx_word' id='word_1_31' title='bbox 248 1716 489 1798; x_wconf 83' lang='lat' dir='ltr'><strong>tulary.</strong></span> <span class='ocrx_word' id='word_1_32' title='bbox 524 1714 626 1780; x_wconf 89' lang='lat' dir='ltr'><strong>Ad</strong></span> <span class='ocrx_word' id='word_1_33' title='bbox 658 1714 1106 1781; x_wconf 72' lang='lat' dir='ltr'><strong>Vniuersorum</strong></span> <span class='ocrx_word' id='word_1_34' title='bbox 1139 1719 1273 1778; x_wconf 89' lang='lat' dir='ltr'><strong>tam</strong></span> <span class='ocrx_word' id='word_1_35' title='bbox 1314 1712 1718 1798; x_wconf 90' lang='lat' dir='ltr'><strong>presencium</strong></span> <span class='ocrx_word' id='word_1_36' title='bbox 1752 1732 1945 1794; x_wconf 90' lang='lat' dir='ltr'><strong>quam</strong></span> <span class='ocrx_word' id='word_1_37' title='bbox 1977 1723 2376 1796; x_wconf 70' lang='lat' dir='ltr'>posterorum</span> <span class='ocrx_word' id='word_1_38' title='bbox 2408 1735 2522 1781; x_wconf 90' lang='lat' dir='ltr'><strong>no·</strong></span> 
     </span>
    </p>
   </div>
   <div class='ocr_carea' id='block_1_6' title="bbox 252 1819 2660 1906">
    <p class='ocr_par' dir='ltr' id='par_1_6' title="bbox 252 1819 2660 1906">
     <span class='ocr_line' id='line_1_9' title="bbox 252 1819 2660 1906; baseline 0 -15"><span class='ocrx_word' id='word_1_39' title='bbox 252 1824 476 1891; x_wconf 89' lang='lat' dir='ltr'><strong>ticiam</strong></span> <span class='ocrx_word' id='word_1_40' title='bbox 510 1821 735 1888; x_wconf 87' lang='lat' dir='ltr'><strong>harum</strong></span> <span class='ocrx_word' id='word_1_41' title='bbox 785 1823 953 1889; x_wconf 89' lang='lat' dir='ltr'><strong>serie</strong></span> <span class='ocrx_word' id='word_1_42' title='bbox 1002 1823 1291 1888; x_wconf 81' lang='lat' dir='ltr'><strong>volumus</strong></span> <span class='ocrx_word' id='word_1_43' title='bbox 1339 1821 1722 1906; x_wconf 90' lang='lat' dir='ltr'><strong>peruenire,</strong></span> <span class='ocrx_word' id='word_1_44' title='bbox 1787 1819 1958 1904; x_wconf 88' lang='lat' dir='ltr'><strong>quod</strong></span> <span class='ocrx_word' id='word_1_45' title='bbox 2014 1838 2156 1886; x_wconf 85' lang='lat' dir='ltr'><strong>cum</strong></span> <span class='ocrx_word' id='word_1_46' title='bbox 2206 1821 2526 1889; x_wconf 87' lang='lat' dir='ltr'><strong>Martinus</strong></span> <span class='ocrx_word' id='word_1_47' title='bbox 2643 1877 2660 1891; x_wconf 39' lang='grc' dir='ltr'><em>Ι</em></span> 
     </span>
    </p>
   </div>
   <div class='ocr_carea' id='block_1_7' title="bbox 244 1924 2560 4703">
    <p class='ocr_par' dir='ltr' id='par_1_7' title="bbox 244 1924 2560 4703">
     <span class='ocr_line' id='line_1_10' title="bbox 250 1924 2524 2016; baseline -0 -19"><span class='ocrx_word' id='word_1_48' title='bbox 250 1931 424 1998; x_wconf 89' lang='lat' dir='ltr'><strong>filius</strong></span> <span class='ocrx_word' id='word_1_49' title='bbox 460 1931 725 1996; x_wconf 87' lang='lat' dir='ltr'><strong>Comitis</strong></span> <span class='ocrx_word' id='word_1_50' title='bbox 758 1926 969 2016; x_wconf 90' lang='lat' dir='ltr'><strong>B(eke</strong></span> <span class='ocrx_word' id='word_1_51' title='bbox 1025 1935 1088 1995; x_wconf 89' lang='lat' dir='ltr'><strong>et</strong></span> <span class='ocrx_word' id='word_1_52' title='bbox 1120 1924 1553 2014; x_wconf 87' lang='lat' dir='ltr'><strong>Laurenci)us</strong></span> <span class='ocrx_word' id='word_1_53' title='bbox 1617 1926 1789 1993; x_wconf 90' lang='lat' dir='ltr'><strong>filius</strong></span> <span class='ocrx_word' id='word_1_54' title='bbox 1845 1927 2127 1992; x_wconf 88' lang='lat' dir='ltr'><strong>eiusdem</strong></span> <span class='ocrx_word' id='word_1_55' title='bbox 2161 1928 2410 1994; x_wconf 86' lang='lat' dir='ltr'><strong>nobiles</strong></span> <span class='ocrx_word' id='word_1_56' title='bbox 2442 1928 2524 1996; x_wconf 88' lang='lat' dir='ltr'><strong>de</strong></span> 
     </span>
     <span class='ocr_line' id='line_1_11' title="bbox 248 2034 2525 2119; baseline -0.001 -14"><span class='ocrx_word' id='word_1_57' title='bbox 248 2036 503 2105; x_wconf 87' lang='lat' dir='ltr'><strong>Ruicba</strong></span> <span class='ocrx_word' id='word_1_58' title='bbox 532 2037 600 2101; x_wconf 93' lang='lat' dir='ltr'><strong>in</strong></span> <span class='ocrx_word' id='word_1_59' title='bbox 632 2036 850 2101; x_wconf 91' lang='lat' dir='ltr'><strong>multis</strong></span> <span class='ocrx_word' id='word_1_60' title='bbox 879 2034 1141 2119; x_wconf 84' lang='lat' dir='ltr'><strong>iudicijs</strong></span> <span class='ocrx_word' id='word_1_61' title='bbox 1174 2055 1302 2101; x_wconf 92' lang='lat' dir='ltr'><strong>non</strong></span> <span class='ocrx_word' id='word_1_62' title='bbox 1338 2034 1783 2118; x_wconf 80' lang='lat' dir='ltr'><strong>comparendo</strong></span> <span class='ocrx_word' id='word_1_63' title='bbox 1804 2085 1822 2119; x_wconf 91' lang='lat'><em>‚</em></span> <span class='ocrx_word' id='word_1_64' title='bbox 1875 2054 1995 2099; x_wconf 89' lang='lat' dir='ltr'><strong>nec</strong></span> <span class='ocrx_word' id='word_1_65' title='bbox 2032 2035 2344 2101; x_wconf 90' lang='lat' dir='ltr'><strong>mittendo</strong></span> <span class='ocrx_word' id='word_1_66' title='bbox 2375 2057 2525 2102; x_wconf 90' lang='lat' dir='ltr'><strong>con-</strong></span> 
     </span>
     <span class='ocr_line' id='line_1_12' title="bbox 249 2142 2526 2231; baseline 0.001 -21"><span class='ocrx_word' id='word_1_67' title='bbox 249 2154 351 2211; x_wconf 88' lang='lat' dir='ltr'><strong>tra</strong></span> <span class='ocrx_word' id='word_1_68' title='bbox 400 2145 614 2231; x_wconf 83' lang='lat' dir='ltr'><strong>Heym</strong></span> <span class='ocrx_word' id='word_1_69' title='bbox 667 2143 868 2209; x_wconf 91' lang='lat' dir='ltr'><strong>filium</strong></span> <span class='ocrx_word' id='word_1_70' title='bbox 922 2143 1232 2225; x_wconf 83' lang='lat' dir='ltr'>Magistri</span> <span class='ocrx_word' id='word_1_71' title='bbox 1292 2144 1544 2229; x_wconf 84' lang='lat' dir='ltr'><strong>Wydus</strong></span> <span class='ocrx_word' id='word_1_72' title='bbox 1592 2142 1880 2225; x_wconf 83' lang='lat' dir='ltr'><strong>legitime</strong></span> <span class='ocrx_word' id='word_1_73' title='bbox 1947 2145 2410 2211; x_wconf 78' lang='lat' dir='ltr'><strong>remansissent</strong></span> <span class='ocrx_word' id='word_1_74' title='bbox 2455 2147 2526 2212; x_wconf 89' lang='lat' dir='ltr'><strong>in</strong></span> 
     </span>
     <span class='ocr_line' id='line_1_13' title="bbox 253 2247 2525 2339; baseline -0.001 -18"><span class='ocrx_word' id='word_1_75' title='bbox 253 2255 457 2321; x_wconf 86' lang='lat' dir='ltr'><strong>nostri</strong></span> <span class='ocrx_word' id='word_1_76' title='bbox 493 2251 854 2338; x_wconf 82' lang='lat' dir='ltr'><strong>presencia,</strong></span> <span class='ocrx_word' id='word_1_77' title='bbox 887 2251 1053 2339; x_wconf 84' lang='lat' dir='ltr'><strong>sicut</strong></span> <span class='ocrx_word' id='word_1_78' title='bbox 1082 2249 1152 2317; x_wconf 91' lang='lat' dir='ltr'><strong>id</strong></span> <span class='ocrx_word' id='word_1_79' title='bbox 1190 2248 1284 2336; x_wconf 88' lang='lat' dir='ltr'><strong>(in</strong></span> <span class='ocrx_word' id='word_1_80' title='bbox 1320 2250 1432 2315; x_wconf 91' lang='lat' dir='ltr'><strong>diu</strong></span> <span class='ocrx_word' id='word_1_81' title='bbox 1446 2247 1640 2336; x_wconf 87' lang='lat' dir='ltr'><strong>er)sis</strong></span> <span class='ocrx_word' id='word_1_82' title='bbox 1674 2250 1903 2316; x_wconf 88' lang='lat' dir='ltr'><strong>nostris</strong></span> <span class='ocrx_word' id='word_1_83' title='bbox 1944 2250 2172 2317; x_wconf 82' lang='lat' dir='ltr'><strong>litteris</strong></span> <span class='ocrx_word' id='word_1_84' title='bbox 2193 2303 2209 2335; x_wconf 87' lang='lat'><em>,</em></span> <span class='ocrx_word' id='word_1_85' title='bbox 2244 2249 2525 2339; x_wconf 84' lang='lat' dir='ltr'><strong>Capituli</strong></span> 
     </span>
     <span class='ocr_line' id='line_1_14' title="bbox 250 2357 2526 2444; baseline 0 -17"><span class='ocrx_word' id='word_1_86' title='bbox 250 2362 596 2444; x_wconf 86' lang='lat' dir='ltr'><strong>Agriensis</strong></span> <span class='ocrx_word' id='word_1_87' title='bbox 630 2369 695 2426; x_wconf 90' lang='lat' dir='ltr'><strong>et</strong></span> <span class='ocrx_word' id='word_1_88' title='bbox 727 2359 1098 2433; x_wconf 87' lang='lat' dir='ltr'><strong>Conuentus</strong></span> <span class='ocrx_word' id='word_1_89' title='bbox 1133 2357 1217 2424; x_wconf 90' lang='lat' dir='ltr'><strong>de</strong></span> <span class='ocrx_word' id='word_1_90' title='bbox 1260 2358 1484 2425; x_wconf 85' lang='lat' dir='ltr'><strong>Jazow</strong></span> <span class='ocrx_word' id='word_1_91' title='bbox 1515 2358 1705 2425; x_wconf 91' lang='lat' dir='ltr'><strong>nobis</strong></span> <span class='ocrx_word' id='word_1_92' title='bbox 1737 2358 2040 2425; x_wconf 83' lang='lat' dir='ltr'><strong>exhibitis</strong></span> <span class='ocrx_word' id='word_1_93' title='bbox 2061 2358 2343 2428; x_wconf 84' lang='lat' dir='ltr'><strong>vidimus</strong></span> <span class='ocrx_word' id='word_1_94' title='bbox 2376 2383 2526 2430; x_wconf 91' lang='lat' dir='ltr'><strong>con-</strong></span> 
     </span>
     <span class='ocr_line' id='line_1_15' title="bbox 252 2467 2522 2558; baseline 0.001 -25"><span class='ocrx_word' id='word_1_95' title='bbox 252 2471 486 2554; x_wconf 87' lang='lat' dir='ltr'><strong>tincri;</strong></span> <span class='ocrx_word' id='word_1_96' title='bbox 519 2489 638 2553; x_wconf 83' lang='lat' dir='ltr'><strong>pro</strong></span> <span class='ocrx_word' id='word_1_97' title='bbox 673 2468 904 2551; x_wconf 88' lang='lat' dir='ltr'><strong>quibus</strong></span> <span class='ocrx_word' id='word_1_98' title='bbox 936 2474 1100 2533; x_wconf 88' lang='lat' dir='ltr'><strong>terre</strong></span> <span class='ocrx_word' id='word_1_99' title='bbox 1135 2487 1250 2533; x_wconf 90' lang='lat' dir='ltr'><strong>seu</strong></span> <span class='ocrx_word' id='word_1_100' title='bbox 1296 2467 1754 2551; x_wconf 81' lang='lat' dir='ltr'><strong>possessiones</strong></span> <span class='ocrx_word' id='word_1_101' title='bbox 1789 2467 2074 2553; x_wconf 90' lang='lat' dir='ltr'><strong>ipsorum</strong></span> <span class='ocrx_word' id='word_1_102' title='bbox 2129 2469 2522 2558; x_wconf 84' lang='lat' dir='ltr'><strong>Fulbarcha,</strong></span> 
     </span>
     <span class='ocr_line' id='line_1_16' title="bbox 250 2573 2521 2666; baseline 0.001 -23"><span class='ocrx_word' id='word_1_103' title='bbox 250 2577 415 2644; x_wconf 89' lang='lat' dir='ltr'><strong>Pere</strong></span> <span class='ocrx_word' id='word_1_104' title='bbox 449 2581 515 2642; x_wconf 92' lang='lat' dir='ltr'><strong>et</strong></span> <span class='ocrx_word' id='word_1_105' title='bbox 546 2576 726 2642; x_wconf 85' lang='lat' dir='ltr'><strong>Tusa</strong></span> <span class='ocrx_word' id='word_1_106' title='bbox 757 2581 987 2642; x_wconf 84' lang='lat' dir='ltr'><strong>vocate</strong></span> <span class='ocrx_word' id='word_1_107' title='bbox 1007 2575 1197 2641; x_wconf 90' lang='lat' dir='ltr'><strong>nobis</strong></span> <span class='ocrx_word' id='word_1_108' title='bbox 1220 2581 1530 2658; x_wconf 85' lang='lat' dir='ltr'><strong>tanquam</strong></span> <span class='ocrx_word' id='word_1_109' title='bbox 1551 2574 1787 2660; x_wconf 84' lang='lat' dir='ltr'><strong>judicy</strong></span> <span class='ocrx_word' id='word_1_110' title='bbox 1820 2574 1887 2639; x_wconf 94' lang='lat' dir='ltr'><strong>in</strong></span> <span class='ocrx_word' id='word_1_111' title='bbox 1919 2573 2168 2643; x_wconf 87' lang='lat' dir='ltr'><strong>duabus</strong></span> <span class='ocrx_word' id='word_1_112' title='bbox 2201 2577 2521 2666; x_wconf 84' lang='lat' dir='ltr'><strong>partibus,</strong></span> 
     </span>
     <span class='ocr_line' id='line_1_17' title="bbox 256 2668 2519 2771; baseline 0.001 -21"><span class='ocrx_word' id='word_1_113' title='bbox 256 2692 318 2750; x_wconf 88' lang='lat' dir='ltr'><strong>et</strong></span> <span class='ocrx_word' id='word_1_114' title='bbox 350 2685 526 2769; x_wconf 87' lang='lat' dir='ltr'><strong>parti</strong></span> <span class='ocrx_word' id='word_1_115' title='bbox 559 2668 835 2750; x_wconf 86' lang='lat' dir='ltr'><strong>aduerse</strong></span> <span class='ocrx_word' id='word_1_116' title='bbox 867 2684 932 2748; x_wconf 92' lang='lat' dir='ltr'><strong>in</strong></span> <span class='ocrx_word' id='word_1_117' title='bbox 966 2682 1167 2748; x_wconf 87' lang='lat' dir='ltr'><strong>tercia</strong></span> <span class='ocrx_word' id='word_1_118' title='bbox 1198 2691 1385 2768; x_wconf 79' lang='lat' dir='ltr'><strong>parte</strong></span> <span class='ocrx_word' id='word_1_119' title='bbox 1429 2683 1802 2749; x_wconf 81' lang='lat' dir='ltr'><strong>extitissent</strong></span> <span class='ocrx_word' id='word_1_120' title='bbox 1836 2682 2126 2767; x_wconf 84' lang='lat' dir='ltr'><strong>legitime</strong></span> <span class='ocrx_word' id='word_1_121' title='bbox 2178 2685 2519 2771; x_wconf 87' lang='lat' dir='ltr'><strong>deuolute;</strong></span> 
     </span>
     <span class='ocr_line' id='line_1_18' title="bbox 250 2789 2523 2876; baseline 0.001 -18"><span class='ocrx_word' id='word_1_122' title='bbox 250 2794 548 2858; x_wconf 83' lang='lat' dir='ltr'><strong>volentes</strong></span> <span class='ocrx_word' id='word_1_123' title='bbox 582 2790 803 2875; x_wconf 87' lang='lat' dir='ltr'><strong>itaque</strong></span> <span class='ocrx_word' id='word_1_124' title='bbox 838 2790 964 2875; x_wconf 87' lang='lat' dir='ltr'><strong>ipsi</strong></span> <span class='ocrx_word' id='word_1_125' title='bbox 997 2810 1196 2857; x_wconf 85' lang='lat' dir='ltr'><strong>cause</strong></span> <span class='ocrx_word' id='word_1_126' title='bbox 1229 2791 1422 2856; x_wconf 85' lang='lat' dir='ltr'><strong>finem</strong></span> <span class='ocrx_word' id='word_1_127' title='bbox 1458 2789 1802 2873; x_wconf 84' lang='lat' dir='ltr'><strong>imponere</strong></span> <span class='ocrx_word' id='word_1_128' title='bbox 1841 2791 2227 2875; x_wconf 86' lang='lat' dir='ltr'><strong>legitimum,</strong></span> <span class='ocrx_word' id='word_1_129' title='bbox 2262 2793 2419 2876; x_wconf 87' lang='lat' dir='ltr'><strong>quia</strong></span> <span class='ocrx_word' id='word_1_130' title='bbox 2453 2793 2523 2860; x_wconf 91' lang='lat' dir='ltr'><strong>in</strong></span> 
     </span>
     <span class='ocr_line' id='line_1_19' title="bbox 250 2896 2524 2986; baseline 0.002 -21"><span class='ocrx_word' id='word_1_131' title='bbox 250 2899 584 2984; x_wconf 85' lang='lat' dir='ltr'><strong>predictas</strong></span> <span class='ocrx_word' id='word_1_132' title='bbox 615 2905 819 2964; x_wconf 84' lang='lat' dir='ltr'><strong>terras</strong></span> <span class='ocrx_word' id='word_1_133' title='bbox 851 2917 965 2982; x_wconf 92' lang='lat' dir='ltr'><strong>per</strong></span> <span class='ocrx_word' id='word_1_134' title='bbox 999 2903 1286 2964; x_wconf 89' lang='lat' dir='ltr'><strong>nostrum</strong></span> <span class='ocrx_word' id='word_1_135' title='bbox 1321 2896 1654 2963; x_wconf 90' lang='lat' dir='ltr'><strong>hominem</strong></span> <span class='ocrx_word' id='word_1_136' title='bbox 1691 2898 1812 2963; x_wconf 90' lang='lat' dir='ltr'><strong>sub</strong></span> <span class='ocrx_word' id='word_1_137' title='bbox 1839 2899 2209 2966; x_wconf 89' lang='lat' dir='ltr'><strong>testimonio</strong></span> <span class='ocrx_word' id='word_1_138' title='bbox 2236 2896 2524 2986; x_wconf 83' lang='lat' dir='ltr'><strong>Capituli</strong></span> 
     </span>
     <span class='ocr_line' id='line_1_20' title="bbox 249 3003 2560 3090; baseline 0.002 -20"><span class='ocrx_word' id='word_1_139' title='bbox 249 3005 587 3090; x_wconf 85' lang='lat' dir='ltr'><strong>Agriensis</strong></span> <span class='ocrx_word' id='word_1_140' title='bbox 622 3004 943 3069; x_wconf 80' lang='lat' dir='ltr'><strong>mediante</strong></span> <span class='ocrx_word' id='word_1_141' title='bbox 976 3004 1238 3070; x_wconf 90' lang='lat' dir='ltr'><strong>iusticia</strong></span> <span class='ocrx_word' id='word_1_142' title='bbox 1291 3011 1355 3068; x_wconf 90' lang='lat' dir='ltr'><strong>et</strong></span> <span class='ocrx_word' id='word_1_143' title='bbox 1408 3003 1489 3069; x_wconf 92' lang='lat' dir='ltr'><strong>de</strong></span> <span class='ocrx_word' id='word_1_144' title='bbox 1539 3004 1748 3087; x_wconf 85' lang='lat' dir='ltr'><strong>Regni</strong></span> <span class='ocrx_word' id='word_1_145' title='bbox 1801 3003 2264 3072; x_wconf 87' lang='lat' dir='ltr'><strong>consuetudine</strong></span> <span class='ocrx_word' id='word_1_146' title='bbox 2313 3005 2560 3074; x_wconf 63' lang='lat' dir='ltr'><strong>tribus‘</strong></span> 
     </span>
     <span class='ocr_line' id='line_1_21' title="bbox 248 3110 2522 3195; baseline 0.001 -17"><span class='ocrx_word' id='word_1_147' title='bbox 248 3112 502 3178; x_wconf 78' lang='lat' dir='ltr'><strong>vicibus</strong></span> <span class='ocrx_word' id='word_1_148' title='bbox 533 3111 709 3177; x_wconf 89' lang='lat' dir='ltr'><strong>idem</strong></span> <span class='ocrx_word' id='word_1_149' title='bbox 740 3111 951 3194; x_wconf 81' lang='lat' dir='ltr'><strong>Heym</strong></span> <span class='ocrx_word' id='word_1_150' title='bbox 985 3110 1196 3176; x_wconf 87' lang='lat' dir='ltr'><strong>fuerat</strong></span> <span class='ocrx_word' id='word_1_151' title='bbox 1230 3111 1633 3178; x_wconf 86' lang='lat' dir='ltr'><strong>introductus</strong></span> <span class='ocrx_word' id='word_1_152' title='bbox 1654 3163 1671 3195; x_wconf 91' lang='lat'><em>‚</em></span> <span class='ocrx_word' id='word_1_153' title='bbox 1714 3112 1799 3176; x_wconf 87' lang='lat' dir='ltr'><strong>ad</strong></span> <span class='ocrx_word' id='word_1_154' title='bbox 1832 3112 2228 3178; x_wconf 87' lang='lat' dir='ltr'><strong>estimandas</strong></span> <span class='ocrx_word' id='word_1_155' title='bbox 2258 3113 2522 3181; x_wconf 86' lang='lat' dir='ltr'><strong>easdem</strong></span> 
     </span>
     <span class='ocr_line' id='line_1_22' title="bbox 250 3216 2521 3301; baseline 0.001 -15"><span class='ocrx_word' id='word_1_156' title='bbox 250 3228 459 3286; x_wconf 86' lang='lat' dir='ltr'><strong>terras</strong></span> <span class='ocrx_word' id='word_1_157' title='bbox 492 3218 784 3285; x_wconf 86' lang='lat' dir='ltr'><strong>misimus</strong></span> <span class='ocrx_word' id='word_1_158' title='bbox 836 3216 1144 3284; x_wconf 84' lang='lat' dir='ltr'><strong>Comitem</strong></span> <span class='ocrx_word' id='word_1_159' title='bbox 1197 3220 1236 3284; x_wconf 87' lang='lat' dir='ltr'><strong>J</strong></span> <span class='ocrx_word' id='word_1_160' title='bbox 1242 3218 1563 3284; x_wconf 86' lang='lat' dir='ltr'><strong>ohannem</strong></span> <span class='ocrx_word' id='word_1_161' title='bbox 1635 3218 1718 3284; x_wconf 91' lang='lat' dir='ltr'><strong>de</strong></span> <span class='ocrx_word' id='word_1_162' title='bbox 1784 3218 2062 3301; x_wconf 74' lang='lat' dir='ltr'><strong>Gucche,</strong></span> <span class='ocrx_word' id='word_1_163' title='bbox 2132 3218 2521 3289; x_wconf 79' lang='lat' dir='ltr'><strong>Gabranum</strong></span> 
     </span>
     <span class='ocr_line' id='line_1_23' title="bbox 250 3325 2521 3409; baseline 0.001 -15"><span class='ocrx_word' id='word_1_164' title='bbox 250 3329 334 3394; x_wconf 88' lang='lat' dir='ltr'><strong>de</strong></span> <span class='ocrx_word' id='word_1_165' title='bbox 395 3326 602 3392; x_wconf 87' lang='lat' dir='ltr'><strong>Zokol</strong></span> <span class='ocrx_word' id='word_1_166' title='bbox 667 3331 731 3391; x_wconf 89' lang='lat' dir='ltr'><strong>et</strong></span> <span class='ocrx_word' id='word_1_167' title='bbox 792 3326 1187 3392; x_wconf 83' lang='lat' dir='ltr'><strong>Demetrium</strong></span> <span class='ocrx_word' id='word_1_168' title='bbox 1252 3325 1450 3392; x_wconf 90' lang='lat' dir='ltr'><strong>filium</strong></span> <span class='ocrx_word' id='word_1_169' title='bbox 1513 3325 1731 3409; x_wconf 86' lang='lat' dir='ltr'><strong>Alexij</strong></span> <span class='ocrx_word' id='word_1_170' title='bbox 1786 3326 1868 3391; x_wconf 88' lang='lat' dir='ltr'><strong>de</strong></span> <span class='ocrx_word' id='word_1_171' title='bbox 1915 3326 2145 3393; x_wconf 87' lang='lat' dir='ltr'><strong>Kokso</strong></span> <span class='ocrx_word' id='word_1_172' title='bbox 2217 3327 2521 3397; x_wconf 87' lang='lat' dir='ltr'><strong>homines</strong></span> 
     </span>
     <span class='ocr_line' id='line_1_24' title="bbox 252 3431 2529 3524; baseline 0.001 -20"><span class='ocrx_word' id='word_1_173' title='bbox 252 3443 506 3504; x_wconf 84' lang='lat' dir='ltr'><strong>nostros</strong></span> <span class='ocrx_word' id='word_1_174' title='bbox 574 3434 690 3500; x_wconf 91' lang='lat' dir='ltr'><strong>sub</strong></span> <span class='ocrx_word' id='word_1_175' title='bbox 752 3434 1120 3500; x_wconf 89' lang='lat' dir='ltr'><strong>testimonio</strong></span> <span class='ocrx_word' id='word_1_176' title='bbox 1168 3434 1299 3502; x_wconf 88' lang='lat' dir='ltr'><strong>iam</strong></span> <span class='ocrx_word' id='word_1_177' title='bbox 1368 3434 1527 3500; x_wconf 89' lang='lat' dir='ltr'><strong>dicti</strong></span> <span class='ocrx_word' id='word_1_178' title='bbox 1601 3431 1887 3522; x_wconf 82' lang='lat' dir='ltr'><strong>Capituli</strong></span> <span class='ocrx_word' id='word_1_179' title='bbox 1940 3436 2291 3517; x_wconf 87' lang='lat' dir='ltr'><strong>Agriensis</strong></span> <span class='ocrx_word' id='word_1_180' title='bbox 2311 3491 2332 3524; x_wconf 85' lang='lat'><em>,</em></span> <span class='ocrx_word' id='word_1_181' title='bbox 2415 3437 2529 3520; x_wconf 87' lang='lat' dir='ltr'><strong>qui</strong></span> 
     </span>
     <span class='ocr_line' id='line_1_25' title="bbox 252 3541 2524 3629; baseline -0 -16"><span class='ocrx_word' id='word_1_182' title='bbox 252 3542 622 3613; x_wconf 84' lang='lat' dir='ltr'><strong>conuocatis</strong></span> <span class='ocrx_word' id='word_1_183' title='bbox 685 3542 977 3624; x_wconf 88' lang='lat' dir='ltr'><strong>cognatis</strong></span> <span class='ocrx_word' id='word_1_184' title='bbox 1011 3543 1294 3629; x_wconf 88' lang='lat' dir='ltr'><strong>ipsorum</strong></span> <span class='ocrx_word' id='word_1_185' title='bbox 1345 3542 1606 3609; x_wconf 89' lang='lat' dir='ltr'><strong>Martini</strong></span> <span class='ocrx_word' id='word_1_186' title='bbox 1683 3549 1746 3608; x_wconf 88' lang='lat' dir='ltr'><strong>et</strong></span> <span class='ocrx_word' id='word_1_187' title='bbox 1779 3541 2145 3629; x_wconf 88' lang='lat' dir='ltr'><strong>Laurencij,</strong></span> <span class='ocrx_word' id='word_1_188' title='bbox 2187 3552 2524 3612; x_wconf 86' lang='lat' dir='ltr'><strong>commeta·</strong></span> 
     </span>
     <span class='ocr_line' id='line_1_26' title="bbox 251 3649 2522 3736; baseline 0.001 -19"><span class='ocrx_word' id='word_1_189' title='bbox 251 3652 396 3717; x_wconf 91' lang='lat' dir='ltr'><strong>neis</strong></span> <span class='ocrx_word' id='word_1_190' title='bbox 431 3656 497 3717; x_wconf 87' lang='lat' dir='ltr'><strong>et</strong></span> <span class='ocrx_word' id='word_1_191' title='bbox 524 3650 752 3715; x_wconf 83' lang='lat' dir='ltr'><strong>vicinis</strong></span> <span class='ocrx_word' id='word_1_192' title='bbox 787 3650 1199 3736; x_wconf 85' lang='lat' dir='ltr'><strong>estimarent,</strong></span> <span class='ocrx_word' id='word_1_193' title='bbox 1253 3655 1317 3714; x_wconf 92' lang='lat' dir='ltr'><strong>et</strong></span> <span class='ocrx_word' id='word_1_194' title='bbox 1359 3649 1714 3734; x_wconf 75' lang='lat' dir='ltr'><strong>estimatae,</strong></span> <span class='ocrx_word' id='word_1_195' title='bbox 1780 3649 1833 3715; x_wconf 93' lang='lat' dir='ltr'><strong>si</strong></span> <span class='ocrx_word' id='word_1_196' title='bbox 1864 3649 2158 3735; x_wconf 81' lang='lat' dir='ltr'><strong>placeret</strong></span> <span class='ocrx_word' id='word_1_197' title='bbox 2190 3669 2522 3734; x_wconf 79' lang='lat' dir='ltr'><strong>compara·</strong></span> 
     </span>
     <span class='ocr_line' id='line_1_27' title="bbox 248 3754 2524 3842; baseline 0 -17"><span class='ocrx_word' id='word_1_198' title='bbox 248 3765 412 3825; x_wconf 89' lang='lat' dir='ltr'><strong>rent.</strong></span> <span class='ocrx_word' id='word_1_199' title='bbox 448 3755 573 3833; x_wconf 84' lang='lat' dir='ltr'><strong>Qui</strong></span> <span class='ocrx_word' id='word_1_200' title='bbox 605 3755 865 3840; x_wconf 89' lang='lat' dir='ltr'><strong>quidem</strong></span> <span class='ocrx_word' id='word_1_201' title='bbox 898 3757 1288 3839; x_wconf 84' lang='lat' dir='ltr'><strong>generaliter</strong></span> <span class='ocrx_word' id='word_1_202' title='bbox 1319 3762 1451 3821; x_wconf 91' lang='lat' dir='ltr'><strong>tam</strong></span> <span class='ocrx_word' id='word_1_203' title='bbox 1494 3754 1712 3842; x_wconf 80' lang='lat' dir='ltr'><strong>vicini,</strong></span> <span class='ocrx_word' id='word_1_204' title='bbox 1776 3775 1966 3838; x_wconf 89' lang='lat' dir='ltr'><strong>quam</strong></span> <span class='ocrx_word' id='word_1_205' title='bbox 2003 3757 2281 3841; x_wconf 81' lang='lat' dir='ltr'><strong>cognati,</strong></span> <span class='ocrx_word' id='word_1_206' title='bbox 2316 3756 2524 3841; x_wconf 75' lang='lat' dir='ltr'><strong>Elyas</strong></span> 
     </span>
     <span class='ocr_line' id='line_1_28' title="bbox 248 3860 2524 3947; baseline 0 -14"><span class='ocrx_word' id='word_1_207' title='bbox 248 3865 578 3946; x_wconf 79' lang='lat' dir='ltr'><strong>videlicet,</strong></span> <span class='ocrx_word' id='word_1_208' title='bbox 615 3863 924 3929; x_wconf 86' lang='lat' dir='ltr'><strong>Nicolaus</strong></span> <span class='ocrx_word' id='word_1_209' title='bbox 956 3869 1020 3929; x_wconf 89' lang='lat' dir='ltr'><strong>et</strong></span> <span class='ocrx_word' id='word_1_210' title='bbox 1054 3863 1373 3929; x_wconf 91' lang='lat' dir='ltr'><strong>Henricus</strong></span> <span class='ocrx_word' id='word_1_211' title='bbox 1407 3862 1518 3945; x_wconf 91' lang='lat' dir='ltr'><strong>filij</strong></span> <span class='ocrx_word' id='word_1_212' title='bbox 1556 3860 1895 3947; x_wconf 83' lang='lat' dir='ltr'><strong>Johannis,</strong></span> <span class='ocrx_word' id='word_1_213' title='bbox 1938 3861 2112 3933; x_wconf 61' lang='lat' dir='ltr'><strong>„Inok</strong></span> <span class='ocrx_word' id='word_1_214' title='bbox 2160 3861 2329 3930; x_wconf 87' lang='lat' dir='ltr'><strong>filius</strong></span> <span class='ocrx_word' id='word_1_215' title='bbox 2363 3862 2524 3933; x_wconf 76' lang='lat' dir='ltr'><strong>dicti</strong></span> 
     </span>
     <span class='ocr_line' id='line_1_29' title="bbox 249 3968 2523 4059; baseline 0.001 -21"><span class='ocrx_word' id='word_1_216' title='bbox 249 3974 443 4059; x_wconf 84' lang='lat' dir='ltr'><strong>Elye,</strong></span> <span class='ocrx_word' id='word_1_217' title='bbox 473 3970 653 4036; x_wconf 85' lang='lat' dir='ltr'><strong>Edus</strong></span> <span class='ocrx_word' id='word_1_218' title='bbox 693 3978 756 4035; x_wconf 92' lang='lat' dir='ltr'><strong>et</strong></span> <span class='ocrx_word' id='word_1_219' title='bbox 815 3970 1044 4054; x_wconf 89' lang='lat' dir='ltr'><strong>Moyus</strong></span> <span class='ocrx_word' id='word_1_220' title='bbox 1108 3969 1223 4054; x_wconf 86' lang='lat' dir='ltr'><strong>filij</strong></span> <span class='ocrx_word' id='word_1_221' title='bbox 1259 3968 1539 4053; x_wconf 82' lang='lat' dir='ltr'><strong>Moycha</strong></span> <span class='ocrx_word' id='word_1_222' title='bbox 1578 3968 1836 4036; x_wconf 89' lang='lat' dir='ltr'><strong>nobiles</strong></span> <span class='ocrx_word' id='word_1_223' title='bbox 1898 3969 1979 4033; x_wconf 89' lang='lat' dir='ltr'><strong>de</strong></span> <span class='ocrx_word' id='word_1_224' title='bbox 2012 3970 2301 4055; x_wconf 87' lang='lat' dir='ltr'><strong>Barcha;</strong></span> <span class='ocrx_word' id='word_1_225' title='bbox 2365 3971 2523 4041; x_wconf 87' lang='lat' dir='ltr'><strong>item</strong></span> 
     </span>
     <span class='ocr_line' id='line_1_30' title="bbox 249 4074 2523 4164; baseline -0.001 -16"><span class='ocrx_word' id='word_1_226' title='bbox 249 4081 592 4148; x_wconf 82' lang='lat' dir='ltr'><strong>Johannes</strong></span> <span class='ocrx_word' id='word_1_227' title='bbox 624 4078 794 4144; x_wconf 87' lang='lat' dir='ltr'><strong>filius</strong></span> <span class='ocrx_word' id='word_1_228' title='bbox 827 4077 1069 4161; x_wconf 85' lang='lat' dir='ltr'><strong>Kenez,</strong></span> <span class='ocrx_word' id='word_1_229' title='bbox 1101 4077 1414 4161; x_wconf 87' lang='lat' dir='ltr'><strong>Magister</strong></span> <span class='ocrx_word' id='word_1_230' title='bbox 1446 4074 1796 4143; x_wconf 84' lang='lat' dir='ltr'><strong>Aladarius</strong></span> <span class='ocrx_word' id='word_1_231' title='bbox 1861 4075 2031 4142; x_wconf 91' lang='lat' dir='ltr'><strong>filius</strong></span> <span class='ocrx_word' id='word_1_232' title='bbox 2068 4075 2312 4143; x_wconf 91' lang='lat' dir='ltr'><strong>Cheten</strong></span> <span class='ocrx_word' id='word_1_233' title='bbox 2334 4130 2354 4164; x_wconf 85' lang='lat'><em>,</em></span> <span class='ocrx_word' id='word_1_234' title='bbox 2387 4080 2523 4146; x_wconf 84' lang='lat' dir='ltr'><strong>Ma·</strong></span> 
     </span>
     <span class='ocr_line' id='line_1_31' title="bbox 248 4183 2523 4273; baseline 0 -20"><span class='ocrx_word' id='word_1_235' title='bbox 248 4186 445 4273; x_wconf 86' lang='lat' dir='ltr'><strong>gistri</strong></span> <span class='ocrx_word' id='word_1_236' title='bbox 478 4186 844 4272; x_wconf 85' lang='lat' dir='ltr'><strong>Stephanus</strong></span> <span class='ocrx_word' id='word_1_237' title='bbox 895 4193 958 4250; x_wconf 92' lang='lat' dir='ltr'><strong>et</strong></span> <span class='ocrx_word' id='word_1_238' title='bbox 1003 4184 1361 4272; x_wconf 88' lang='lat' dir='ltr'><strong>Ricolphus</strong></span> <span class='ocrx_word' id='word_1_239' title='bbox 1423 4184 1539 4266; x_wconf 87' lang='lat' dir='ltr'><strong>filij</strong></span> <span class='ocrx_word' id='word_1_240' title='bbox 1576 4183 1856 4268; x_wconf 59' lang='lat' dir='ltr'><strong>Pud,‚ac</strong></span> <span class='ocrx_word' id='word_1_241' title='bbox 1886 4184 2196 4266; x_wconf 88' lang='lat' dir='ltr'><strong>Magister</strong></span> <span class='ocrx_word' id='word_1_242' title='bbox 2226 4185 2523 4272; x_wconf 89' lang='lat' dir='ltr'><strong>Philipus</strong></span> 
     </span>
     <span class='ocr_line' id='line_1_32' title="bbox 248 4293 2523 4380; baseline -0.002 -17"><span class='ocrx_word' id='word_1_243' title='bbox 248 4305 316 4363; x_wconf 86' lang='lat' dir='ltr'><strong>et</strong></span> <span class='ocrx_word' id='word_1_244' title='bbox 350 4295 720 4380; x_wconf 75' lang='lat' dir='ltr'><strong>Mokyanus</strong></span> <span class='ocrx_word' id='word_1_245' title='bbox 750 4294 1095 4361; x_wconf 88' lang='lat' dir='ltr'><strong>Palatinus</strong></span> <span class='ocrx_word' id='word_1_246' title='bbox 1144 4294 1263 4380; x_wconf 89' lang='lat' dir='ltr'><strong>filij</strong></span> <span class='ocrx_word' id='word_1_247' title='bbox 1300 4293 1525 4358; x_wconf 90' lang='lat' dir='ltr'><strong>Buken</strong></span> <span class='ocrx_word' id='word_1_248' title='bbox 1547 4342 1565 4375; x_wconf 91' lang='lat'><em>,</em></span> <span class='ocrx_word' id='word_1_249' title='bbox 1623 4312 1836 4358; x_wconf 87' lang='lat' dir='ltr'><strong>coram</strong></span> <span class='ocrx_word' id='word_1_250' title='bbox 1873 4293 2061 4359; x_wconf 89' lang='lat' dir='ltr'><strong>nobis</strong></span> <span class='ocrx_word' id='word_1_251' title='bbox 2095 4294 2523 4377; x_wconf 88' lang='lat' dir='ltr'><strong>personaliter</strong></span> 
     </span>
     <span class='ocr_line' id='line_1_33' title="bbox 245 4398 2515 4488; baseline -0.002 -20"><span class='ocrx_word' id='word_1_252' title='bbox 245 4405 700 4488; x_wconf 85' lang='lat' dir='ltr'><strong>comparentes</strong></span> <span class='ocrx_word' id='word_1_253' title='bbox 764 4422 889 4468; x_wconf 82' lang='lat' dir='ltr'><strong>vno</strong></span> <span class='ocrx_word' id='word_1_254' title='bbox 953 4422 1061 4467; x_wconf 90' lang='lat' dir='ltr'><strong>ore</strong></span> <span class='ocrx_word' id='word_1_255' title='bbox 1093 4408 1157 4467; x_wconf 88' lang='lat' dir='ltr'><strong>et</strong></span> <span class='ocrx_word' id='word_1_256' title='bbox 1191 4401 1892 4467; x_wconf 73' lang='lat' dir='ltr'><strong>corde-renunciarunt</strong></span> <span class='ocrx_word' id='word_1_257' title='bbox 1942 4400 2115 4466; x_wconf 87' lang='lat' dir='ltr'><strong>omni</strong></span> <span class='ocrx_word' id='word_1_258' title='bbox 2179 4398 2515 4485; x_wconf 91' lang='lat' dir='ltr'><strong>empcioni.</strong></span> 
     </span>
     <span class='ocr_line' id='line_1_34' title="bbox 245 4504 2523 4594; baseline -0.001 -18"><span class='ocrx_word' id='word_1_259' title='bbox 245 4510 392 4577; x_wconf 82' lang='lat' dir='ltr'><strong>Nos</strong></span> <span class='ocrx_word' id='word_1_260' title='bbox 426 4516 644 4576; x_wconf 86' lang='lat' dir='ltr'><strong>autem</strong></span> <span class='ocrx_word' id='word_1_261' title='bbox 675 4530 806 4575; x_wconf 86' lang='lat' dir='ltr'><strong>vna</strong></span> <span class='ocrx_word' id='word_1_262' title='bbox 838 4529 979 4574; x_wconf 88' lang='lat' dir='ltr'><strong>cum</strong></span> <span class='ocrx_word' id='word_1_263' title='bbox 1012 4507 1342 4574; x_wconf 88' lang='lat' dir='ltr'><strong>nobilibus</strong></span> <span class='ocrx_word' id='word_1_264' title='bbox 1374 4506 1709 4573; x_wconf 86' lang='lat' dir='ltr'><strong>nobiscum</strong></span> <span class='ocrx_word' id='word_1_265' title='bbox 1747 4507 1815 4571; x_wconf 93' lang='lat' dir='ltr'><strong>in</strong></span> <span class='ocrx_word' id='word_1_266' title='bbox 1848 4507 2089 4572; x_wconf 91' lang='lat' dir='ltr'><strong>iudicio</strong></span> <span class='ocrx_word' id='word_1_267' title='bbox 2123 4504 2523 4594; x_wconf 84' lang='lat' dir='ltr'><strong>sedentibus,</strong></span> 
     </span>
     <span class='ocr_line' id='line_1_35' title="bbox 244 4613 2526 4703; baseline -0.004 -18"><span class='ocrx_word' id='word_1_268' title='bbox 244 4619 410 4702; x_wconf 84' lang='lat' dir='ltr'><strong>quia</strong></span> <span class='ocrx_word' id='word_1_269' title='bbox 441 4618 731 4702; x_wconf 84' lang='lat' dir='ltr'><strong>predicte</strong></span> <span class='ocrx_word' id='word_1_270' title='bbox 764 4623 930 4683; x_wconf 85' lang='lat' dir='ltr'><strong>terre</strong></span> <span class='ocrx_word' id='word_1_271' title='bbox 963 4623 1097 4682; x_wconf 90' lang='lat' dir='ltr'><strong>tam</strong></span> <span class='ocrx_word' id='word_1_272' title='bbox 1130 4637 1211 4683; x_wconf 89' lang='lat' dir='ltr'><strong>ex</strong></span> <span class='ocrx_word' id='word_1_273' title='bbox 1243 4622 1430 4703; x_wconf 87' lang='lat' dir='ltr'><strong>parte</strong></span> <span class='ocrx_word' id='word_1_274' title='bbox 1462 4614 1746 4702; x_wconf 87' lang='lat' dir='ltr'><strong>ipsorum</strong></span> <span class='ocrx_word' id='word_1_275' title='bbox 1768 4616 2024 4681; x_wconf 84' lang='lat' dir='ltr'><strong>Martini</strong></span> <span class='ocrx_word' id='word_1_276' title='bbox 2059 4621 2125 4680; x_wconf 90' lang='lat' dir='ltr'><strong>et</strong></span> <span class='ocrx_word' id='word_1_277' title='bbox 2154 4613 2526 4702; x_wconf 79' lang='lat' dir='ltr'><strong>Laurencij,</strong></span> 
     </span>
    </p>
   </div>
   <div class='ocr_carea' id='block_1_8' title="bbox 349 4726 2194 4791">
    <p class='ocr_par' dir='ltr' id='par_1_8' title="bbox 349 4726 2194 4791">
     <span class='ocr_line' id='line_1_36' title="bbox 349 4726 2194 4791; baseline 0 -3"><span class='ocrx_word' id='word_1_278' title='bbox 349 4754 556 4791; x_wconf 64' lang='lat' dir='ltr'><strong>norma.</strong></span> <span class='ocrx_word' id='word_1_279' title='bbox 589 4754 753 4789; x_wconf 61' lang='lat' dir='ltr'><strong>mrsu.</strong></span> <span class='ocrx_word' id='word_1_280' title='bbox 787 4753 924 4789; x_wconf 74' lang='lat' dir='ltr'><strong>urs-r.</strong></span> <span class='ocrx_word' id='word_1_281' title='bbox 962 4763 1039 4772; x_wconf 93' lang='lat'>—</span> <span class='ocrx_word' id='word_1_282' title='bbox 1076 4754 1297 4789; x_wconf 71' lang='lat' dir='ltr'><strong>nmen.</strong></span> <span class='ocrx_word' id='word_1_283' title='bbox 1359 4747 1427 4790; x_wconf 80' lang='lat'><strong>17.</strong></span> <span class='ocrx_word' id='word_1_284' title='bbox 2111 4726 2194 4789; x_wconf 83' lang='lat'><strong>31</strong></span> 
     </span>
    </p>
   </div>
  </div>
 </body>
</html>
