3319 5249
1894 326 2026 395 508

821 529 1003 594 Bano
1035 546 1153 611 pro
1184 524 1416 608 viginti
1449 544 1565 591 sex
1599 523 1833 590 mareis
1853 523 2116 609 pignori
2133 524 2548 607 obligauerat
2581 542 2785 610 usque
2812 527 3083 594 tercium

819 633 1077 703 termini
1110 634 1229 701 sub
1261 651 1435 718 pena
1465 629 1673 717 dupli,
1721 631 1781 698 si
1812 649 1942 698 non
1970 630 2361 698 redimerent
2387 657 2403 717 ς
2468 631 2731 701 tandem
2764 631 2936 719 ipsis
2968 639 3085 701 ter-

819 742 1011 809 minis
1041 740 1521 808 occurrentibus
1539 738 1859 807 redimere
1919 758 2052 805 non
2099 744 2483 825 potuerunt:
2505 737 2651 807 ideo
2699 738 3080 827 sthephano

821 847 955 914 filio
984 845 1232 932 Nathk,
1263 846 1372 929 qui
1403 867 1521 931 pro
1555 865 1627 913 se
1661 851 1729 912 et
1759 844 2068 913 fratribus
2102 843 2237 913 suis
2300 845 2732 931 personaliter
2763 848 3082 917 eonstitu-

821 955 908 1023 tis
942 953 1267 1021 nobilibus
1300 952 1383 1020 de
1414 953 1656 1039 Sospes
1690 951 1885 1018 vieini
1921 959 1985 1018 et
2018 954 2448 1020 commetanei
2482 952 2775 1039 prediete
2804 961 2985 1024 terre
3018 958 3080 1024 in

820 1063 1004 1130 nullo
1037 1060 1651 1146 contradicentibus,
1703 1057 1820 1128 sed
1851 1063 2062 1146 magis
2125 1062 2492 1129 uolentibus
2523 1069 2587 1129 et
2617 1064 3083 1132 consencienti-

821 1172 965 1257 bus,
996 1167 1371 1236 vendidisse
1408 1189 1526 1253 pro
1575 1167 1807 1251 viginti
1857 1188 1974 1236 sex
2005 1168 2240 1237 mareis
2292 1176 2356 1236 et
2405 1167 2633 1256 duppli
2663 1190 2893 1241 earum
2925 1172 3075 1240 dixe

820 1288 970 1348 runt
999 1278 1272 1346 eandem
1306 1277 1436 1364 ipsi
1469 1272 1819 1364 Ruphayni
1868 1278 2070 1362 Reno,
2125 1285 2189 1344 et
2218 1298 2335 1365 per
2367 1300 2515 1347 eum
2544 1280 2682 1347 suis
2713 1280 3063 1348 heredibus

822 1386 1258 1469 heredumque
1276 1404 1539 1453 suorum
1559 1384 2043 1453 suecessoribus
2072 1407 2189 1472 pro
2222 1389 2600 1473 oetuaginta
2620 1388 2856 1454 mareis
2894 1388 3079 1474 plene

822 1493 1062 1561 habitis
1095 1499 1161 1560 et
1190 1491 1469 1580 receptis
1501 1494 1588 1560 ab
1619 1492 1846 1560 eodem
1879 1501 2190 1580 perpetuo
2210 1494 2695 1580 possidendam,
2726 1495 3077 1562 tenendam

826 1609 894 1670 et
924 1603 1167 1687 pariter
1196 1599 1558 1667 habendam
1593 1620 1739 1667 eum
1770 1601 1904 1668 suis
1956 1601 2347 1669 vtilitatibus
2411 1609 2475 1669 et
2507 1601 2591 1669 ad
2624 1601 2907 1668 eandem
2939 1621 3071 1686 per-

824 1707 1125 1793 tinenoijs
1160 1707 1494 1775 Vniuersis.
1545 1708 1621 1772 In
1656 1708 1843 1775 euius
1892 1708 2267 1775 memoriam
2318 1708 2815 1794 firmitatemque
2848 1730 3073 1797 perpe·

824 1823 1005 1883 tuam
1035 1820 1374 1902 presentes
1427 1816 1866 1883 eonoessimus
1929 1817 2186 1883 litteras
2218 1815 2570 1903 pendentis
2631 1816 2838 1902 sigilli
2871 1816 3075 1885 nostri

824 1922 1179 1991 munimine
1226 1924 1588 1990 roboratas.
1654 1925 1895 1991 Datum
1945 1922 2015 1989 in
2067 1925 2317 1992 ootauis
2368 1923 2601 1992 Cozme
2650 1931 2717 1991 et
2768 1924 3072 1991 Damiani

824 2031 1168 2099 Beatorum
1221 2035 1590 2097 nostrorum
1653 2051 1825 2098 anno
1857 2029 2121 2098 Domini
2153 2030 2391 2098 ΜΦΟΟο
2422 2031 2865 2117 octuagesimo
2898 2053 3062 2100 nono

827 2247 1104 2307 (Eredetie
1129 2243 1480 2313 bfrhdrtydm
1531 2247 1847 2313 megysninii
1885 2244 2336 2312 selyemzsinoron
2387 2246 2559 2313 fflggti
2598 2245 2780 2313 poeset
2817 2247 2987 2309 alatt3
3039 2262 3070 2296 a

1430 2337 1597 2390 budei
1623 2336 1728 2392 kir.
1756 2338 2005 2389 hnmani
2031 2332 2410 2400 leveltdrbsn.)

1742 2598 2164 2609 ——s—

1875 3088 2034 3157 367.

826 3290 886 3358 A
920 3293 1223 3358 aalavdri
1252 3290 1646 3357 konventnek
1708 3288 2266 3376 bizonyodqlevele,
2331 3289 2502 3375 hoqy
2536 3283 2715 3354 Chdk
2774 3286 2901 3352 ὀάπ
2946 3285 3078 3371 fiai

830 3400 1131 3486 binonyou
1167 3398 1477 3486 Roykban
1507 3399 1645 3462 Ζέυὸ
1676 3397 2048 3463 ὂίνιοῙονέοει
2077 3397 2288 3462 Ockuz
2311 3395 2649 3482 commacla,
2700 3395 2937 3460 Buzad
2984 3416 3076 3460 eo·

1491 3505 1862 3589 mesfidnak
1892 3502 2174 3569 eladtak.
2196 3502 2393 3571 1289.

1038 3723 1270 3789 Frater
1300 3719 1595 3788 Andreas
1626 3718 1872 3786 Diuina
1903 3717 2330 3786 miseracione
2379 3717 2604 3786 Abba·
2653 3716 3074 3787 Zsludiensis

826 3837 1128 3916 totusque
1192 3828 1318 3898 loei
1368 3828 1661 3897 eiusdem
1712 3828 2089 3896 Conuentus
2141 3827 2440 3896 omnibus
2492 3826 2732 3897 Christi
2779 3825 3083 3896 fidelibus

824 3958 1094 4028 presens
1126 3938 1444 4024 seriptum
1477 3936 1871 4023 inspecturis
1934 3937 2213 4003 salutem
2246 3936 2316 4002 in
2384 3936 2668 4004 omnium
2731 3932 3078 4004 saluatum.

825 4045 1001 4127 Quis
1031 4065 1152 4133 per
1184 4045 1527 4113 decursum
1560 4049 1926 4131 temporum
1977 4063 2440 4127 nonnunquam
2487 4062 2704 4110 rerum
2753 4051 3083 4128 gestarum

823 4153 1066 4224 ueritas
1100 4152 1492 4236 obscuratur,
1529 4169 1727 4235 quam
1760 4171 1889 4217 non
1922 4157 2185 4220 serenat
2207 4149 2428 4218 lueida
2447 4148 2660 4218 series
2682 4151 3084 4232 litterarum3

824 4268 1222 4348 quapropter
1254 4279 1417 4347 opus
1451 4267 1552 4328 est
1582 4260 1924 4348 sapientis,
1956 4267 2176 4344 utque
2196 4263 2477 4342 agantur
2497 4259 2606 4326 uel
2627 4264 3078 4342 memorentur,

830 4368 1201 4438 testimonio
1217 4365 1580 4435 litterarum
1603 4365 1887 4434 debeant
1905 4364 2215 4434 roborari.
2234 4363 2515 4433 Proinde
2534 4363 2620 4432 ad
2639 4366 3080 4433 uniuersorum

824 4475 1127 4543 noticiam
1161 4481 1382 4543 tenore
1415 4474 1829 4561 presencium
1858 4475 2162 4542 uolumus
2187 4472 2555 4560 peruenire,
2578 4471 2753 4557 quod
2772 4470 3076 4540 aeceden-

823 4591 923 4653 tes
953 4584 1042 4650 sd
1073 4588 1360 4652 nostram
1393 4581 1800 4669 presenciam
1831 4582 2149 4668 Magister
2180 4580 2402 4652 Buzad
2451 4589 2516 4650 et
2561 4579 2906 4650 Feldrious
2955 4579 3069 4663 filij
