3319 5249
1339 376 1472 446 499

1332 1005 1485 1072 359.

270 1205 586 1271 Lodmne'r
618 1206 990 1290 eszteryami
1023 1204 1195 1268 ersek
1246 1201 1755 1289 kdptalanjdval
1806 1225 1881 1266 az
1913 1203 2292 1289 eszteryami
2320 1204 2538 1269 hatar-

950 1311 1077 1374 ban
1092 1310 1383 1396 foldeket
1416 1312 1622 1377 cserdl.
1664 1311 1857 1377 1289.

488 1525 624 1592 Nos
654 1524 1079 1591 Lodomerius
1124 1524 1551 1592 miseracione
1603 1524 1849 1591 Diuina
1901 1523 2369 1611 Strigoniensis
2418 1527 2538 1593 Ar-

279 1632 737 1720 chiepiscopus
790 1640 854 1699 et
877 1614 1107 1701 Comes
1139 1634 1501 1719 Perpetuus
1535 1633 1664 1699 loci
1727 1631 2017 1700 eiusdem
2085 1631 2536 1717 significamus

271 1742 594 1809 vniuersis
630 1742 864 1827 quibus
897 1741 1164 1828 expedit
1196 1742 1602 1828 presencium
1654 1762 1772 1829 per
1822 1749 2150 1837 tenorem:
2205 1743 2377 1828 quod
2423 1762 2542 1811 nos

277 1858 487 1916 terras
519 1856 773 1917 nostras
804 1852 1066 1934 totales,
1117 1870 1233 1936 pro
1280 1850 1449 1918 areis
1498 1870 1614 1916 sev
1666 1849 1887 1917 fundis
1939 1853 2264 1918 curiarum
2315 1856 2535 1937 aptas,

272 1958 338 2021 in
368 1953 666 2024 districtu
698 1958 999 2025 Ecclesie
1032 1958 1254 2025 Sancti
1288 1958 1613 2025 Dominici
1648 1964 1817 2026 retro
1852 1957 2078 2025 villam
2112 1960 2348 2025 Ermen
2383 1978 2534 2026 con·

273 2066 571 2149 stitutas,
629 2086 793 2149 quas
854 2067 1223 2153 Nycolaum
1275 2065 1674 2134 aurifabrum
1738 2066 1945 2135 ciuem
2000 2065 2531 2150 strigoniensem,

274 2192 354 2239 ex
385 2172 735 2259 priuilegio
767 2175 934 2241 bone
965 2174 1272 2240 memorie
1305 2173 1549 2241 domini
1570 2172 1859 2261 Philippi
1892 2172 2170 2258 proximi
2202 2171 2534 2260 predeces-

276 2282 442 2347 soris
473 2280 698 2365 nostri,
733 2271 1059 2363 quondam
1090 2282 1583 2368 Archiepiscopi
1633 2282 2119 2366 Strigoniensis,
2160 2281 2528 2348 inuenimus

276 2393 337 2454 et
368 2390 797 2475 comperimus
833 2389 1123 2456 indebite
1151 2397 1217 2457 et
1245 2389 1482 2457 illicite
1517 2410 1895 2478 occupasse,
1931 2393 2015 2458 ab
2070 2389 2299 2458 eodem
2333 2391 2546 2475 Nyco·

274 2495 380 2563 lao
414 2516 576 2582 pure
607 2502 672 2563 et
720 2496 1107 2583 simpliciter
1171 2497 1575 2582 auferentes;
1640 2497 1938 2567 discretis
1998 2497 2158 2566 viris
2208 2497 2544 2585 Preposito

275 2612 340 2672 et
370 2603 678 2691 Capitulo
712 2605 1010 2676 Ecclesie
1040 2613 1259 2674 nostre
1290 2604 1777 2693 Strigoniensis,
1808 2607 2182 2675 karissimis
2226 2607 2298 2675 in
2359 2605 2540 2673 Chri·

276 2721 375 2783 sto
407 2712 722 2782 fratribus
755 2716 996 2782 nostris
1015 2766 1033 2800 ,
1095 2714 1414 2801 dedimus,
1478 2711 1862 2783 tradidimus
1895 2721 1959 2781 et
2010 2717 2404 2783 contulimus
2469 2715 2537 2781 in

278 2828 659 2908 perpetuum
688 2821 1144 2908 possidendas,
1186 2821 1252 2887 in
1284 2821 1663 2889 concambio
1695 2828 1760 2888 et
1806 2823 2300 2907 permutacione
2332 2830 2535 2891 terra-

278 2950 418 2996 rum
482 2948 701 2997 eorum
729 2929 798 2995 in
830 2929 1137 2997 suburbio
1201 2929 1416 2997 Castri
1482 2928 1946 3012 strigoniensis
2022 2931 2544 3021 constitutarum,

279 3037 454 3104 circa
483 3036 695 3123 ripam
723 3037 1006 3121 Danubij
1041 3058 1083 3104 a
1115 3042 1303 3122 parte
1334 3031 1710 3122 occidentis,
1762 3057 1926 3121 quas
1980 3040 2063 3105 ab
2113 3039 2279 3125 ipsis
2329 3036 2542 3107 fratri·

280 3146 400 3214 bus
429 3147 673 3214 nostris
703 3166 822 3229 pro
857 3145 1144 3232 pistrino,
1177 3152 1341 3235 orto,
1377 3151 1444 3214 et
1492 3145 1643 3229 alijs
1695 3144 1969 3229 edificiJs
2021 3146 2260 3213 nostris
2312 3142 2404 3211 ibi
2458 3145 2530 3210 in

280 3260 504 3322 nostra
535 3257 719 3321 curia
749 3253 1137 3341 constitutis,
1170 3274 1286 3340 pro
1315 3256 1506 3322 nobis
1539 3261 1606 3319 et
1636 3253 1842 3321 eciam
1877 3253 2372 3322 successoribus
2424 3273 2540 3320 no-

280 3361 430 3430 stris
460 3362 823 3454 recepimus
853 3363 936 3429 ab
970 3361 1241 3447 eisdem,
1278 3361 1596 3429 tenendas
1629 3361 2122 3447 iurefflerpetuo
2186 3369 2253 3430 et
2283 3362 2528 3430 haben·

283 3469 418 3555 das,
452 3481 681 3536 nostra
712 3477 776 3536 et
808 3488 1249 3537 successorum
1283 3476 1644 3537 nostrorum
1679 3466 2164 3537 considerantes
2219 3469 2350 3554 hijs
2401 3469 2544 3536 fieri

284 3589 348 3646 et
376 3598 706 3663 emergere
736 3578 1027 3665 meliora,
1051 3578 1446 3663 jobagiones
1482 3577 1832 3646 eorundem
1870 3577 2144 3645 fratrum
2176 3583 2542 3644 nostrorum

282 3688 571 3756 eiusdem
604 3693 774 3755 terre
806 3686 886 3753 de
918 3685 1087 3753 facie
1105 3686 1518 3754 remouendo.
1554 3685 1697 3764 Que
1729 3685 1990 3768 quidem
2030 3692 2203 3752 terra
2224 3685 2546 3754 sessiona-

283 3796 364 3865 lis
386 3796 688 3864 totaliter
720 3795 963 3863 eisdem
997 3793 1304 3861 fratribus
1351 3792 1618 3881 nostris,
1650 3800 1724 3860 ut
1777 3792 2201 3880 prediximus,
2257 3815 2372 3880 per
2425 3812 2545 3861 nos

289 3903 763 3991 perpetualiter
794 3904 1156 3989 assignata,
1191 3903 1351 3970 olim
1384 3901 1471 3969 ad
1503 3901 1979 3985 clauigeratum
2011 3901 2552 3988 Archiepiscopa·

282 4021 390 4081 tus
422 4011 888 4095 strigoniensis
921 4013 1285 4096 spectabat,
1321 4018 1384 4077 et
1418 4029 1565 4079 eam
1598 4031 1639 4076 a
1663 4008 1932 4077 meridie
1960 4010 2092 4076 alia
2124 4018 2298 4077 terra
2319 4031 2548 4077 eorun—

281 4121 428 4190 dem
461 4121 736 4187 fratrum
771 4126 1130 4187 nostrorum
1151 4140 1356 4205 prope
1389 4118 1736 4185 eeclesiam
1770 4117 1996 4184 Sancti
2029 4118 2360 4185 Dominici
2394 4139 2552 4185 con-

280 4229 524 4314 stituta,
561 4229 645 4294 ab
694 4228 942 4296 oriente
973 4234 1191 4294 autem
1224 4228 1420 4294 vinea
1481 4228 1758 4293 filiorum
1793 4225 2061 4292 Comitis
2123 4225 2370 4311 Elkyni
2435 4224 2551 4313 (ex

283 4335 586 4423 ori)entis
617 4335 821 4402 latere
871 4336 1221 4403 constituta
1286 4342 1349 4401 et
1383 4341 1659 4419 quatuor
1692 4337 1958 4402 arbores
1992 4354 2229 4400 nucum
2273 4335 2554 4402 existen·

284 4452 379 4511 tes
429 4442 690 4529 ibidem,
724 4464 764 4510 a
814 4444 1278 4529 septemtrione
1326 4463 1476 4509 vero
1509 4441 1825 4509 fossatum
1861 4440 2197 4508 vinearum
2231 4442 2404 4509 Petri
2438 4460 2553 4528 ge·
2585 4521 2592 4526 ἥ

283 4551 422 4619 neri
442 4552 616 4618 Luce
637 4550 1017 4634 sacerdotis,
1041 4555 1107 4616 et
1129 4552 1214 4617 ab
1233 4549 1565 4618 occidente
1590 4548 1792 4615 alium
1813 4548 2132 4616 fossatum
2151 4555 2465 4635 separant
2486 4555 2555 4615 et

281 4659 667 4743 distingunt.
702 4660 778 4727 In
813 4659 995 4727 cuius
1029 4659 1394 4747 concambij
1432 4664 1495 4724 et
1525 4657 2030 4743 permutacionis
2065 4657 2438 4725 memoriam
2495 4664 2558 4721 et

2108 4766 2232 4840 32*
