3319 5249
1815 214 1947 280 550

1789 858 1947 926 399.

731 1056 840 1122 IV
861 1060 1096 1126 Ldszld
1127 1061 1487 1146 kirdlynak
1518 1062 1818 1144 bizonyos
1848 1060 2108 1124 Rewche
2142 1063 2263 1122 υάν
2267 1058 2616 1166 πιερῃέόοπ
2625 1056 2763 1122 Ζέυὸ
2777 1058 3017 1144 folclet

807 1169 1119 1253 ta'ryyazd
1166 1168 1535 1251 addmci‘nya
1565 1169 1887 1234 Kachuna
1920 1168 2166 1231 unokdi
2195 1171 2520 1232 sza‘mdra.
2552 1167 2653 1230 Ευ
2687 1165 2926 1232 ndlkizl.

945 1379 1080 1447 Nos
1153 1379 1505 1447 Ladizlaus
1553 1380 1678 1448 Dei
1731 1381 1956 1464 gracia
2005 1380 2145 1446 Rex
2200 1380 2491 1464 Vngarie
2543 1378 2994 1465 significamus

730 1486 1054 1554 vniuersis
1085 1488 1320 1571 quibus
1355 1488 1620 1574 expedit
1652 1488 2060 1573 presencium
2107 1508 2228 1573 per
2296 1494 2605 1573 tenorem,
2664 1487 2837 1573 quod
2891 1488 2992 1554 in·

732 1593 911 1661 tuitis
943 1595 1240 1680 seruicijs
1272 1596 1553 1663 filiorum
1606 1596 1822 1683 Petri,
1858 1602 2160 1680 nepotum
2190 1595 2447 1664 scilieet
2475 1595 2816 1679 Kuchuna,
2870 1615 3004 1680 que

729 1702 917 1769 nobis
949 1703 1016 1768 in
1049 1703 1350 1771 omnibns
1380 1704 1588 1788 Regni
1620 1705 1821 1771 nostri
1872 1702 2164 1787 negocijs
2213 1702 2489 1770 fideliter
2506 1701 2983 1789 impenderunt,

737 1810 1024 1877 volentes
1058 1811 1305 1879 eisdem
1341 1800 1628 1894 gratuita
1664 1811 2058 1879 liberalitate
2090 1830 2446 1895 occurrere,
2497 1809 2825 1895 quandam
2862 1816 2995 1880 ter·

731 1924 863 1983 tam
899 1920 1173 2003 Nycolai
1204 1918 1317 2005 filij
1352 1921 1608 2007 Mycola
1637 1921 1783 1986 sine
1843 1918 2083 1986 herede
2130 1916 2505 1986 decedentis
2539 1919 2606 1985 in
2658 1919 2992 1986 Comitatu

730 2025 814 2091 de
846 2026 1124 2095 Rewche
1155 2027 1535 2095 existentem
1568 2028 1956 2095 contulimus
1990 2026 2234 2094 eisdem
2266 2026 2411 2093 sine
2443 2027 2802 2113 preiudicio
2816 2029 2986 2112 jnris

733 2132 968 2216 alieni;
1002 2136 1292 2202 volentes
1325 2136 1496 2218 quod
1530 2157 1674 2202 cum
1710 2137 1896 2203 nobis
1948 2141 2280 2221 presentes
2330 2141 2680 2220 reportant,
2733 2136 2988 2202 eisdem

734 2240 1152 2325 priuilegium
1207 2243 1614 2311 concedatur.
1658 2243 1902 2310 Datum
1975 2243 2162 2310 Bude
2213 2243 2414 2308 tercio
2484 2241 2591 2307 die
2641 2243 2988 2311 Beatorum

736 2349 919 2434 Wyti
953 2356 1018 2415 ct
1047 2349 1367 2436 Modesty.

735 2543 1013 2608 (Eredetie
1042 2542 1391 2612 b6rhartyaein,
1421 2548 1676 2612 melynek
1727 2545 1941 2601 hatarhl
1980 2565 2044 2600 az
2072 2550 2178 2600 oda
2202 2553 2447 2612 nyomott
2471 2546 2656 2615 pecset
2702 2550 2988 2609 lehullott,

1372 2654 1407 2690 a
1431 2655 1601 2691 nemz.
1628 2655 1878 2691 muzeum
1903 2635 2361 2693 kezirattaraban.

1644 2934 2070 2948 ———Q————

1796 3460 1952 3530 400.

735 3661 782 3729 Ι
793 3660 865 3728 V
897 3665 1131 3732 Ldezld
1160 3662 1515 3747 kirdlynak
1547 3659 1803 3726 Galaclz
1865 3667 2028 3727 nevit
2042 3660 2259 3748 fbldet
2291 3666 2604 3755 tdrqyazd
2632 3659 2994 3750 adomanya

1105 3773 1451 3838 Mortwnus
1485 3770 1747 3836 Zoclzud
1764 3771 1873 3854 fia
1904 3773 2224 3836 szdmcira.
2260 3743 2361 3835 Ιῗυ
2392 3772 2630 3838 nalem.

947 3968 1301 4036 Ladizlaus
1331 3966 1459 4034 Dei
1522 3964 1752 4049 gracia
1780 3966 1916 4033 Rex
1945 3965 2282 4051 Hungarie
2311 4002 2987 4020 ——————

736 4076 1100 4146 Conuentin
1133 4075 1214 4142 de
1245 4076 1436 4142 Lelez
1496 4075 1778 4141 salutem
1812 4080 1878 4140 et
1926 4071 2241 4159 graciam.
2293 4073 2633 4142 Mortunus
2681 4075 2852 4142 filius
2885 4076 2995 4142 Ζο-

738 4184 907 4256 chud
937 4207 1021 4272 pe
1052 4221 1139 4233 -
1177 4221 1250 4233 —-
1292 4221 1380 4234 --
1420 4221 1494 4231 --
1532 4204 1641 4250 am
1705 4190 1947 4250 terram
2009 4202 2287 4250 vacuam
2352 4183 2563 4250 Castri
2614 4182 2697 4250 de
2728 4184 2994 4252 Zemlen

739 4293 995 4362 Galach
1029 4299 1343 4378 vocatam,
1379 4293 1572 4361 terris
1612 4292 1750 4359 suis
1782 4291 2070 4376 Vndique
2134 4290 2600 4359 circumdatam
2622 4341 2641 4377 ,
2676 4290 2803 4359 sibi
2836 4291 2997 4358 dari.

740 4405 978 4470 Verum
1012 4422 1154 4470 cum
1187 4401 1373 4471 nobis
1407 4401 1490 4471 de
1548 4402 1700 4487 ipsa
1752 4403 1928 4468 terra
1963 4400 2211 4467 veritas
2242 4420 2372 4469 non
2407 4398 2771 4486 constabat,
2806 4397 3003 4468 fideli·
3064 4454 3079 4470 .

739 4510 858 4577 tati
889 4516 1105 4594 vestre
1135 4508 1557 4596 precipiendo
1620 4506 2009 4577 mandamus
2029 4558 2047 4593 ,
2113 4515 2435 4594 quatenus
2470 4505 2640 4577 detis
2671 4505 2996 4575 hominem
