3319 5249
1284 466 1309 474 -
1379 379 1501 443 471

1368 978 1528 1067 aas.

304 1197 351 1258 I
356 1196 424 1261 V.
457 1196 693 1261 Ldszld
722 1195 943 1280 kirdly
976 1217 1019 1257 a
1051 1192 1437 1281 uytilsziqeti
1466 1196 1841 1279 apdczdkat
1889 1197 2314 1263 birtokukban
2373 1222 2572 1287 meye-

1217 1304 1424 1368 rasit-i.
1463 1302 1658 1369 1288.

520 1515 658 1584 Nos
685 1514 1040 1583 Ladizlaus
1070 1516 1197 1582 Dei
1231 1516 1457 1600 gracia
1486 1517 1629 1582 Rex
1659 1516 1994 1600 Hungarie
2045 1516 2352 1584 memorie
2401 1537 2570 1584 com·

297 1622 690 1689 mendantes
720 1621 1162 1707 significamus
1195 1621 1430 1706 quibus
1463 1622 1729 1708 expedit
1761 1622 2100 1708 vniuersis,
2126 1623 2298 1707 quod
2318 1644 2441 1691 nos
2477 1624 2563 1691 ad

301 1729 694 1814 peticionem
747 1736 813 1796 et
858 1728 1245 1797 instanciam
1293 1728 1540 1796 domini
1588 1730 1859 1813 Zawisij
1914 1729 2117 1797 Ducis
2168 1730 2249 1797 de
2305 1732 2568 1817 Opauia

300 1835 642 1904 karissimi
670 1834 926 1920 generis
958 1832 1133 1922 (igy)
1166 1835 1393 1922 nostri,
1430 1844 1493 1902 et
1548 1834 1810 1903 domine
1858 1835 2197 1904 Elizabeth
2249 1837 2568 1905 consortis

301 1943 597 2011 eiusdem
629 1942 870 2011 sororis
901 1949 1118 2009 nostre
1148 1941 1521 2026 karissime,
1558 1941 1900 2010 Vniuersas
1950 1942 2400 2029 possessiones
2453 1965 2565 2012 no-

298 2050 531 2119 bilium
560 2049 968 2117 dominarum
1000 2050 1141 2116 Deo
1163 2049 1411 2135 jugiter
1442 2048 1916 2116 famulancium
1948 2048 2032 2116 de
2083 2050 2314 2118 Insula
2364 2051 2568 2120 Beate

300 2159 616 2245 Virginis,
643 2158 840 2251 uillas
870 2156 1138 2242 scilicet,
1170 2157 1417 2243 vineas,
1452 2156 1900 2225 molendinum
1922 2163 1987 2225 et
2019 2157 2310 2242 pallacis
2328 2155 2412 2225 de
2444 2158 2565 2226 Ca·

298 2264 457 2333 lidis
468 2264 697 2354 Aquis,
729 2284 810 2331 ac
838 2265 1056 2351 ipsam
1073 2262 1358 2332 insulam
1379 2265 1580 2332 Beate
1601 2263 1892 2348 Virginis
1930 2282 2075 2330 cum
2094 2264 2393 2332 omnibus
2415 2286 2561 2351 per-

300 2373 611 2457 tinencijs
626 2372 978 2440 earundem
997 2373 1238 2454 ubique
1254 2373 1324 2439 in
1344 2373 1571 2457 Regno
1613 2378 1835 2439 nostro
1885 2369 2338 2457 existentibus,
2375 2372 2568 2440 simul

301 2500 450 2549 cum
469 2481 712 2548 tributo
733 2480 857 2548 fori
890 2500 1007 2548 seu
1027 2487 1208 2566 porte
1228 2480 1437 2548 Castri
1464 2478 1807 2566 Budensis,
1826 2484 2016 2565 prout
2034 2486 2231 2546 antea
2250 2499 2365 2565 pro
2400 2480 2562 2566 ipsis

298 2587 693 2656 dominabus
724 2588 897 2673 exigi
926 2592 1392 2671 consueuerat3
1427 2585 1830 2654 reddidimus
1864 2593 1929 2654 et
1977 2586 2381 2655 restituimus
2432 2586 2558 2654 eis-

299 2695 451 2762 dem
483 2694 810 2762 nobilibus
843 2694 1246 2779 dominabuS,
1281 2702 1346 2760 et
1380 2713 1497 2778 per
1529 2713 1643 2761 eas
1676 2694 2071 2762 Monasterio
2102 2694 2307 2763 Beate
2339 2694 2555 2781 Virgi-

300 2804 407 2869 nis
439 2810 756 2888 perpetuo
792 2801 1226 2887 possidendas
1260 2801 1506 2887 pariter
1538 2808 1603 2868 et
1632 2801 1994 2884 tenendas;
2027 2784 2250 2870 omnes
2300 2802 2556 2870 litteras

301 2917 371 2978 et
398 2910 844 2992 instrumenta,
874 2910 930 2976 si
963 2927 1090 2992 que
1118 2907 1187 2973 in
1219 2907 1614 2974 contrarium
1643 2927 1839 2992 super
1872 2907 2048 2974 facto
2068 2908 2557 2993 posscssionum

302 3017 624 3084 dictarum
655 3015 968 3083 nobilium
1000 3014 1411 3082 dominarum
1442 3034 1561 3099 pro
1593 3014 1817 3097 aliquo
1850 3035 1933 3080 ex
1963 3022 2149 3101 parte
2169 3015 2370 3082 nostri
2416 3035 2560 3101 pro-

301 3125 673 3207 cessissent,
707 3124 1097 3189 auctoritate
1128 3123 1532 3209 presencium
1567 3130 1970 3192 rouocantes.
1991 3121 2232 3189 Datum
2252 3115 2561 3206 Strigonij

299 3231 592 3298 Sabbato
626 3228 923 3315 proximo
974 3235 1123 3315 post
1169 3228 1536 3313 quindenas
1584 3231 2026 3314 Pentecostes,
2077 3248 2249 3294 anno
2299 3227 2565 3295 Domini

301 3335 548 3404 M⁰CC⁰
578 3338 1021 3420 octuagesimo
1053 3345 1308 3403 octauo.

301 3536 620 3602 (Zsigmond
659 3531 953 3599 kirfilynak
985 3534 1209 3586 1428-111
1234 3530 1552 3595 ittiratabdl⁷
1582 3534 1726 3599 mely
1750 3535 1983 3600 papiron
2003 3532 2121 3584 kelt
2169 3529 2356 3596 „Bude
2382 3535 2440 3584 in
2474 3534 2561 3584 dic

224 3663 235 3670 .
302 3626 714 3691 Rogacionnm·
749 3641 773 3675 s
797 3622 1001 3687 melyet
1022 3620 1148 3674 kert
1174 3622 1500 3690 ¹,religiosus
1527 3626 1612 3674 vir
1640 3627 1810 3675 frater
1837 3620 2058 3673 Cosmus
2085 3620 2310 3672 Ordinis
2362 3621 2554 3673 Sancti

299 3715 575 3765 Dominici
617 3715 769 3766 Prior
797 3713 1038 3764 Claustri
1062 3714 1231 3763 Beate
1256 3713 1507 3779 Virginis
1532 3713 1599 3764 de
1625 3712 1814 3765 Insula
1840 3714 2114 3778 Lepornm
2141 3711 2453 3763 nominibus
2504 3711 2558 3761 ei

292 3805 354 3852 in
387 3805 634 3868 personis
685 3802 1063 3868 religiosarum
1089 3802 1423 3852 dominarum
1450 3801 1943 3853 sanctimonialium
1974 3801 2215 3851 eiusdem
2241 3799 2484 3852 claustri
2506 3801 2553 3862 ς·

912 3906 945 3942 a
971 3891 1137 3943 budai
1165 3891 1266 3941 kir.
1294 3891 1540 3943 kamarai
1568 3888 1948 3955 leveltarban.)
