3319 5249
1825 282 1956 350 398

1812 1010 1965 1079 283.

763 1227 1072 1293 Lodomer
1120 1179 1491 1313 uzterqami
1539 1228 1715 1292 ἐτεά(
1763 1249 1844 1291 az
1877 1226 2246 1310 enter-qumi
2273 1226 2590 1309 kdptalan
2621 1247 2652 1288 s
2684 1247 2727 1287 a
2758 1224 2923 1290 be'csi
2951 1226 3010 1287 ἑο

765 1339 904 1399 mdc
950 1334 1173 1420 ideqen
1219 1333 1581 1400 kereekeddk
1609 1335 1754 1398 k‘o‘zt
1784 1356 1826 1396 a
1852 1338 2002 1397 υάπι
2034 1334 2221 1397 ’ἱνάπι
2252 1331 2601 1397 loeletkezett
2631 1331 3001 1417 eqyenetlen·

1456 1441 1690 1528 se'qekct
1719 1441 2095 1527 kieqyenliti.
2132 1439 2324 1507 1284.

979 1673 1117 1739 Nos
1167 1668 1586 1738 Lodomerius
1639 1670 1763 1738 Dei
1813 1671 2037 1753 gracia
2074 1669 2538 1753 strigoniensis
2573 1667 3012 1752 Archiepisco·

764 1799 886 1864 pus
939 1787 1002 1843 et
1053 1776 1285 1844 Comes
1337 1779 1694 1863 Perpetuus
1748 1779 1873 1844 loci
1906 1778 2194 1844 eiusdem
2227 1776 2663 1862 significamus
2696 1779 3016 1843 vuiuersis

764 1885 999 1968 quibus
1035 1885 1302 1970 expedit
1335 1885 1702 1951 litterarum
1744 1885 2137 1970 presentium
2172 1904 2286 1970 per
2316 1900 2633 1951 tenorem:
2665 1886 2839 1968 quod
2875 1902 3017 1948 cum

769 1992 941 2059 iuter
977 1992 1293 2059 discretos
1345 1992 1518 2058 viros
1558 1991 1941 2075 Magistrum
1976 1991 2304 2058 Andream
2340 1993 2682 2057 Doctorem
2716 1993 3017 2056 Decreto·

769 2117 907 2163 rum
959 2098 1363 2184 Prepositum
1418 2107 1482 2164 et
1530 2097 1902 2182 Capitulum
1951 2098 2244 2165 Ecclesie
2278 2107 2494 2165 nostre
2529 2097 3019 2182 strigoniensis,

765 2199 1153 2272 karissimos
1203 2206 1272 2271 in
1320 2203 1580 2270 domino
1630 2204 1862 2270 fratres
1903 2212 2177 2292 nostros,
2210 2206 2294 2272 ab
2332 2225 2461 2272 una
2490 2212 2716 2289 parte;
2751 2213 2815 2271 et
2846 2204 3016 2270 inter

768 2320 1161 2380 mercatores
1193 2311 1274 2380 de
1305 2312 1744 2397 superioribus
1779 2312 2076 2397 partibus
2118 2312 2522 2400 Alemannis,
2557 2319 2621 2379 et
2651 2310 3023 2396 specialiter

768 2420 851 2486 de
870 2419 1195 2505 Wyenna,
1252 2420 1357 2486 uel
1389 2420 1597 2486 eciam
1629 2416 2052 2504 vndecunque
2083 2439 2199 2505 per
2227 2426 2464 2486 terram
2502 2421 2601 2485 vel
2634 2440 2752 2505 per
2782 2436 3021 2502 aquam

766 2528 831 2592 in
883 2526 1284 2610 Hungariam
1346 2547 1488 2593 cum
1551 2527 1689 2593 suis
1754 2528 2068 2594 mercibus
2130 2527 2599 2594 descendentes
2655 2526 2737 2596 ab
2790 2527 3023 2619 altera,

766 2645 992 2702 exorta
1040 2633 1275 2701 fuisset
1326 2633 1597 2700 materia
1639 2636 1998 2718 questionis
2029 2655 2227 2722 super
2260 2654 2377 2721 eo;
2413 2636 2584 2718 quod
2620 2635 2820 2722 ijdem
2859 2652 3015 2698 met·

768 2750 1019 2809 catores
1070 2740 1150 2808 de
1200 2739 1515 2829 frugibus,
1561 2741 1863 2810 videlicet
1894 2742 1976 2809 de
2008 2742 2350 2826 frumento,
2384 2742 2693 2829 syligine,
2724 2739 2926 2807 ordeo
2960 2746 3021 2805 et

772 2869 1006 2935 auena,
1056 2826 1239 2935 pisis,
1269 2848 1459 2940 fabis,
1489 2850 1945 2935 leguminibus,
1979 2852 2154 2936 rapis
2186 2859 2250 2917 et
2283 2852 2361 2917 de
2394 2851 2481 2917 ali
2479 2851 2545 2934 ⁸js
2579 2850 3021 2918 mercimonia·

768 2959 937 3025 libus
989 2958 1180 3024 rebus
1229 2957 1364 3024 suis
1418 2957 1710 3045 minutis,
1764 2957 2072 3044 predictis
2106 2959 2416 3027 fratribus
2449 2957 2684 3027 nostris
2714 2958 3023 3023 tributum

765 3067 1023 3134 soluere
1084 3066 1566 3132 contentebant.
1632 3064 1931 3132 Tandem
1980 3086 2101 3133 nos
2151 3065 2521 3135 huiusmodi
2574 3064 3020 3150 questionibus

768 3176 937 3241 inter
989 3174 1168 3259 ipsas
1218 3180 1437 3257 partes
1487 3174 1678 3240 finem
1712 3172 2048 3259 imponere
2079 3175 2437 3260 cupientes,
2468 3176 2835 3241 iuramento
2867 3189 3019 3254 quo-

777 3281 1069 3349 rumdam
1105 3280 1340 3347 ciuium
1375 3280 1934 3367 Strigoniensium‚
1956 3283 2066 3367 qui
2096 3303 2289 3368 super
2320 3284 2643 3351 solutione
2674 3290 2742 3349 et
2772 3287 3019 3366 presta·

767 3392 954 3459 cione
973 3389 1222 3475 tributi,
1243 3394 1308 3454 et
1326 3386 1756 3456 diuturnitate
1775 3392 2078 3476 temporis
2114 3399 2555 3476 cognouerunt
2583 3385 3023 3456 omnimodam

688 3516 703 3529 ·
767 3498 1125 3580 veritatem,
1177 3498 1298 3564 boc
1345 3499 1688 3582 negocium
1741 3499 2044 3566 duximus
2095 3499 2637 3565 committendum.
2686 3498 2773 3563 Et
2820 3494 3024 3583 ijdem

770 3604 1027 3671 demum
1078 3603 1267 3673 nobis
1312 3616 1706 3690 aperuerunt
1756 3606 1877 3672 sub
1912 3607 2226 3692 religione
2256 3606 2413 3674 iuris
2446 3604 2721 3687 iurandi,
2752 3612 2823 3671 vt
2856 3602 3019 3670 dicti

771 3720 1162 3780 mercatores
1192 3711 1275 3777 de
1308 3713 1605 3779 omnibus
1636 3714 1959 3781 mercibus
1989 3714 2124 3782 suis
2157 3715 2467 3781 tributum
2510 3715 2671 3781 dare
2691 3711 3023 3798 deberent,

767 3822 950 3887 iuxta
981 3839 1221 3887 morem
1255 3827 1321 3887 et
1353 3821 1885 3888 consuetudinem
1919 3822 2215 3891 aliorum.
2249 3821 2435 3890 Unde
2466 3843 2584 3890 nos
2617 3805 3024 3891 decreuimus

768 3927 1255 3995 sentencialiter
1287 3932 1665 4010 statuentes,
1700 3930 1872 4012 quod
1906 3950 2128 3998 omnes
2163 3937 2573 4018 mercatores,
2607 3930 2775 3997 sicut
2805 3926 3021 4015 predi·

768 4038 1005 4122 ximus,
1038 4035 1108 4102 in
1139 4037 1546 4122 Hungatiam
1600 4038 1955 4123 venientes,
1991 4040 2072 4106 de
2105 4041 2402 4106 omnibus
2437 4038 2754 4106 mercibus
2788 4036 2924 4104 suis
2954 4042 3026 4104 et

769 4143 963 4210 rebus
1017 4141 1169 4227 alijs
1222 4143 1861 4232 mercimonialibus,
1892 4147 2330 4232 cuiuscunque
2378 4143 2659 4232 generis,
2707 4142 3030 4212 maneriei

770 4249 943 4338 (lgy)
994 4248 1103 4315 uel
1152 4249 1393 4335 speciei
1446 4253 1750 4339 existant,
1804 4252 2111 4340 predictis
2163 4255 2475 4323 fratribus
2507 4256 2748 4322 nostris
2783 4255 3025 4320 iustum

769 4359 1079 4425 tributum
1131 4366 1198 4425 et
1248 4370 1623 4429 consuetum
1661 4363 1801 4430 sine
1832 4364 2355 4432 contradiccione
2387 4366 2452 4431 in
2486 4370 2864 4451 perpetuum
2898 4367 3028 4431 sol-

768 4486 922 4537 uere
971 4474 1333 4536 teneantur.
1382 4471 1462 4536 Iu
1497 4471 1680 4538 cuius
1713 4474 1805 4539 rei
1839 4474 2212 4540 memoriam
2246 4483 2312 4542 et
2342 4481 2726 4560 perpetuam
2753 4471 3024 4538 firmita-

769 4584 897 4644 tem
929 4582 1262 4662 presentes
1293 4575 1550 4647 litteras
1581 4578 1802 4665 sigillo
1834 4589 2053 4648 nostro
2086 4579 2226 4648 dari
2261 4580 2533 4649 fecimus
2567 4580 3024 4650 communitas.
