<?xml version="1.0" encoding="UTF-8"?>
<!DOCTYPE html PUBLIC "-//W3C//DTD XHTML 1.0 Transitional//EN"
    "http://www.w3.org/TR/xhtml1/DTD/xhtml1-transitional.dtd">
<html xmlns="http://www.w3.org/1999/xhtml" xml:lang="en" lang="en">
 <head>
  <title>
</title>
<meta http-equiv="Content-Type" content="text/html;charset=utf-8" />
  <meta name='ocr-system' content='tesseract 3.04.00' />
  <meta name='ocr-capabilities' content='ocr_page ocr_carea ocr_par ocr_line ocrx_word'/>
</head>
<body>
  <div class='ocr_page' id='page_1' title='image "./rpdkorijokmnytr00wenzgoog_0400.png"; bbox 0 0 3319 5249; ppageno 0'>
   <div class='ocr_carea' id='block_1_1' title="bbox 1798 393 1928 467">
    <p class='ocr_par' dir='ltr' id='par_1_1' title="bbox 1798 393 1928 467">
     <span class='ocr_line' id='line_1_1' title="bbox 1798 393 1928 467; baseline 0.023 -3"><span class='ocrx_word' id='word_1_1' title='bbox 1798 393 1928 467; x_wconf 76' lang='lat'>326</span> 
     </span>
    </p>
   </div>
   <div class='ocr_carea' id='block_1_2' title="bbox 1716 490 2031 505">
    <p class='ocr_par' dir='ltr' id='par_1_2' title="bbox 1716 490 2031 505">
     <span class='ocr_line' id='line_1_2' title="bbox 1716 490 2031 505; baseline 0 4744"><span class='ocrx_word' id='word_1_2' title='bbox 1716 490 2031 505; x_wconf 95' lang='lat' dir='ltr'> </span> 
     </span>
    </p>
   </div>
   <div class='ocr_carea' id='block_1_3' title="bbox 735 589 3053 4814">
    <p class='ocr_par' dir='ltr' id='par_1_3' title="bbox 735 589 3053 4814">
     <span class='ocr_line' id='line_1_3' title="bbox 751 589 2983 688; baseline -0.006 -16"><span class='ocrx_word' id='word_1_3' title='bbox 751 620 925 688; x_wconf 80' lang='lat' dir='ltr'>uero,</span> <span class='ocrx_word' id='word_1_4' title='bbox 961 599 1256 671; x_wconf 84' lang='lat' dir='ltr'>videlieet</span> <span class='ocrx_word' id='word_1_5' title='bbox 1287 599 1571 688; x_wconf 87' lang='lat' dir='ltr'>quinque</span> <span class='ocrx_word' id='word_1_6' title='bbox 1602 616 1864 666; x_wconf 85' lang='lat' dir='ltr'>marcas</span> <span class='ocrx_word' id='word_1_7' title='bbox 1898 602 1961 664; x_wconf 88' lang='lat' dir='ltr'>et</span> <span class='ocrx_word' id='word_1_8' title='bbox 1993 595 2321 679; x_wconf 74' lang='lat' dir='ltr'>fertonem,</span> <span class='ocrx_word' id='word_1_9' title='bbox 2377 611 2538 679; x_wconf 75' lang='lat' dir='ltr'>quas</span> <span class='ocrx_word' id='word_1_10' title='bbox 2581 589 2647 660; x_wconf 86' lang='lat' dir='ltr'>in</span> <span class='ocrx_word' id='word_1_11' title='bbox 2695 597 2983 680; x_wconf 80' lang='lat' dir='ltr'>prompta</span> 
     </span>
     <span class='ocr_line' id='line_1_4' title="bbox 752 704 2984 798; baseline -0.006 -16"><span class='ocrx_word' id='word_1_12' title='bbox 752 714 1028 798; x_wconf 85' lang='lat' dir='ltr'>pecunia</span> <span class='ocrx_word' id='word_1_13' title='bbox 1076 713 1326 781; x_wconf 89' lang='lat' dir='ltr'>soluere</span> <span class='ocrx_word' id='word_1_14' title='bbox 1375 731 1499 777; x_wconf 90' lang='lat' dir='ltr'>non</span> <span class='ocrx_word' id='word_1_15' title='bbox 1547 708 1776 793; x_wconf 89' lang='lat' dir='ltr'>potuit,</span> <span class='ocrx_word' id='word_1_16' title='bbox 1824 714 2025 774; x_wconf 90' lang='lat' dir='ltr'>totam</span> <span class='ocrx_word' id='word_1_17' title='bbox 2079 704 2445 792; x_wconf 82' lang='lat' dir='ltr'>porcionem</span> <span class='ocrx_word' id='word_1_18' title='bbox 2496 723 2678 772; x_wconf 85' lang='lat' dir='ltr'>suam</span> <span class='ocrx_word' id='word_1_19' title='bbox 2713 704 2780 770; x_wconf 90' lang='lat' dir='ltr'>in</span> <span class='ocrx_word' id='word_1_20' title='bbox 2812 710 2984 769; x_wconf 84' lang='lat' dir='ltr'>terra</span> 
     </span>
     <span class='ocr_line' id='line_1_5' title="bbox 750 805 2988 906; baseline -0.006 -18"><span class='ocrx_word' id='word_1_21' title='bbox 750 805 1040 889; x_wconf 45' lang='lat' dir='ltr'>Palasth*</span> <span class='ocrx_word' id='word_1_22' title='bbox 1073 840 1262 906; x_wconf 90' lang='lat' dir='ltr'>quam</span> <span class='ocrx_word' id='word_1_23' title='bbox 1312 817 1630 903; x_wconf 81' lang='lat' dir='ltr'>habebat,</span> <span class='ocrx_word' id='word_1_24' title='bbox 1686 836 1828 882; x_wconf 89' lang='lat' dir='ltr'>cum</span> <span class='ocrx_word' id='word_1_25' title='bbox 1882 815 2173 882; x_wconf 90' lang='lat' dir='ltr'>omnibus</span> <span class='ocrx_word' id='word_1_26' title='bbox 2222 812 2615 881; x_wconf 84' lang='lat' dir='ltr'>vtilitatibus</span> <span class='ocrx_word' id='word_1_27' title='bbox 2669 812 2820 891; x_wconf 88' lang='lat' dir='ltr'>suis,</span> <span class='ocrx_word' id='word_1_28' title='bbox 2870 832 2988 897; x_wconf 89' lang='lat' dir='ltr'>pro</span> 
     </span>
     <span class='ocr_line' id='line_1_6' title="bbox 751 920 2993 1013; baseline -0.005 -17"><span class='ocrx_word' id='word_1_29' title='bbox 751 930 991 997; x_wconf 87' lang='lat' dir='ltr'>eisdem</span> <span class='ocrx_word' id='word_1_30' title='bbox 1026 928 1303 1013; x_wconf 89' lang='lat' dir='ltr'>quinque</span> <span class='ocrx_word' id='word_1_31' title='bbox 1336 925 1569 992; x_wconf 86' lang='lat' dir='ltr'>mareis</span> <span class='ocrx_word' id='word_1_32' title='bbox 1602 933 1665 991; x_wconf 90' lang='lat' dir='ltr'>et</span> <span class='ocrx_word' id='word_1_33' title='bbox 1693 923 1960 1010; x_wconf 85' lang='lat' dir='ltr'>fertone,</span> <span class='ocrx_word' id='word_1_34' title='bbox 2001 923 2180 990; x_wconf 83' lang='lat' dir='ltr'><strong>dedit</strong></span> <span class='ocrx_word' id='word_1_35' title='bbox 2212 929 2272 989; x_wconf 91' lang='lat' dir='ltr'>et</span> <span class='ocrx_word' id='word_1_36' title='bbox 2304 920 2668 1006; x_wconf 85' lang='lat' dir='ltr'>assignauit</span> <span class='ocrx_word' id='word_1_37' title='bbox 2699 921 2894 989; x_wconf 87' lang='lat' dir='ltr'>Lewa</span> <span class='ocrx_word' id='word_1_38' title='bbox 2928 926 2993 985; x_wconf 89' lang='lat' dir='ltr'>et</span> 
     </span>
     <span class='ocr_line' id='line_1_7' title="bbox 750 1027 2995 1123; baseline -0.005 -18"><span class='ocrx_word' id='word_1_39' title='bbox 750 1037 905 1123; x_wconf 80' lang='lat' dir='ltr'>filijs</span> <span class='ocrx_word' id='word_1_40' title='bbox 938 1036 1226 1105; x_wconf 90' lang='lat' dir='ltr'>eiusdem</span> <span class='ocrx_word' id='word_1_41' title='bbox 1260 1043 1570 1123; x_wconf 87' lang='lat' dir='ltr'>perpetuo</span> <span class='ocrx_word' id='word_1_42' title='bbox 1605 1041 1669 1101; x_wconf 92' lang='lat' dir='ltr'>et</span> <span class='ocrx_word' id='word_1_43' title='bbox 1702 1031 2218 1101; x_wconf 81' lang='lat' dir='ltr'>irrevocabiliter</span> <span class='ocrx_word' id='word_1_44' title='bbox 2251 1027 2726 1117; x_wconf 81' lang='lat' dir='ltr'>possidendam,</span> <span class='ocrx_word' id='word_1_45' title='bbox 2776 1036 2995 1094; x_wconf 89' lang='lat' dir='ltr'>tenen·</span> 
     </span>
     <span class='ocr_line' id='line_1_8' title="bbox 752 1135 2998 1234; baseline -0.005 -23"><span class='ocrx_word' id='word_1_46' title='bbox 752 1144 903 1212; x_wconf 87' lang='lat' dir='ltr'>dam</span> <span class='ocrx_word' id='word_1_47' title='bbox 955 1152 1018 1215; x_wconf 87' lang='lat' dir='ltr'>et</span> <span class='ocrx_word' id='word_1_48' title='bbox 1065 1143 1470 1229; x_wconf 89' lang='lat' dir='ltr'>habendam;</span> <span class='ocrx_word' id='word_1_49' title='bbox 1504 1142 1911 1234; x_wconf 78' lang='lat' dir='ltr'>presentibus</span> <span class='ocrx_word' id='word_1_50' title='bbox 1944 1147 2007 1207; x_wconf 89' lang='lat' dir='ltr'>et</span> <span class='ocrx_word' id='word_1_51' title='bbox 2041 1138 2598 1207; x_wconf 77' lang='lat' dir='ltr'>consencientibus</span> <span class='ocrx_word' id='word_1_52' title='bbox 2630 1135 2998 1221; x_wconf 85' lang='lat' dir='ltr'>generacio·</span> 
     </span>
     <span class='ocr_line' id='line_1_9' title="bbox 749 1245 3000 1339; baseline -0.004 -20"><span class='ocrx_word' id='word_1_53' title='bbox 749 1254 939 1321; x_wconf 89' lang='lat' dir='ltr'>nibus</span> <span class='ocrx_word' id='word_1_54' title='bbox 993 1253 1148 1339; x_wconf 72' lang='lat' dir='ltr'>suia,</span> <span class='ocrx_word' id='word_1_55' title='bbox 1202 1253 1462 1319; x_wconf 88' lang='lat' dir='ltr'>Vrbano</span> <span class='ocrx_word' id='word_1_56' title='bbox 1518 1249 1823 1318; x_wconf 90' lang='lat' dir='ltr'>videlicet</span> <span class='ocrx_word' id='word_1_57' title='bbox 1873 1248 2003 1315; x_wconf 87' lang='lat' dir='ltr'>filio</span> <span class='ocrx_word' id='word_1_58' title='bbox 2054 1248 2322 1335; x_wconf 85' lang='lat' dir='ltr'>Thema,</span> <span class='ocrx_word' id='word_1_59' title='bbox 2380 1245 2490 1333; x_wconf 91' lang='lat' dir='ltr'>qui</span> <span class='ocrx_word' id='word_1_60' title='bbox 2539 1267 2657 1332; x_wconf 88' lang='lat' dir='ltr'>pro</span> <span class='ocrx_word' id='word_1_61' title='bbox 2688 1265 2759 1314; x_wconf 86' lang='lat' dir='ltr'>se</span> <span class='ocrx_word' id='word_1_62' title='bbox 2791 1251 2854 1310; x_wconf 89' lang='lat' dir='ltr'>et</span> <span class='ocrx_word' id='word_1_63' title='bbox 2885 1264 3000 1330; x_wconf 90' lang='lat' dir='ltr'>pro</span> 
     </span>
     <span class='ocr_line' id='line_1_10' title="bbox 759 1352 3003 1443; baseline -0.004 -15"><span class='ocrx_word' id='word_1_64' title='bbox 759 1361 1117 1429; x_wconf 88' lang='lat' dir='ltr'>Laurencio</span> <span class='ocrx_word' id='word_1_65' title='bbox 1168 1359 1368 1427; x_wconf 85' lang='lat' dir='ltr'>fratre</span> <span class='ocrx_word' id='word_1_66' title='bbox 1413 1379 1534 1425; x_wconf 88' lang='lat' dir='ltr'>suo</span> <span class='ocrx_word' id='word_1_67' title='bbox 1569 1356 1943 1443; x_wconf 82' lang='lat' dir='ltr'>comparuit,</span> <span class='ocrx_word' id='word_1_68' title='bbox 1978 1357 2274 1424; x_wconf 86' lang='lat' dir='ltr'>Johanne</span> <span class='ocrx_word' id='word_1_69' title='bbox 2304 1356 2436 1422; x_wconf 91' lang='lat' dir='ltr'>filio</span> <span class='ocrx_word' id='word_1_70' title='bbox 2471 1354 2859 1439; x_wconf 85' lang='lat' dir='ltr'>Lenstachij,</span> <span class='ocrx_word' id='word_1_71' title='bbox 2893 1352 3003 1436; x_wconf 88' lang='lat' dir='ltr'>qui</span> 
     </span>
     <span class='ocr_line' id='line_1_11' title="bbox 757 1451 2991 1555; baseline -0.004 -21"><span class='ocrx_word' id='word_1_72' title='bbox 757 1489 875 1555; x_wconf 91' lang='lat' dir='ltr'>pro</span> <span class='ocrx_word' id='word_1_73' title='bbox 910 1490 981 1536; x_wconf 86' lang='lat' dir='ltr'>se</span> <span class='ocrx_word' id='word_1_74' title='bbox 1013 1474 1077 1535; x_wconf 90' lang='lat' dir='ltr'>et</span> <span class='ocrx_word' id='word_1_75' title='bbox 1108 1467 1370 1534; x_wconf 85' lang='lat' dir='ltr'>domina</span> <span class='ocrx_word' id='word_1_76' title='bbox 1398 1465 1621 1532; x_wconf 87' lang='lat' dir='ltr'>relicta</span> <span class='ocrx_word' id='word_1_77' title='bbox 1659 1466 1935 1532; x_wconf 84' lang='lat' dir='ltr'>Umresa</span> <span class='ocrx_word' id='word_1_78' title='bbox 1985 1451 2362 1551; x_wconf 85' lang='lat' dir='ltr'>comparuit,</span> <span class='ocrx_word' id='word_1_79' title='bbox 2413 1463 2566 1529; x_wconf 89' lang='lat' dir='ltr'>item</span> <span class='ocrx_word' id='word_1_80' title='bbox 2598 1464 2827 1530; x_wconf 87' lang='lat' dir='ltr'>Almus</span> <span class='ocrx_word' id='word_1_81' title='bbox 2858 1462 2991 1529; x_wconf 86' lang='lat' dir='ltr'>filio</span> 
     </span>
     <span class='ocr_line' id='line_1_12' title="bbox 754 1567 3053 1663; baseline -0.004 -19"><span class='ocrx_word' id='word_1_82' title='bbox 754 1577 947 1663; x_wconf 81' lang='lat' dir='ltr'>Guze,</span> <span class='ocrx_word' id='word_1_83' title='bbox 980 1576 1090 1660; x_wconf 89' lang='lat' dir='ltr'>qui</span> <span class='ocrx_word' id='word_1_84' title='bbox 1125 1597 1244 1662; x_wconf 89' lang='lat' dir='ltr'>pro</span> <span class='ocrx_word' id='word_1_85' title='bbox 1270 1594 1341 1642; x_wconf 89' lang='lat' dir='ltr'>se</span> <span class='ocrx_word' id='word_1_86' title='bbox 1373 1575 1514 1661; x_wconf 89' lang='lat' dir='ltr'>ipso</span> <span class='ocrx_word' id='word_1_87' title='bbox 1548 1571 1753 1640; x_wconf 88' lang='lat' dir='ltr'>astitit</span> <span class='ocrx_word' id='word_1_88' title='bbox 1784 1592 1993 1639; x_wconf 88' lang='lat' dir='ltr'>eoram</span> <span class='ocrx_word' id='word_1_89' title='bbox 2016 1572 2219 1640; x_wconf 89' lang='lat' dir='ltr'>nobis.</span> <span class='ocrx_word' id='word_1_90' title='bbox 2243 1570 2472 1660; x_wconf 87' lang='lat' dir='ltr'>Sepius</span> <span class='ocrx_word' id='word_1_91' title='bbox 2511 1579 2725 1639; x_wconf 85' lang='lat' dir='ltr'>tamen</span> <span class='ocrx_word' id='word_1_92' title='bbox 2766 1567 2986 1658; x_wconf 85' lang='lat' dir='ltr'>(dieti)</span> <span class='ocrx_word' id='word_1_93' title='bbox 3043 1655 3053 1663; x_wconf 38' lang='grc'><em>,</em></span> 
     </span>
     <span class='ocr_line' id='line_1_13' title="bbox 749 1678 2985 1771; baseline -0.004 -19"><span class='ocrx_word' id='word_1_94' title='bbox 749 1685 1017 1771; x_wconf 87' lang='lat' dir='ltr'>Albeus,</span> <span class='ocrx_word' id='word_1_95' title='bbox 1071 1690 1132 1754; x_wconf 85' lang='lat' dir='ltr'>et</span> <span class='ocrx_word' id='word_1_96' title='bbox 1184 1686 1378 1752; x_wconf 86' lang='lat' dir='ltr'>Lewa</span> <span class='ocrx_word' id='word_1_97' title='bbox 1426 1703 1566 1749; x_wconf 88' lang='lat' dir='ltr'>cnm</span> <span class='ocrx_word' id='word_1_98' title='bbox 1600 1681 1754 1767; x_wconf 90' lang='lat' dir='ltr'>filijs</span> <span class='ocrx_word' id='word_1_99' title='bbox 1790 1682 1938 1766; x_wconf 87' lang='lat' dir='ltr'>suis,</span> <span class='ocrx_word' id='word_1_100' title='bbox 1969 1690 2202 1749; x_wconf 89' lang='lat' dir='ltr'>terram</span> <span class='ocrx_word' id='word_1_101' title='bbox 2235 1687 2638 1768; x_wconf 83' lang='lat' dir='ltr'>prenotatam</span> <span class='ocrx_word' id='word_1_102' title='bbox 2671 1678 2985 1766; x_wconf 84' lang='lat' dir='ltr'>predictis</span> 
     </span>
     <span class='ocr_line' id='line_1_14' title="bbox 754 1785 2987 1877; baseline -0.004 -18"><span class='ocrx_word' id='word_1_103' title='bbox 754 1791 1284 1877; x_wconf 86' lang='lat' dir='ltr'>generacionibus</span> <span class='ocrx_word' id='word_1_104' title='bbox 1318 1792 1618 1876; x_wconf 89' lang='lat' dir='ltr'>ipsorum,</span> <span class='ocrx_word' id='word_1_105' title='bbox 1644 1809 1758 1875; x_wconf 90' lang='lat' dir='ltr'>pro</span> <span class='ocrx_word' id='word_1_106' title='bbox 1790 1809 2041 1857; x_wconf 88' lang='lat' dir='ltr'>summa</span> <span class='ocrx_word' id='word_1_107' title='bbox 2080 1789 2346 1875; x_wconf 90' lang='lat' dir='ltr'>pecunie</span> <span class='ocrx_word' id='word_1_108' title='bbox 2379 1787 2671 1875; x_wconf 88' lang='lat' dir='ltr'>predicte</span> <span class='ocrx_word' id='word_1_109' title='bbox 2705 1786 2788 1852; x_wconf 89' lang='lat' dir='ltr'>ad</span> <span class='ocrx_word' id='word_1_110' title='bbox 2822 1785 2987 1852; x_wconf 88' lang='lat' dir='ltr'>redi·</span> 
     </span>
     <span class='ocr_line' id='line_1_15' title="bbox 751 1894 2989 1984; baseline -0.003 -16"><span class='ocrx_word' id='word_1_111' title='bbox 751 1902 1048 1968; x_wconf 89' lang='lat' dir='ltr'>mendum</span> <span class='ocrx_word' id='word_1_112' title='bbox 1082 1899 1455 1966; x_wconf 83' lang='lat' dir='ltr'>exhibentes</span> <span class='ocrx_word' id='word_1_113' title='bbox 1486 1917 1702 1964; x_wconf 91' lang='lat' dir='ltr'>coram</span> <span class='ocrx_word' id='word_1_114' title='bbox 1736 1896 1960 1980; x_wconf 91' lang='lat' dir='ltr'>nobis;</span> <span class='ocrx_word' id='word_1_115' title='bbox 1996 1897 2102 1982; x_wconf 89' lang='lat' dir='ltr'>qui</span> <span class='ocrx_word' id='word_1_116' title='bbox 2140 1899 2348 1984; x_wconf 83' lang='lat' dir='ltr'>ipsam</span> <span class='ocrx_word' id='word_1_117' title='bbox 2386 1898 2648 1965; x_wconf 87' lang='lat' dir='ltr'>minime</span> <span class='ocrx_word' id='word_1_118' title='bbox 2680 1894 2989 1962; x_wconf 85' lang='lat' dir='ltr'>redimere</span> 
     </span>
     <span class='ocr_line' id='line_1_16' title="bbox 750 2002 2990 2096; baseline -0.003 -21"><span class='ocrx_word' id='word_1_119' title='bbox 750 2017 1072 2096; x_wconf 89' lang='lat' dir='ltr'>curarunt,</span> <span class='ocrx_word' id='word_1_120' title='bbox 1093 2009 1284 2075; x_wconf 91' lang='lat' dir='ltr'>immo</span> <span class='ocrx_word' id='word_1_121' title='bbox 1303 2008 1508 2093; x_wconf 85' lang='lat' dir='ltr'>ipsam</span> <span class='ocrx_word' id='word_1_122' title='bbox 1529 2013 1766 2073; x_wconf 88' lang='lat' dir='ltr'>terram</span> <span class='ocrx_word' id='word_1_123' title='bbox 1791 2006 2002 2092; x_wconf 91' lang='lat' dir='ltr'>quiete</span> <span class='ocrx_word' id='word_1_124' title='bbox 2036 2014 2101 2074; x_wconf 91' lang='lat' dir='ltr'>et</span> <span class='ocrx_word' id='word_1_125' title='bbox 2133 2007 2395 2092; x_wconf 87' lang='lat' dir='ltr'>pacifice</span> <span class='ocrx_word' id='word_1_126' title='bbox 2427 2007 2721 2076; x_wconf 87' lang='lat' dir='ltr'>conferre</span> <span class='ocrx_word' id='word_1_127' title='bbox 2752 2002 2990 2091; x_wconf 82' lang='lat' dir='ltr'>permi-</span> 
     </span>
     <span class='ocr_line' id='line_1_17' title="bbox 750 2116 2989 2203; baseline -0.002 -19"><span class='ocrx_word' id='word_1_128' title='bbox 750 2125 969 2184; x_wconf 88' lang='lat' dir='ltr'>serunt</span> <span class='ocrx_word' id='word_1_129' title='bbox 1021 2118 1217 2184; x_wconf 84' lang='lat' dir='ltr'>Lcwa</span> <span class='ocrx_word' id='word_1_130' title='bbox 1265 2123 1328 2182; x_wconf 86' lang='lat' dir='ltr'>ct</span> <span class='ocrx_word' id='word_1_131' title='bbox 1376 2116 1526 2200; x_wconf 85' lang='lat' dir='ltr'>filijs</span> <span class='ocrx_word' id='word_1_132' title='bbox 1576 2116 1714 2182; x_wconf 90' lang='lat' dir='ltr'>suis</span> <span class='ocrx_word' id='word_1_133' title='bbox 1763 2116 2163 2202; x_wconf 88' lang='lat' dir='ltr'>supradictis</span> <span class='ocrx_word' id='word_1_134' title='bbox 2218 2154 2306 2167; x_wconf 88' lang='lat'>—-</span> <span class='ocrx_word' id='word_1_135' title='bbox 2360 2158 2433 2170; x_wconf 87' lang='lat'><em>-</em></span> <span class='ocrx_word' id='word_1_136' title='bbox 2494 2117 2650 2203; x_wconf 87' lang='lat' dir='ltr'>quia</span> <span class='ocrx_word' id='word_1_137' title='bbox 2680 2116 2989 2200; x_wconf 58' lang='lat' dir='ltr'>qualitati,</span> 
     </span>
     <span class='ocr_line' id='line_1_18' title="bbox 750 2224 2988 2311; baseline -0.002 -19"><span class='ocrx_word' id='word_1_138' title='bbox 750 2224 1078 2311; x_wconf 85' lang='lat' dir='ltr'>quantitas</span> <span class='ocrx_word' id='word_1_139' title='bbox 1109 2237 1223 2292; x_wconf 85' lang='lat' dir='ltr'>seu</span> <span class='ocrx_word' id='word_1_140' title='bbox 1254 2244 1475 2292; x_wconf 88' lang='lat' dir='ltr'>cursus</span> <span class='ocrx_word' id='word_1_141' title='bbox 1509 2232 1826 2292; x_wconf 84' lang='lat' dir='ltr'>metarum</span> <span class='ocrx_word' id='word_1_142' title='bbox 1861 2231 2027 2292; x_wconf 86' lang='lat' dir='ltr'>terre</span> <span class='ocrx_word' id='word_1_143' title='bbox 2063 2225 2347 2309; x_wconf 88' lang='lat' dir='ltr'>predicte</span> <span class='ocrx_word' id='word_1_144' title='bbox 2380 2228 2568 2294; x_wconf 90' lang='lat' dir='ltr'>nobis</span> <span class='ocrx_word' id='word_1_145' title='bbox 2602 2226 2687 2293; x_wconf 89' lang='lat' dir='ltr'>ad</span> <span class='ocrx_word' id='word_1_146' title='bbox 2725 2226 2988 2310; x_wconf 89' lang='lat' dir='ltr'>plenum</span> 
     </span>
     <span class='ocr_line' id='line_1_19' title="bbox 750 2332 2992 2422; baseline -0.002 -21"><span class='ocrx_word' id='word_1_147' title='bbox 750 2355 881 2401; x_wconf 92' lang='lat' dir='ltr'>non</span> <span class='ocrx_word' id='word_1_148' title='bbox 914 2335 1315 2422; x_wconf 84' lang='lat' dir='ltr'>constabant,</span> <span class='ocrx_word' id='word_1_149' title='bbox 1339 2339 1403 2400; x_wconf 90' lang='lat' dir='ltr'>et</span> <span class='ocrx_word' id='word_1_150' title='bbox 1430 2354 1509 2399; x_wconf 90' lang='lat' dir='ltr'>ne</span> <span class='ocrx_word' id='word_1_151' title='bbox 1545 2340 1752 2400; x_wconf 90' lang='lat' dir='ltr'>utrum</span> <span class='ocrx_word' id='word_1_152' title='bbox 1787 2332 2031 2416; x_wconf 88' lang='lat' dir='ltr'>relique</span> <span class='ocrx_word' id='word_1_153' title='bbox 2064 2335 2522 2419; x_wconf 82' lang='lat' dir='ltr'>generaciones</span> <span class='ocrx_word' id='word_1_154' title='bbox 2556 2332 2992 2420; x_wconf 88' lang='lat' dir='ltr'>ipsorum,qui</span> 
     </span>
     <span class='ocr_line' id='line_1_20' title="bbox 749 2443 2993 2531; baseline -0.001 -20"><span class='ocrx_word' id='word_1_155' title='bbox 749 2444 1176 2531; x_wconf 82' lang='lat' dir='ltr'>personaliter</span> <span class='ocrx_word' id='word_1_156' title='bbox 1206 2463 1334 2511; x_wconf 91' lang='lat' dir='ltr'>non</span> <span class='ocrx_word' id='word_1_157' title='bbox 1375 2448 1873 2530; x_wconf 86' lang='lat' dir='ltr'>comparuerunt</span> <span class='ocrx_word' id='word_1_158' title='bbox 1893 2463 2111 2509; x_wconf 90' lang='lat' dir='ltr'>corum</span> <span class='ocrx_word' id='word_1_159' title='bbox 2134 2445 2337 2530; x_wconf 86' lang='lat' dir='ltr'>nobis,</span> <span class='ocrx_word' id='word_1_160' title='bbox 2359 2463 2694 2511; x_wconf 87' lang='lat' dir='ltr'>assensum</span> <span class='ocrx_word' id='word_1_161' title='bbox 2715 2443 2993 2509; x_wconf 84' lang='lat' dir='ltr'>forsitan</span> 
     </span>
     <span class='ocr_line' id='line_1_21' title="bbox 747 2551 2990 2641; baseline 0 -25"><span class='ocrx_word' id='word_1_162' title='bbox 747 2551 1153 2637; x_wconf 87' lang='lat' dir='ltr'>prebuissent</span> <span class='ocrx_word' id='word_1_163' title='bbox 1200 2551 1513 2641; x_wconf 88' lang='lat' dir='ltr'>premissa</span> <span class='ocrx_word' id='word_1_164' title='bbox 1575 2552 1897 2619; x_wconf 82' lang='lat' dir='ltr'>faciendi:</span> <span class='ocrx_word' id='word_1_165' title='bbox 1960 2553 2274 2619; x_wconf 89' lang='lat' dir='ltr'>misiunus</span> <span class='ocrx_word' id='word_1_166' title='bbox 2326 2552 2644 2620; x_wconf 89' lang='lat' dir='ltr'>hominem</span> <span class='ocrx_word' id='word_1_167' title='bbox 2695 2560 2990 2618; x_wconf 87' lang='lat' dir='ltr'>nostrum</span> 
     </span>
     <span class='ocr_line' id='line_1_22' title="bbox 747 2658 2994 2750; baseline -0.001 -22"><span class='ocrx_word' id='word_1_168' title='bbox 747 2659 1003 2729; x_wconf 90' lang='lat' dir='ltr'>fidelem</span> <span class='ocrx_word' id='word_1_169' title='bbox 1058 2686 1140 2731; x_wconf 86' lang='lat' dir='ltr'>ex</span> <span class='ocrx_word' id='word_1_170' title='bbox 1186 2663 1510 2750; x_wconf 87' lang='lat' dir='ltr'>peticione</span> <span class='ocrx_word' id='word_1_171' title='bbox 1558 2664 1845 2748; x_wconf 84' lang='lat' dir='ltr'>parcium</span> <span class='ocrx_word' id='word_1_172' title='bbox 1880 2671 1945 2727; x_wconf 92' lang='lat' dir='ltr'>et</span> <span class='ocrx_word' id='word_1_173' title='bbox 1980 2663 2478 2746; x_wconf 66' lang='lat' dir='ltr'>generacionum</span> <span class='ocrx_word' id='word_1_174' title='bbox 2512 2681 2769 2728; x_wconf 89' lang='lat' dir='ltr'>suorum</span> <span class='ocrx_word' id='word_1_175' title='bbox 2800 2658 2893 2727; x_wconf 84' lang='lat' dir='ltr'>ad</span> <span class='ocrx_word' id='word_1_176' title='bbox 2924 2658 2994 2726; x_wconf 92' lang='lat' dir='ltr'>id</span> 
     </span>
     <span class='ocr_line' id='line_1_23' title="bbox 749 2771 2991 2857; baseline -0.002 -20"><span class='ocrx_word' id='word_1_177' title='bbox 749 2771 1231 2856; x_wconf 84' lang='lat' dir='ltr'>exequendum;</span> <span class='ocrx_word' id='word_1_178' title='bbox 1282 2792 1497 2838; x_wconf 83' lang='lat' dir='ltr'>coram</span> <span class='ocrx_word' id='word_1_179' title='bbox 1551 2791 1677 2855; x_wconf 92' lang='lat' dir='ltr'>quo</span> <span class='ocrx_word' id='word_1_180' title='bbox 1729 2771 2015 2857; x_wconf 86' lang='lat' dir='ltr'>predicte</span> <span class='ocrx_word' id='word_1_181' title='bbox 2047 2777 2269 2855; x_wconf 88' lang='lat' dir='ltr'>partes</span> <span class='ocrx_word' id='word_1_182' title='bbox 2303 2778 2364 2837; x_wconf 90' lang='lat' dir='ltr'>et</span> <span class='ocrx_word' id='word_1_183' title='bbox 2401 2773 2700 2837; x_wconf 87' lang='lat' dir='ltr'>vniuerse</span> <span class='ocrx_word' id='word_1_184' title='bbox 2730 2790 2991 2853; x_wconf 84' lang='lat' dir='ltr'>genera·</span> 
     </span>
     <span class='ocr_line' id='line_1_24' title="bbox 748 2880 2993 2967; baseline -0.002 -22"><span class='ocrx_word' id='word_1_185' title='bbox 748 2880 963 2947; x_wconf 86' lang='lat' dir='ltr'>ciones</span> <span class='ocrx_word' id='word_1_186' title='bbox 996 2881 1280 2967; x_wconf 86' lang='lat' dir='ltr'>ipsorum</span> <span class='ocrx_word' id='word_1_187' title='bbox 1315 2888 1551 2944; x_wconf 88' lang='lat' dir='ltr'>terram</span> <span class='ocrx_word' id='word_1_188' title='bbox 1606 2880 2000 2964; x_wconf 85' lang='lat' dir='ltr'>sepedictam</span> <span class='ocrx_word' id='word_1_189' title='bbox 2035 2880 2326 2945; x_wconf 87' lang='lat' dir='ltr'>cursibus</span> <span class='ocrx_word' id='word_1_190' title='bbox 2358 2887 2671 2945; x_wconf 89' lang='lat' dir='ltr'>metarum</span> <span class='ocrx_word' id='word_1_191' title='bbox 2707 2898 2993 2959; x_wconf 86' lang='lat' dir='ltr'>suarum,</span> 
     </span>
     <span class='ocr_line' id='line_1_25' title="bbox 747 2986 2992 3072; baseline -0 -21"><span class='ocrx_word' id='word_1_192' title='bbox 747 2987 815 3052; x_wconf 91' lang='lat' dir='ltr'>in</span> <span class='ocrx_word' id='word_1_193' title='bbox 865 2994 1139 3072; x_wconf 84' lang='lat' dir='ltr'>quatuor</span> <span class='ocrx_word' id='word_1_194' title='bbox 1188 2987 1348 3055; x_wconf 88' lang='lat' dir='ltr'>loeis</span> <span class='ocrx_word' id='word_1_195' title='bbox 1384 2994 1446 3053; x_wconf 90' lang='lat' dir='ltr'>et</span> <span class='ocrx_word' id='word_1_196' title='bbox 1476 2986 1814 3072; x_wconf 81' lang='lat' dir='ltr'>particulis</span> <span class='ocrx_word' id='word_1_197' title='bbox 1847 2987 2034 3053; x_wconf 89' lang='lat' dir='ltr'>metis</span> <span class='ocrx_word' id='word_1_198' title='bbox 2069 2986 2457 3071; x_wconf 86' lang='lat' dir='ltr'>distinctam,</span> <span class='ocrx_word' id='word_1_199' title='bbox 2491 2987 2992 3069; x_wconf 85' lang='lat' dir='ltr'>assignauerunt</span> 
     </span>
     <span class='ocr_line' id='line_1_26' title="bbox 741 3093 2990 3180; baseline 0 -19"><span class='ocrx_word' id='word_1_200' title='bbox 741 3096 941 3163; x_wconf 86' lang='lat' dir='ltr'>Lewa</span> <span class='ocrx_word' id='word_1_201' title='bbox 971 3102 1035 3161; x_wconf 90' lang='lat' dir='ltr'>et</span> <span class='ocrx_word' id='word_1_202' title='bbox 1065 3095 1213 3180; x_wconf 88' lang='lat' dir='ltr'>filijs</span> <span class='ocrx_word' id='word_1_203' title='bbox 1263 3096 1398 3162; x_wconf 89' lang='lat' dir='ltr'>suis</span> <span class='ocrx_word' id='word_1_204' title='bbox 1438 3094 1804 3179; x_wconf 84' lang='lat' dir='ltr'>sepedictis.</span> <span class='ocrx_word' id='word_1_205' title='bbox 1856 3094 1931 3160; x_wconf 93' lang='lat' dir='ltr'>In</span> <span class='ocrx_word' id='word_1_206' title='bbox 1964 3093 2169 3179; x_wconf 89' lang='lat' dir='ltr'>primo</span> <span class='ocrx_word' id='word_1_207' title='bbox 2201 3094 2341 3161; x_wconf 90' lang='lat' dir='ltr'>loeo</span> <span class='ocrx_word' id='word_1_208' title='bbox 2375 3115 2415 3160; x_wconf 92' lang='lat' dir='ltr'>a</span> <span class='ocrx_word' id='word_1_209' title='bbox 2444 3093 2633 3160; x_wconf 87' lang='lat' dir='ltr'>metis</span> <span class='ocrx_word' id='word_1_210' title='bbox 2664 3100 2833 3164; x_wconf 88' lang='lat' dir='ltr'>terre</span> <span class='ocrx_word' id='word_1_211' title='bbox 2872 3096 2990 3162; x_wconf 82' lang='lat' dir='ltr'>Ra·</span> 
     </span>
     <span class='ocr_line' id='line_1_27' title="bbox 742 3200 2980 3289; baseline -0.002 -19"><span class='ocrx_word' id='word_1_212' title='bbox 742 3204 958 3270; x_wconf 85' lang='lat' dir='ltr'>kanza</span> <span class='ocrx_word' id='word_1_213' title='bbox 1006 3224 1047 3270; x_wconf 96' lang='lat' dir='ltr'>a</span> <span class='ocrx_word' id='word_1_214' title='bbox 1095 3205 1296 3270; x_wconf 89' lang='lat' dir='ltr'>tribus</span> <span class='ocrx_word' id='word_1_215' title='bbox 1329 3203 1666 3288; x_wconf 88' lang='lat' dir='ltr'>quereibus</span> <span class='ocrx_word' id='word_1_216' title='bbox 1697 3200 2107 3289; x_wconf 87' lang='lat' dir='ltr'>progreditur</span> <span class='ocrx_word' id='word_1_217' title='bbox 2139 3223 2256 3287; x_wconf 90' lang='lat' dir='ltr'>per</span> <span class='ocrx_word' id='word_1_218' title='bbox 2288 3202 2480 3288; x_wconf 85' lang='lat' dir='ltr'>viam,</span> <span class='ocrx_word' id='word_1_219' title='bbox 2512 3222 2638 3287; x_wconf 88' lang='lat' dir='ltr'>que</span> <span class='ocrx_word' id='word_1_220' title='bbox 2668 3202 2853 3270; x_wconf 84' lang='lat' dir='ltr'>venit</span> <span class='ocrx_word' id='word_1_221' title='bbox 2900 3201 2980 3270; x_wconf 91' lang='lat' dir='ltr'>de</span> 
     </span>
     <span class='ocr_line' id='line_1_28' title="bbox 745 3311 2987 3399; baseline -0.001 -21"><span class='ocrx_word' id='word_1_222' title='bbox 745 3313 1026 3399; x_wconf 87' lang='lat' dir='ltr'>Buzouk,</span> <span class='ocrx_word' id='word_1_223' title='bbox 1060 3312 1456 3399; x_wconf 87' lang='lat' dir='ltr'>protenditur</span> <span class='ocrx_word' id='word_1_224' title='bbox 1486 3313 1657 3378; x_wconf 83' lang='lat' dir='ltr'>circa</span> <span class='ocrx_word' id='word_1_225' title='bbox 1691 3318 1928 3377; x_wconf 87' lang='lat' dir='ltr'>terram</span> <span class='ocrx_word' id='word_1_226' title='bbox 1962 3311 2132 3376; x_wconf 91' lang='lat' dir='ltr'>Petri</span> <span class='ocrx_word' id='word_1_227' title='bbox 2169 3312 2433 3379; x_wconf 88' lang='lat' dir='ltr'>Comitis</span> <span class='ocrx_word' id='word_1_228' title='bbox 2463 3311 2580 3396; x_wconf 89' lang='lat' dir='ltr'>filij</span> <span class='ocrx_word' id='word_1_229' title='bbox 2605 3312 2785 3399; x_wconf 88' lang='lat' dir='ltr'>Bors,</span> <span class='ocrx_word' id='word_1_230' title='bbox 2808 3315 2987 3399; x_wconf 85' lang='lat' dir='ltr'>capit</span> 
     </span>
     <span class='ocr_line' id='line_1_29' title="bbox 744 3417 2989 3504; baseline -0 -17"><span class='ocrx_word' id='word_1_231' title='bbox 744 3422 811 3487; x_wconf 89' lang='lat' dir='ltr'>in</span> <span class='ocrx_word' id='word_1_232' title='bbox 846 3419 1193 3487; x_wconf 88' lang='lat' dir='ltr'>latitudine</span> <span class='ocrx_word' id='word_1_233' title='bbox 1224 3421 1342 3487; x_wconf 85' lang='lat' dir='ltr'>XC</span> <span class='ocrx_word' id='word_1_234' title='bbox 1377 3427 1517 3486; x_wconf 89' lang='lat' dir='ltr'>octo</span> <span class='ocrx_word' id='word_1_235' title='bbox 1549 3420 1931 3504; x_wconf 80' lang='lat' dir='ltr'>amplexus3</span> <span class='ocrx_word' id='word_1_236' title='bbox 1964 3417 2216 3486; x_wconf 90' lang='lat' dir='ltr'>demum</span> <span class='ocrx_word' id='word_1_237' title='bbox 2251 3421 2596 3487; x_wconf 87' lang='lat' dir='ltr'>reflectitur</span> <span class='ocrx_word' id='word_1_238' title='bbox 2616 3428 2840 3489; x_wconf 86' lang='lat' dir='ltr'>contra</span> <span class='ocrx_word' id='word_1_239' title='bbox 2860 3420 2989 3489; x_wconf 85' lang='lat' dir='ltr'>val·</span> 
     </span>
     <span class='ocr_line' id='line_1_30' title="bbox 743 3526 2988 3615; baseline -0.001 -19"><span class='ocrx_word' id='word_1_240' title='bbox 743 3529 890 3609; x_wconf 90' lang='lat' dir='ltr'>lem,</span> <span class='ocrx_word' id='word_1_241' title='bbox 921 3529 1100 3595; x_wconf 86' lang='lat' dir='ltr'>vadit</span> <span class='ocrx_word' id='word_1_242' title='bbox 1120 3547 1234 3615; x_wconf 91' lang='lat' dir='ltr'>per</span> <span class='ocrx_word' id='word_1_243' title='bbox 1265 3526 1733 3612; x_wconf 81' lang='lat' dir='ltr'>longitudinem</span> <span class='ocrx_word' id='word_1_244' title='bbox 1765 3534 1932 3593; x_wconf 87' lang='lat' dir='ltr'>terre</span> <span class='ocrx_word' id='word_1_245' title='bbox 1965 3529 2247 3611; x_wconf 80' lang='lat' dir='ltr'>arabilis,</span> <span class='ocrx_word' id='word_1_246' title='bbox 2274 3535 2337 3595; x_wconf 83' lang='lat' dir='ltr'>et</span> <span class='ocrx_word' id='word_1_247' title='bbox 2358 3529 2739 3595; x_wconf 86' lang='lat' dir='ltr'>terminatur</span> <span class='ocrx_word' id='word_1_248' title='bbox 2758 3529 2823 3595; x_wconf 91' lang='lat' dir='ltr'>in</span> <span class='ocrx_word' id='word_1_249' title='bbox 2848 3530 2988 3614; x_wconf 86' lang='lat' dir='ltr'>giro</span> 
     </span>
     <span class='ocr_line' id='line_1_31' title="bbox 745 3635 2989 3727; baseline -0 -24"><span class='ocrx_word' id='word_1_250' title='bbox 745 3635 941 3703; x_wconf 83' lang='lat' dir='ltr'>vallis</span> <span class='ocrx_word' id='word_1_251' title='bbox 980 3637 1267 3705; x_wconf 89' lang='lat' dir='ltr'>eiusdem</span> <span class='ocrx_word' id='word_1_252' title='bbox 1302 3637 1511 3721; x_wconf 87' lang='lat' dir='ltr'>prima</span> <span class='ocrx_word' id='word_1_253' title='bbox 1541 3635 1880 3722; x_wconf 86' lang='lat' dir='ltr'>particula.</span> <span class='ocrx_word' id='word_1_254' title='bbox 1903 3636 1978 3727; x_wconf 85' lang='lat' dir='ltr'>In</span> <span class='ocrx_word' id='word_1_255' title='bbox 2011 3637 2293 3705; x_wconf 87' lang='lat' dir='ltr'>secundo</span> <span class='ocrx_word' id='word_1_256' title='bbox 2327 3644 2544 3705; x_wconf 88' lang='lat' dir='ltr'>autem</span> <span class='ocrx_word' id='word_1_257' title='bbox 2577 3637 2718 3705; x_wconf 94' lang='lat' dir='ltr'>loco</span> <span class='ocrx_word' id='word_1_258' title='bbox 2752 3646 2816 3705; x_wconf 90' lang='lat' dir='ltr'>et</span> <span class='ocrx_word' id='word_1_259' title='bbox 2848 3658 2989 3725; x_wconf 91' lang='lat' dir='ltr'>par·</span> 
     </span>
     <span class='ocr_line' id='line_1_32' title="bbox 745 3732 2993 3832; baseline -0.001 -21"><span class='ocrx_word' id='word_1_260' title='bbox 745 3744 949 3812; x_wconf 89' lang='lat' dir='ltr'>ticula</span> <span class='ocrx_word' id='word_1_261' title='bbox 998 3744 1501 3829; x_wconf 76' lang='lat' dir='ltr'>assignauerunt</span> <span class='ocrx_word' id='word_1_262' title='bbox 1549 3752 1742 3829; x_wconf 82' lang='lat' dir='ltr'>prata</span> <span class='ocrx_word' id='word_1_263' title='bbox 1793 3746 1878 3810; x_wconf 90' lang='lat' dir='ltr'>ab</span> <span class='ocrx_word' id='word_1_264' title='bbox 1934 3752 2204 3830; x_wconf 74' lang='lat' dir='ltr'>Vtraque</span> <span class='ocrx_word' id='word_1_265' title='bbox 2239 3754 2421 3832; x_wconf 88' lang='lat' dir='ltr'>parte</span> <span class='ocrx_word' id='word_1_266' title='bbox 2448 3732 2993 3832; x_wconf 66' lang='lat' dir='ltr'>Hurhudpotoka,</span> 
     </span>
     <span class='ocr_line' id='line_1_33' title="bbox 745 3851 2987 3940; baseline 0 -22"><span class='ocrx_word' id='word_1_267' title='bbox 745 3854 850 3920; x_wconf 91' lang='lat' dir='ltr'>ubi</span> <span class='ocrx_word' id='word_1_268' title='bbox 904 3873 1018 3940; x_wconf 90' lang='lat' dir='ltr'>per</span> <span class='ocrx_word' id='word_1_269' title='bbox 1072 3853 1339 3918; x_wconf 88' lang='lat' dir='ltr'>cundem</span> <span class='ocrx_word' id='word_1_270' title='bbox 1392 3851 1592 3939; x_wconf 90' lang='lat' dir='ltr'>potok</span> <span class='ocrx_word' id='word_1_271' title='bbox 1624 3852 1939 3921; x_wconf 87' lang='lat' dir='ltr'>transitur</span> <span class='ocrx_word' id='word_1_272' title='bbox 1971 3859 2033 3919; x_wconf 91' lang='lat' dir='ltr'>et</span> <span class='ocrx_word' id='word_1_273' title='bbox 2063 3854 2439 3922; x_wconf 81' lang='lat' dir='ltr'>ascenditur</span> <span class='ocrx_word' id='word_1_274' title='bbox 2473 3862 2696 3922; x_wconf 87' lang='lat' dir='ltr'>eontra</span> <span class='ocrx_word' id='word_1_275' title='bbox 2727 3857 2987 3922; x_wconf 82' lang='lat' dir='ltr'>Drenov</span> 
     </span>
     <span class='ocr_line' id='line_1_34' title="bbox 742 3961 2987 4050; baseline 0.001 -23"><span class='ocrx_word' id='word_1_276' title='bbox 742 3963 826 4028; x_wconf 90' lang='lat' dir='ltr'>ab</span> <span class='ocrx_word' id='word_1_277' title='bbox 858 3961 1083 4029; x_wconf 88' lang='lat' dir='ltr'>eodem</span> <span class='ocrx_word' id='word_1_278' title='bbox 1117 3961 1389 4028; x_wconf 89' lang='lat' dir='ltr'>transitu</span> <span class='ocrx_word' id='word_1_279' title='bbox 1423 3982 1677 4028; x_wconf 91' lang='lat' dir='ltr'>sursum</span> <span class='ocrx_word' id='word_1_280' title='bbox 1712 3982 1912 4046; x_wconf 86' lang='lat' dir='ltr'>vsque</span> <span class='ocrx_word' id='word_1_281' title='bbox 1945 3962 2028 4031; x_wconf 86' lang='lat' dir='ltr'>ad</span> <span class='ocrx_word' id='word_1_282' title='bbox 2062 3964 2276 4030; x_wconf 85' lang='lat' dir='ltr'>exitus</span> <span class='ocrx_word' id='word_1_283' title='bbox 2311 3972 2626 4032; x_wconf 87' lang='lat' dir='ltr'>metarum</span> <span class='ocrx_word' id='word_1_284' title='bbox 2663 3970 2827 4033; x_wconf 86' lang='lat' dir='ltr'>terre</span> <span class='ocrx_word' id='word_1_285' title='bbox 2849 3984 2987 4050; x_wconf 88' lang='lat' dir='ltr'>pre·</span> 
     </span>
     <span class='ocr_line' id='line_1_35' title="bbox 743 4067 2983 4160; baseline -0 -25"><span class='ocrx_word' id='word_1_286' title='bbox 743 4069 933 4156; x_wconf 90' lang='lat' dir='ltr'>dicte,</span> <span class='ocrx_word' id='word_1_287' title='bbox 987 4089 1129 4135; x_wconf 91' lang='lat' dir='ltr'>cum</span> <span class='ocrx_word' id='word_1_288' title='bbox 1180 4067 1571 4137; x_wconf 80' lang='lat' dir='ltr'>vtilitatibus</span> <span class='ocrx_word' id='word_1_289' title='bbox 1621 4072 1759 4139; x_wconf 87' lang='lat' dir='ltr'>suis</span> <span class='ocrx_word' id='word_1_290' title='bbox 1794 4091 1920 4155; x_wconf 91' lang='lat' dir='ltr'>quo</span> <span class='ocrx_word' id='word_1_291' title='bbox 1954 4070 2038 4136; x_wconf 86' lang='lat' dir='ltr'>ad</span> <span class='ocrx_word' id='word_1_292' title='bbox 2071 4091 2273 4155; x_wconf 85' lang='lat' dir='ltr'>vsque</span> <span class='ocrx_word' id='word_1_293' title='bbox 2304 4078 2496 4158; x_wconf 85' lang='lat' dir='ltr'>prata</span> <span class='ocrx_word' id='word_1_294' title='bbox 2528 4071 2662 4139; x_wconf 89' lang='lat' dir='ltr'>fieri</span> <span class='ocrx_word' id='word_1_295' title='bbox 2696 4076 2983 4160; x_wconf 85' lang='lat' dir='ltr'>possunt.</span> 
     </span>
     <span class='ocr_line' id='line_1_36' title="bbox 735 4176 2983 4265; baseline -0.002 -19"><span class='ocrx_word' id='word_1_296' title='bbox 735 4180 898 4246; x_wconf 90' lang='lat' dir='ltr'>Item</span> <span class='ocrx_word' id='word_1_297' title='bbox 948 4177 1014 4244; x_wconf 92' lang='lat' dir='ltr'>in</span> <span class='ocrx_word' id='word_1_298' title='bbox 1068 4176 1260 4244; x_wconf 91' lang='lat' dir='ltr'>tercio</span> <span class='ocrx_word' id='word_1_299' title='bbox 1310 4178 1451 4245; x_wconf 88' lang='lat' dir='ltr'>loco</span> <span class='ocrx_word' id='word_1_300' title='bbox 1504 4185 1568 4245; x_wconf 90' lang='lat' dir='ltr'>et</span> <span class='ocrx_word' id='word_1_301' title='bbox 1617 4179 1938 4265; x_wconf 86' lang='lat' dir='ltr'>particula</span> <span class='ocrx_word' id='word_1_302' title='bbox 1986 4177 2487 4263; x_wconf 86' lang='lat' dir='ltr'>assignauerunt</span> <span class='ocrx_word' id='word_1_303' title='bbox 2534 4186 2773 4247; x_wconf 78' lang='lat' dir='ltr'>terram</span> <span class='ocrx_word' id='word_1_304' title='bbox 2812 4182 2983 4248; x_wconf 85' lang='lat' dir='ltr'>circa</span> 
     </span>
     <span class='ocr_line' id='line_1_37' title="bbox 741 4284 2978 4375; baseline -0.002 -21"><span class='ocrx_word' id='word_1_305' title='bbox 741 4286 1099 4374; x_wconf 89' lang='lat' dir='ltr'>predictum</span> <span class='ocrx_word' id='word_1_306' title='bbox 1156 4284 1668 4372; x_wconf 87' lang='lat' dir='ltr'>Hurhudpotoka</span> <span class='ocrx_word' id='word_1_307' title='bbox 1690 4341 1709 4375; x_wconf 87' lang='lat'>,</span> <span class='ocrx_word' id='word_1_308' title='bbox 1765 4289 1872 4355; x_wconf 82' lang='lat' dir='ltr'>vbi</span> <span class='ocrx_word' id='word_1_309' title='bbox 1924 4289 2098 4355; x_wconf 82' lang='lat' dir='ltr'>idem</span> <span class='ocrx_word' id='word_1_310' title='bbox 2154 4286 2630 4375; x_wconf 87' lang='lat' dir='ltr'>Hurhudpotok</span> <span class='ocrx_word' id='word_1_311' title='bbox 2681 4288 2859 4356; x_wconf 87' lang='lat' dir='ltr'>eadit</span> <span class='ocrx_word' id='word_1_312' title='bbox 2916 4288 2978 4353; x_wconf 91' lang='lat' dir='ltr'>in</span> 
     </span>
     <span class='ocr_line' id='line_1_38' title="bbox 735 4393 2981 4483; baseline -0.003 -19"><span class='ocrx_word' id='word_1_313' title='bbox 735 4396 1002 4464; x_wconf 90' lang='lat' dir='ltr'>fluuium</span> <span class='ocrx_word' id='word_1_314' title='bbox 1051 4397 1349 4483; x_wconf 87' lang='lat' dir='ltr'>Lytoua;</span> <span class='ocrx_word' id='word_1_315' title='bbox 1403 4402 1466 4460; x_wconf 88' lang='lat' dir='ltr'>et</span> <span class='ocrx_word' id='word_1_316' title='bbox 1498 4395 1820 4462; x_wconf 88' lang='lat' dir='ltr'>modicum</span> <span class='ocrx_word' id='word_1_317' title='bbox 1855 4395 2130 4462; x_wconf 86' lang='lat' dir='ltr'>inferius</span> <span class='ocrx_word' id='word_1_318' title='bbox 2164 4396 2339 4463; x_wconf 89' lang='lat' dir='ltr'>circa</span> <span class='ocrx_word' id='word_1_319' title='bbox 2368 4393 2632 4464; x_wconf 86' lang='lat' dir='ltr'>fluuium</span> <span class='ocrx_word' id='word_1_320' title='bbox 2662 4397 2911 4482; x_wconf 85' lang='lat' dir='ltr'>Lytaua</span> <span class='ocrx_word' id='word_1_321' title='bbox 2941 4414 2981 4458; x_wconf 87' lang='lat' dir='ltr'>a</span> 
     </span>
     <span class='ocr_line' id='line_1_39' title="bbox 740 4504 2974 4592; baseline -0.001 -21"><span class='ocrx_word' id='word_1_322' title='bbox 740 4505 1026 4590; x_wconf 89' lang='lat' dir='ltr'>quadam</span> <span class='ocrx_word' id='word_1_323' title='bbox 1075 4504 1243 4592; x_wconf 85' lang='lat' dir='ltr'>tylia</span> <span class='ocrx_word' id='word_1_324' title='bbox 1295 4506 1594 4572; x_wconf 81' lang='lat' dir='ltr'>ascendit</span> <span class='ocrx_word' id='word_1_325' title='bbox 1643 4506 1732 4571; x_wconf 88' lang='lat' dir='ltr'>ad</span> <span class='ocrx_word' id='word_1_326' title='bbox 1782 4514 2061 4573; x_wconf 89' lang='lat' dir='ltr'>montem</span> <span class='ocrx_word' id='word_1_327' title='bbox 2110 4505 2176 4573; x_wconf 90' lang='lat' dir='ltr'>in</span> <span class='ocrx_word' id='word_1_328' title='bbox 2231 4507 2510 4590; x_wconf 87' lang='lat' dir='ltr'>quodam</span> <span class='ocrx_word' id='word_1_329' title='bbox 2543 4506 2713 4573; x_wconf 90' lang='lat' dir='ltr'>sicco</span> <span class='ocrx_word' id='word_1_330' title='bbox 2746 4504 2974 4592; x_wconf 83' lang='lat' dir='ltr'>potok3</span> 
     </span>
     <span class='ocr_line' id='line_1_40' title="bbox 736 4610 2984 4700; baseline -0.002 -20"><span class='ocrx_word' id='word_1_331' title='bbox 736 4614 904 4682; x_wconf 86' lang='lat' dir='ltr'>vnde</span> <span class='ocrx_word' id='word_1_332' title='bbox 954 4615 1046 4693; x_wconf 69' lang='lat' dir='ltr'>in¹</span> <span class='ocrx_word' id='word_1_333' title='bbox 1082 4615 1289 4684; x_wconf 85' lang='lat' dir='ltr'>latere</span> <span class='ocrx_word' id='word_1_334' title='bbox 1353 4613 1588 4680; x_wconf 89' lang='lat' dir='ltr'>montis</span> <span class='ocrx_word' id='word_1_335' title='bbox 1651 4613 2033 4700; x_wconf 87' lang='lat' dir='ltr'>reflectitur;</span> <span class='ocrx_word' id='word_1_336' title='bbox 2100 4610 2278 4680; x_wconf 89' lang='lat' dir='ltr'>vadit</span> <span class='ocrx_word' id='word_1_337' title='bbox 2342 4635 2594 4682; x_wconf 88' lang='lat' dir='ltr'>sursum</span> <span class='ocrx_word' id='word_1_338' title='bbox 2659 4615 2728 4682; x_wconf 93' lang='lat' dir='ltr'>in</span> <span class='ocrx_word' id='word_1_339' title='bbox 2784 4616 2984 4682; x_wconf 87' lang='lat' dir='ltr'>latere</span> 
     </span>
     <span class='ocr_line' id='line_1_41' title="bbox 743 4721 2977 4814; baseline -0.003 -20"><span class='ocrx_word' id='word_1_340' title='bbox 743 4722 1029 4794; x_wconf 85' lang='lat' dir='ltr'>eiusdem</span> <span class='ocrx_word' id='word_1_341' title='bbox 1084 4723 1342 4813; x_wconf 80' lang='lat' dir='ltr'>montis,</span> <span class='ocrx_word' id='word_1_342' title='bbox 1395 4722 1664 4795; x_wconf 82' lang='lat' dir='ltr'>vertitur</span> <span class='ocrx_word' id='word_1_343' title='bbox 1711 4722 1796 4795; x_wconf 87' lang='lat' dir='ltr'>ad</span> <span class='ocrx_word' id='word_1_344' title='bbox 1846 4721 2195 4796; x_wconf 86' lang='lat' dir='ltr'>secundum</span> <span class='ocrx_word' id='word_1_345' title='bbox 2241 4724 2479 4795; x_wconf 84' lang='lat' dir='ltr'>siecum</span> <span class='ocrx_word' id='word_1_346' title='bbox 2510 4722 2732 4814; x_wconf 86' lang='lat' dir='ltr'>potok,</span> <span class='ocrx_word' id='word_1_347' title='bbox 2770 4728 2833 4792; x_wconf 90' lang='lat' dir='ltr'>et</span> <span class='ocrx_word' id='word_1_348' title='bbox 2859 4739 2977 4811; x_wconf 84' lang='lat' dir='ltr'>per</span> 
     </span>
    </p>
   </div>
  </div>
 </body>
</html>
