3319 5249
1836 300 1924 364 92

749 497 890 562 neis
941 501 1005 562 et
1056 493 1306 577 vicinis,
1361 500 1423 559 et
1475 495 1656 560 nullo
1711 495 2185 562 contradictore
2249 503 2608 582 apparente
2670 479 2896 562 statuit
2950 502 3022 562 et

748 601 1119 686 assignauit
1168 600 1497 667 sororibus
1531 599 1610 667 de
1640 603 1867 692 Insula
1898 604 2103 670 Beate
2138 603 2429 687 Virginis
2459 601 2830 689 antedictis,
2885 606 3022 672 sal-

750 711 852 777 uis
884 718 1099 777 tamen
1149 708 1394 775 iuribus
1427 710 1687 795 nostris,
1736 710 2042 778 videlicet
2079 718 2273 795 terra,
2321 710 2558 797 feneto,
2592 710 2753 777 locis
2788 713 3018 778 vinea-

752 837 892 883 rum
926 823 992 883 et
1023 817 1369 903 curiarum,
1406 835 1530 898 que
1562 816 1805 884 ibidem
1839 821 2168 886 babemus,
2212 821 2454 887 Datum
2483 819 2550 884 in
2583 816 2751 886 festo
2785 820 3016 887 Sancti

749 925 980 992 Jacobi
1013 922 1312 1009 Apostoli
1344 944 1515 991 anno
1547 925 1810 993 Domini
1844 925 2285 995 M⁰CC⁰LXX⁰
2317 933 2568 1010 quarto,

751 1106 1023 1170 (Eredetie
1051 1103 1396 1174 bo'rhfirtyan,
1442 1123 1476 1157 a
1503 1106 1744 1158 kivlilrssl
1790 1107 1894 1157 oda
1939 1113 2185 1172 nyomott
2229 1104 2414 1174 pecset
2457 1108 2734 1169 elveszett,
2783 1122 2818 1157 a
2843 1107 3020 1159 budai

751 1195 852 1244 kir.
878 1194 1126 1245 kamarai
1171 1192 1528 1247 leveltarban.
1579 1198 1691 1248 Sok
1718 1194 1944 1247 hibin-al
1985 1197 2189 1249 kiadva
2210 1198 2404 1248 Knanz
2452 1194 2588 1249 altal
2622 1198 2851 1262 Magyar
2877 1197 3018 1248 Sion

751 1285 853 1335 111.
901 1284 1014 1334 k‘ot.
1043 1287 1163 1335 224.
1193 1286 1227 1336 1.
1267 1286 1313 1336 A
1340 1283 1596 1352 kiralyne
1639 1283 2121 1351 adomdnylevelet
2164 1283 2283 1339 laad
2323 1285 2576 1352 Fejernel
2603 1288 2733 1339 cod.
2763 1287 2913 1356 Dipl.
2941 1288 3017 1339 V.

1668 1377 1722 1428 k.
1750 1380 1804 1427 2.
1832 1393 1877 1427 r.
1904 1373 2116 1444 221.1.)

1671 1624 2093 1638 m

1828 2024 1937 2091 54.

755 2219 850 2286 ΑΖ
882 2225 1246 2308 eszterqami
1293 2224 1742 2308 ka'pealannak
1790 2223 2320 2310 bizonysdylevele
2338 2274 2358 2305 ,
2390 2228 2554 2312 hoqy
2587 2227 2771 2290 Mdte'
2794 2237 3019 2290 mester

754 2333 1117 2414 eszterqami
1167 2332 1537 2396 orkanonok
1594 2357 1637 2396 a
1687 2334 2216 2418 kanonoksdqhoz
2266 2338 2510 2400 tartozd
2557 2333 3017 2420 Berenff'o'ldet

753 2460 831 2501 az
862 2442 1224 2524 eszterqami
1269 2440 1736 2505 km·esztesekt6l
1785 2441 2050 2521 elvevcssn,
2099 2442 2265 2504 Both
2310 2464 2505 2508 comes
2519 2441 3020 2528 jobbdqyainak

1464 2546 1622 2633 adja
1653 2547 2078 2612 haszonbc‘rbe.
2118 2547 2310 2614 1274.

970 2760 1108 2828 Nos
1143 2760 1219 2827 G.
1270 2758 1643 2845 Propositus
1694 2752 1757 2825 et
1790 2759 2159 2845 Capitulum
2212 2760 2509 2828 Ecclesie
2538 2762 3013 2845 strigoniensis

755 2870 1198 2954 significamus
1233 2869 1465 2951 quibus
1500 2866 1768 2955 expedit
1800 2870 2138 2954 vniuersis‚
2169 2869 2339 2951 quod
2370 2870 2682 2955 Magister
2711 2871 3015 2940 Matheus

756 2977 988 3045 Custos
1033 2976 1332 3044 Ecclesie
1380 2982 1596 3042 nostre
1655 2975 1909 3043 litteras
1971 2976 2188 3043 fratris
2238 2976 2417 3044 Petri
2469 2979 2875 3066 Preceptoris
2927 2980 3015 3048 de

755 3087 1048 3171 Zumula‚
1085 3085 1164 3149 de
1196 3083 1514 3150 Tulmach
1549 3091 1612 3150 et
1643 3083 1726 3151 de
1761 3084 1960 3150 Zirak
1992 3085 2281 3153 exhibuit
2314 3086 2502 3153 nobis
2521 3138 2540 3173 ,
2581 3088 3010 3175 continentes,

757 3193 926 3276 quod
977 3195 1031 3260 si
1085 3194 1229 3276 ipse
1281 3195 1347 3256 et
1396 3190 1558 3259 socii
1609 3191 1710 3257 sui
1763 3191 2080 3261 Cruciferi
2133 3194 2374 3259 Domus
2427 3191 2742 3279 Ospitalis
2774 3196 3015 3262 Sancte

759 3302 985 3369 Crucis
1023 3301 1104 3367 de
1137 3299 1465 3384 Strigonio
1514 3300 1842 3386 debitum,
1896 3301 2033 3367 siue
2083 3323 2344 3369 censum
2397 3304 2588 3368 trium
2641 3321 3015 3369 marcarum

761 3409 923 3476 finiti
957 3407 1211 3491 argenti
1245 3430 1363 3493 pro
1397 3409 1710 3493 pensione
1744 3415 1930 3496 terre,
1979 3410 2189 3476 Beren
2224 3418 2473 3495 uocate,
2519 3410 2604 3476 ad
2637 3409 3018 3478 Custodiam

756 3518 1042 3583 Ecclesie
1073 3515 1537 3600 Strigoniensis
1589 3517 2006 3601 pertinentis,
2063 3517 2128 3582 in
2162 3517 2453 3584 terminis
2503 3517 2860 3601 assignatis
2900 3538 3018 3583 an-

755 3624 1003 3690 nuatim
1057 3645 1183 3690 non
1219 3624 1587 3708 soluerent;
1636 3631 1874 3692 extunc
1925 3624 2324 3693 incurrerent
2376 3624 2601 3711 duppli
2651 3644 2907 3711 penam,
2946 3634 3018 3691 et

755 3731 1212 3799 nichilominus
1245 3732 1632 3805 caderenta
1665 3734 1999 3799 locacione
2037 3739 2203 3800 terre
2238 3731 2609 3819 supradicte
2639 3732 3014 3818 ipsofacto.

756 3841 992 3907 Verum
1029 3842 1183 3922 quia
1214 3838 1426 3905 dictus
1457 3838 1659 3905 frater
1691 3841 1925 3907 Petrus
1947 3841 2295 3925 Preceptor
2327 3848 2392 3906 et
2418 3839 2731 3907 Cruciferi
2764 3840 3020 3907 Domus

759 3948 1073 4035 Ospitalis
1130 3947 1420 4033 predicte
1469 3947 1840 4014 soluciones
1891 3947 2148 4014 debitas
2199 3947 2264 4013 in
2316 3946 2610 4014 terminis
2658 3945 3018 4030 assignatis

755 4056 969 4123 facere
1021 4056 1412 4139 omiserunt,
1478 4054 1645 4120 sicut
1694 4054 1988 4140 prefatus
2042 4055 2356 4138 Magister
2405 4056 2489 4119 Μ.
2545 4054 2777 4121 Custos
2824 4054 3016 4120 nobis

754 4163 961 4247 dixit3
1013 4160 1180 4227 idem
1214 4163 1442 4230 Custos
1496 4162 1735 4230 dictam
1767 4168 2006 4231 terram
2042 4165 2250 4230 Beren
2287 4161 2621 4229 reuocauit
2673 4167 2738 4227 et
2768 4164 3019 4249 recepit

756 4272 841 4336 ab
876 4270 1159 4356 eisdem,
1211 4278 1275 4337 et
1328 4270 1622 4356 loquauit
1673 4271 1947 4339 eandem
1991 4271 2456 4356 jobagionibus
2500 4269 2667 4335 Both
2707 4268 3014 4355 Comitis3

755 4378 1061 4444 videlicet
1093 4378 1314 4444 Cunch
1367 4379 1669 4446 Stiriensi
1721 4385 1784 4445 et
1821 4381 2011 4446 alteri
2047 4380 2294 4465 Cunch,
2340 4380 2450 4461 qui
2501 4375 2723 4444 vendit
2769 4377 3013 4463 uinum,

755 4484 1034 4553 Albrech
1085 4486 1308 4552 Cunch
1361 4486 1492 4553 filio
1543 4486 1743 4574 Snap,
1795 4486 2139 4554 Frederico
2178 4487 2312 4553 filio
2362 4486 2742 4569 Beringuer,
2786 4485 3018 4552 Hench

757 4595 1041 4680 Vngam,
1087 4594 1385 4682 Lipoldo,
1431 4594 1740 4682 Wigman
1773 4593 2011 4680 villico,
2060 4593 2380 4681 Rodolph,
2417 4595 2678 4681 Vrnico,
2724 4591 3015 4659 Wakulk
