3319 5249
1446 345 1642 410 63,

360 540 444 604 tis
476 544 704 603 nostre
737 536 1085 605 karissime
1118 536 1366 605 Comite
1398 537 1790 622 Symigiensi
1817 589 1829 610 ,
1862 536 2116 602 Dedalo
2151 536 2402 602 Comite
2434 536 2621 603 Zala-

362 645 593 726 diensi,
650 643 952 710 Johanne
982 641 1227 710 Comite
1259 643 1729 728 Supruniensi,
1781 644 2091 726 Gregorio
2133 640 2381 708 Comite
2411 643 2622 708 Castri

360 752 582 817 Ferrei
602 802 622 837 ‚
699 752 1016 820 Michaele
1067 752 1314 819 Comite
1364 753 1674 819 Nitriensi
1698 804 1715 837 ,
1767 760 1831 818 et
1880 751 2033 817 aliis
2084 771 2277 833 quam
2327 751 2625 836 pluribus

363 861 719 926 Comitatus
751 861 958 944 Regni
989 860 1358 928 tenentibus
1390 868 1454 926 et
1483 861 1779 926 honores.

369 1041 662 1105 (Er-edetis,
701 1041 928 1106 melyro'l
973 1058 1007 1093 a
1031 1040 1218 1107 pecset
1259 1047 1435 1101 voras,
1462 1038 1867 1106 schema-sarge.
1892 1040 1949 1091 68
1977 1041 2096 1091 zbld
2121 1041 2371 1092 zsinoron
2399 1041 2548 1105 filgg,
2589 1056 2623 1090 a

367 1132 542 1196 Rumy
572 1129 761 1182 esalad
806 1129 1198 1192 levelthraban,
1247 1129 1511 1181 masolata
1554 1147 1588 1182 a
1637 1146 1865 1196 magyar
1889 1131 2177 1181 akadomia
2206 1129 2435 1181 kezirati
2468 1130 2627 1197 gyiij·

1299 1217 1701 1286 temenyeben.)
2586 1220 2599 1232 ⁶

1451 1741 1562 1809 87.

381 1939 491 2006 IV.
544 1938 778 2003 Ldszl6
825 1939 1044 2024 kira'ly
1115 1939 1353 2005 Mikws
1402 1941 1465 2006 έε
1513 1939 1746 2005 Ldszld
1805 1941 2100 2005 (estve'wk
2149 1940 2388 2006 fflklcss
2436 1965 2632 2007 comes

364 2048 654 2128 fiainak,
686 2043 878 2132 Sytke
889 2046 1131 2133 foldet,
1169 2049 1387 2135 melyet
1419 2048 1654 2114 Mili-16³
1685 2048 1908 2113 Mdv-ia
1964 2037 2265 2134 kirdlynd
2306 2050 2471 2114 altat
2518 2053 2634 2115 tble

685 2157 1061 2241 joqtalanul
1091 2157 1387 2222 elvettmk
1418 2159 1630 2237 moad,
1679 2157 2065 2243 visszaadja.
2119 2162 2311 2224 1274.

599 2349 950 2417 Ladizlaus
1014 2351 1138 2418 Dei
1198 2352 1425 2436 gracia
1486 2353 1823 2436 Hungarie
1844 2405 1861 2438 ,
1917 2354 2290 2438 Dalmacie,
2341 2354 2633 2436 Croaoie,

385 2460 625 2543 Rame‚
672 2459 938 2545 Seruie,
986 2459 1263 2529 Gallicis
1284 2509 1305 2543 ,
1350 2460 1769 2547 Lodomerie,
1820 2462 2150 2545 Cumanis,
2201 2461 2636 2545 Bulgarieque

387 2565 522 2633 Rex
581 2568 878 2634 omnibus
919 2566 1156 2635 Christi
1207 2565 1506 2636 fidelibus
1561 2577 1894 2653 presentes
1943 2568 2196 2637 litteras
2244 2568 2638 2655 inspecturis

387 2676 663 2741 salutem
712 2677 780 2741 in
831 2677 1110 2742 omnium
1161 2676 1505 2744 saluatore.
1563 2678 1746 2746 Licet
1792 2679 2062 2763 Regalis
2113 2681 2326 2764 pietas
2377 2698 2638 2743 manum

390 2783 755 2850 munificam
804 2784 1135 2869 porrigere
1185 2785 1418 2852 debeat
1467 2787 1809 2872 vniuersis,
1864 2788 2015 2853 illos
2063 2791 2280 2852 tamen
2312 2786 2636 2871 principa-

390 2891 538 2957 liori
575 2890 768 2958 debet
798 2893 1098 2977 prosequi
1148 2912 1414 2958 munere
1446 2898 1508 2958 et
1538 2893 1787 2977 fauore,
1822 2914 2093 2977 quorum
2127 2899 2393 2979 experta
2424 2893 2639 2980 probi-

392 3008 496 3064 tas
529 2998 800 3064 laudata
833 3006 942 3066 est
980 2999 1046 3063 in
1080 3000 1408 3083 prosperis
1458 3006 1522 3066 et
1556 2999 1874 3079 aduersis,
1922 3008 1989 3067 vt
2021 3001 2133 3083 alij
2170 3021 2389 3067 eorum
2422 3019 2635 3067 exem·

396 3106 518 3189 plis
549 3106 811 3172 inuitati
860 3104 944 3171 ad
976 3105 1302 3173 fidelitatis
1339 3128 1539 3191 opera
1575 3108 1810 3175 sorcius
1851 3110 2306 3176 accendantur.
2352 3109 2635 3177 Proinde

397 3215 481 3280 ad
509 3214 953 3281 vniuersorum
1005 3222 1139 3280 tam
1186 3215 1594 3299 presencium
1645 3237 1840 3301 quam
1892 3224 2296 3300 posterorum
2337 3214 2639 3283 noticiam

396 3322 624 3389 harum
676 3322 844 3389 serie
895 3323 1189 3389 volumus
1223 3323 1577 3408 peruenire,
1626 3324 1798 3407 quod
1854 3324 2256 3390 attendentes
2296 3323 2641 3390 fidelitates

398 3437 460 3494 et
487 3430 821 3495 meritoria
853 3430 1184 3514 obsequia,
1225 3450 1338 3495 seu
1377 3430 1766 3516 multiplices
1814 3431 2168 3496 famulatus
2205 3432 2503 3515 magistri
2531 3431 2642 3496 Ni-

398 3538 564 3603 colai
601 3537 717 3620 filij
755 3535 1026 3603 Comitis
1058 3536 1316 3602 Nicolai
1356 3534 1570 3603 fidelis
1601 3537 1827 3620 nostri,
1862 3558 1987 3621 que
2018 3539 2281 3603 domino
2314 3538 2648 3622 Stephano

401 3644 644 3709 Illustri
676 3643 842 3725 Regi
875 3640 1226 3727 Hungarie,
1277 3642 1446 3727 patri
1481 3650 1699 3708 nostro
1753 3643 2097 3708 karissimo
2137 3642 2312 3709 clare
2343 3645 2641 3711 recorda·

406 3751 606 3817 cionis
660 3749 952 3816 exhibuit
983 3755 1047 3814 et
1077 3748 1429 3835 impendit;
1482 3750 1636 3832 quia
1675 3769 1818 3816 cum
1851 3751 2230 3816 Boemorum
2262 3750 2417 3831 Rex,
2468 3749 2648 3835 prius

404 3859 609 3944 patris
639 3858 863 3941 nostri,
898 3865 961 3922 et
990 3856 1396 3940 postmodum
1428 3864 1645 3922 noster
1679 3856 1977 3923 inimicus
2015 3857 2338 3941 capitalis.
2372 3857 2656 3922 confinia

407 3965 612 4051 Regni
646 3965 845 4032 nostri
879 3965 959 4030 de
997 3971 1184 4048 parte
1214 3963 1600 4031 Posoniensi
1655 3965 1921 4030 introire
1969 3964 2143 4029 velle
2193 3964 2541 4048 diceretur,
2591 3970 2657 4028 et

407 4075 488 4140 ad
518 4074 586 4139 id
618 4070 949 4139 sciendum
984 4077 1048 4136 et
1081 4068 1427 4137 videndum
1460 4070 1672 4154 ipsum
1721 4072 2105 4154 Magistrum
2144 4070 2477 4135 Nicolaum
2512 4069 2653 4155 ipse

408 4193 591 4268 pater
622 4187 838 4247 noster
887 4199 1032 4245 cum
1084 4178 1475 4262 quibusdam
1527 4178 1830 4244 fidelibus
1879 4177 2217 4244 iuuenibus
2253 4176 2496 4243 Domus
2540 4197 2656 4243 sue

408 4287 891 4371 transmisisset,
941 4286 1112 4353 idem
1143 4282 1453 4368 Magister
1485 4285 1545 4350 N
1549 4285 1818 4371 icolaus,
1849 4293 1919 4351 ut
1947 4286 2142 4353 solita
2173 4303 2288 4351 sue
2319 4283 2658 4350 fidelitatis

410 4417 609 4483 opera
674 4393 1076 4461 laudabilius
1127 4399 1494 4475 exerceret,
1545 4403 1770 4458 casum
1826 4392 2049 4459 mortis
2095 4413 2227 4458 non
2276 4389 2655 4470 formidans,

410 4506 585 4573 velut
615 4504 721 4570 leo
753 4500 1112 4586 intrepidus
1164 4501 1232 4565 in
1281 4499 1561 4564 medium
1612 4499 1892 4567 astantis
1944 4501 2113 4567 aciei
2151 4500 2402 4566 irruens
2437 4517 2660 4581 quem-

414 4614 562 4679 dam
598 4610 863 4677 militem
895 4608 1100 4697 ipsius
1131 4605 1329 4691 Regis
1359 4608 1742 4674 Boemorum
1781 4607 2158 4692 captiuauit.
2210 4610 2476 4691 Insuper
2508 4621 2653 4667 cum
