3319 5249
1804 388 1886 449 10

1822 920 1883 986 8.

716 1121 832 1187 IV.
888 1120 1117 1186 Ldszlo
1166 1120 1384 1204 kircily
1434 1125 1618 1206 atyja
1671 1122 1910 1201 Isi-usin,
1963 1122 2164 1185 aldcor
2213 1142 2346 1205 meq
2395 1120 2600 1207 vfjabb
2637 1122 2986 1207 kircilynak

716 1230 968 1311 Forro't,
1019 1226 1367 1309 Devecsert,
1419 1228 1745 1309 chcsalt,
1798 1228 2044 1293 Euzdc'st
2097 1231 2156 1292 εἰς
2190 1224 2432 1292 Gutha't
2481 1231 2789 1314 tcirqyazo'
2836 1230 2989 1295 ado-

718 1341 979 1422 mcinya't
1048 1339 1379 1423 meqnjisja
1447 1340 1510 1401 e's
1560 1339 1912 1422 meyerb'siti
1980 1335 2240 1402 Alada'r
2308 1346 2517 1403 mester
2570 1333 2743 1403 Chete
2792 1361 2988 1404 comcs

1428 1445 1665 1527 ιΙίοίηαῖε
1695 1450 2010 1511 sza'ma'ra.
2065 1448 2259 1512 1273.

931 1640 1281 1709 Ladizlaus
1333 1640 1453 1707 Dei
1506 1640 1730 1725 gracia
1789 1641 2159 1729 Hungarie,
2236 1639 2614 1728 Dalmacie‚
2688 1639 2980 1730 Croacie,

716 1754 938 1836 Rame,
969 1752 1214 1837 Seruie,
1250 1749 1541 1834 Gallicie‚
1579 1750 1988 1836 Lodomerie,
2023 1748 2341 1816 Cumanie
2371 1750 2816 1834 Bulgarieque
2846 1754 2988 1819 Rex

719 1860 1016 1929 omnibus
1049 1859 1288 1926 Christi
1339 1858 1639 1925 fidelibus
1679 1863 2047 1945 presentem
2101 1858 2409 1945 paginam
2459 1857 2848 1945 inspecturis
2881 1879 2981 1926 sa·

722 1969 919 2034 lutem
953 1968 1019 2032 in
1054 1987 1166 2052 eo,
1221 1967 1332 2051 qui
1368 1972 1468 2033 est
1504 2005 1579 2013 —
1626 2004 1702 2012 —
1747 2004 1822 2012 —
1863 1985 1988 2033 um.
2048 1964 2152 2030 Ad
2185 1965 2637 2033 uniuersorum
2676 1966 2982 2033 noticiam

717 2076 949 2141 harum
982 2074 1153 2142 serie
1204 2075 1504 2142 uolumus
1555 2075 1917 2159 peruenire,
1972 2074 2144 2159 quod
2194 2073 2516 2141 accedens
2566 2074 2654 2140 ad
2687 2082 2977 2142 nostram

723 2181 1127 2270 presenciam
1168 2183 1480 2267 Magister
1511 2183 1862 2251 Aladarius
1914 2182 2087 2250 filius
2120 2180 2390 2250 Comitis
2436 2181 2640 2249 Chete
2689 2182 2984 2251 exhibuit

723 2292 915 2360 nobis
966 2289 1382 2378 priuilegium
1418 2291 1833 2358 Sereniscimi
1883 2293 2090 2378 patris
2130 2292 2333 2359 nostri
2387 2291 2628 2357 domini
2669 2289 2981 2377 Stephani

720 2401 919 2484 Regis
952 2398 1288 2482 Hungarie
1336 2398 1547 2467 felicis
1582 2398 2082 2486 recordacionis,
2136 2405 2367 2484 petens
2405 2419 2446 2464 a
2485 2399 2673 2466 nobis
2705 2420 2846 2465 cum
2878 2397 2980 2466 in-

720 2507 995 2595 stancia,
1035 2514 1106 2574 ut
1136 2506 1609 2593 possessiones,
1665 2527 1939 2590 quarum
1972 2507 2238 2575 nomina
2267 2507 2334 2573 in
2367 2506 2592 2574 codem
2628 2508 2978 2593 priuilegio

722 2618 1152 2704 continentur,
1209 2620 1273 2682 et
1322 2614 1653 2703 predictus
1709 2613 2006 2685 dominus
2040 2617 2182 2684 Rex
2213 2622 2397 2704 pater
2444 2600 2667 2685 noster
2717 2615 2986 2684 karissi-

721 2747 863 2792 mus
922 2725 1007 2791 ab
1057 2724 1282 2793 eodem
1333 2725 1733 2809 abstulerat,
1806 2731 1870 2793 ct
1921 2725 2193 2792 diversis
2252 2725 2550 2810 personis
2599 2726 2977 2809 contulerat,

720 2842 980 2923 propter
1012 2836 1244 2901 merita
1275 2855 1534 2902 suorum
1579 2835 2000 2903 seruiciorum
2052 2833 2177 2901 sibi
2213 2834 2572 2919 restituere,
2608 2839 2673 2901 et
2707 2832 2980 2918 primam

722 2944 1151 3012 collacionem
1207 2945 1411 3027 patris
1478 2944 1680 3010 nostri
1736 2946 2117 3011 confirmare
2187 2963 2270 3009 ex
2322 2942 2723 3026 benignitate
2775 2942 2982 3026 Regia

728 3051 1164 3136 dignaremur.
1214 3050 1412 3118 Cuius
1444 3058 1628 3120 tenor
1666 3054 1823 3121 talis
1857 3060 1958 3120 est
1992 3079 2030 3132 ε,

929 3161 1294 3246 Stephanus
1353 3161 1477 3226 Dei
1547 3162 1773 3247 gracia
1831 3162 2053 3244 junior
2122 3161 2261 3227 Rex
2332 3159 2788 3244 'Hungarorum
2858 3159 2984 3225 stb.

722 3266 1152 3355 (kovetkezik
1186 3270 1403 3335 Istvan
1455 3269 1665 3355 ifjabb
1708 3270 2062 3356 kiralynak
2097 3269 2345 3348 Forrbt,
2395 3269 2766 3356 Devecsert,
2810 3269 2978 3335 Fan-

720 3377 905 3463 csalt,
956 3374 1200 3445 Eozdet
1255 3381 1326 3443 es
1377 3376 1623 3444 Guthat
1677 3381 1987 3464 targyazo
2045 3377 2318 3445 1262·ki
2369 3375 2762 3463 adomanya,
2821 3375 2982 3441 mint

722 3483 982 3552 fentebb
1032 3485 1592 3572 gyfijtemenyunk
1645 3486 1764 3553 IX.
1809 3487 2044 3573 vagyis
2100 3508 2141 3553 a
2190 3485 2486 3554 masodik
2539 3485 2786 3570 folyam
2842 3483 2985 3553 3-ik

723 3592 1073 3662 koteteben
1109 3596 1257 3662 290.
1294 3591 1370 3680 1.)

946 3703 1181 3768 Verum
1207 3702 1361 3770 licet
1383 3701 1676 3788 predicte
1698 3701 2144 3788 possessiones
2164 3723 2246 3769 ex
2270 3700 2630 3770 donacione
2651 3721 2808 3788 sepe
2829 3701 2984 3769 dicti

724 3811 935 3895 patris
966 3813 1169 3878 nostri
1193 3863 1212 3897 ,
1269 3831 1344 3878 eo
1384 3811 1555 3894 quod
1590 3818 1816 3877 contra
1848 3813 2056 3896 ipsum
2091 3809 2470 3878 Aladarium
2505 3818 2714 3878 motus
2749 3809 2983 3892 fuerat,

722 3940 839 4006 per
870 3919 1167 3987 diuersas
1218 3941 1450 3988 manus
1501 3926 1647 4006 post
1681 3919 2105 3988 collacionem
2156 3919 2281 4004 ipsi
2315 3918 2627 4003 Magistro
2662 3917 2981 3987 Aladario

721 4029 964 4094 factam
1016 4028 1599 4113 perambulauerit;
1666 4035 1883 4097 tamen
1953 4027 2444 4095 considerantes
2513 4026 2860 4093 fidelitates
2918 4032 2987 4091 et

719 4135 1003 4203 seruicia
1036 4137 1245 4222 ipsius
1296 4137 1592 4221 Magistri
1626 4137 1948 4223 Aladarij‚
2000 4158 2126 4221 que
2155 4134 2682 4222 progenitoribus
2715 4135 2975 4219 nostris,

718 4244 877 4311 Bele
908 4242 1210 4312 videlicet
1260 4265 1385 4313 auo
1419 4252 1657 4330 nostro,
1714 4252 1779 4314 et
1807 4246 2099 4333 predicto
2132 4244 2464 4331 Stephano
2517 4242 2691 4329 patri
2743 4248 2985 4327 nostro,

719 4352 1171 4421 Serenissimis
1225 4354 1510 4438 Regibus
1542 4354 1879 4438 Hungarie
1903 4404 1921 4439 ,
1972 4358 2163 4439 prout
2210 4351 2486 4435 quedam
2542 4373 2622 4419 ex
2673 4349 2985 4436 sevuicijs

720 4462 855 4529 suis
890 4461 955 4527 in
990 4461 1357 4548 priuilegijs
1408 4465 1611 4550 ipsius
1663 4465 1871 4549 patris
1931 4461 2135 4529 nostri
2184 4459 2520 4529 karissimi
2571 4459 2984 4527 continentur

724 4569 1123 4637 articulatim
1174 4579 1525 4655 annotata,
1578 4580 1642 4639 et
1691 4572 1876 4639 nobis
1926 4573 1992 4638 in
2044 4571 2298 4639 feruore
2346 4569 2686 4637 fidelitatis
2746 4566 2982 4637 eximie

723 4678 1052 4763 exhibuit3
1103 4680 1511 4749 attendentes
1564 4680 1814 4768 eciam,
1866 4678 2036 4763 quod
2075 4676 2241 4744 sicut
2283 4676 2560 4746 seruicia
2594 4673 2887 4743 exhibita
2918 4679 2984 4740 et
