3319 5249
1423 252 1549 317 133

339 447 816 514 combustionis
877 447 1050 514 idem
1098 447 1450 515 Ladizlaus
1516 450 1598 514 ab
1653 451 1797 535 ipso
1852 450 2125 536 Godyno
2189 472 2261 519 se
2316 455 2610 539 plenarie

338 557 675 642 recepisse
708 554 1083 640 affirmans,
1132 554 1532 640 sepedictum
1585 557 1879 623 fenetum
1929 578 2116 625 suum
2168 560 2251 627 de
2286 560 2443 648 Chu,
2494 562 2612 628 sci-

337 664 500 730 licet
529 664 908 749 porcionem
938 684 1122 731 suam
1173 664 1433 749 reliquit
1483 674 1547 731 et
1578 665 1873 732 uendidit
1922 685 2143 734 coram
2176 669 2367 736 nobis
2401 670 2611 736 eidem

341 772 624 858 Godyno
699 778 762 839 et
813 773 1018 859 ipsius
1070 773 1415 844 heredibus
1485 773 1922 859 heredumque
1972 796 2231 843 suorum
2281 798 2606 845 suecesso-

338 880 523 947 ribus
577 879 716 946 iure
766 887 1074 968 perpetuo
1126 881 1634 967 possidendum;
1686 890 1987 969 presente
2038 892 2103 951 et
2152 888 2608 953 consenciente

342 989 602 1074 prefato
635 989 935 1057 Dionisio
985 989 1119 1057 filio
1152 990 1396 1076 Lende,
1418 1079 1426 1082 ⁷
1447 991 1557 1074 qui
1597 990 1806 1058 eciam
1839 993 2219 1059 secundario
2252 994 2613 1078 comparuit

341 1098 781 1183 personaliter
824 1119 1039 1166 coram
1091 1099 1277 1166 nobis
1308 1119 1424 1184 pro
1458 1120 1528 1167 se
1580 1105 1644 1163 et
1677 1120 1794 1185 pro
1827 1099 2137 1168 fratribus
2172 1102 2326 1184 suis,
2374 1122 2451 1168 ac
2483 1101 2610 1166 An·

342 1205 506 1271 drea
538 1205 622 1270 de
655 1205 812 1292 Chu,
861 1227 1019 1289 quos
1053 1207 1250 1273 etiam
1304 1205 1459 1272 dicti
1490 1206 1689 1273 feneti
1724 1207 2097 1274 uendicioni
2128 1207 2408 1294 Godyno
2439 1209 2612 1275 facte

343 1316 628 1382 asseruit
689 1315 986 1383 similiter
1049 1315 1475 1384 consensisse.
1550 1319 1626 1384 In
1671 1317 1853 1385 cuius
1906 1318 2003 1383 rei
2052 1317 2491 1385 testimonium
2545 1327 2609 1384 et

343 1424 727 1489 memoriam
781 1424 864 1490 ad
895 1424 1282 1510 peticionem
1322 1424 1614 1509 parcium
1667 1432 2003 1511 presentes
2052 1432 2312 1493 nostras
2348 1448 2607 1494 conces·
2668 1492 2679 1501 ,

345 1531 550 1598 simus
601 1532 858 1598 litteras
910 1530 1113 1614 sigilli
1167 1515 1373 1599 nostri
1426 1534 1781 1600 munimine
1812 1535 2174 1600 roboratas.
2221 1533 2460 1600 Datum
2494 1555 2610 1620 per

345 1661 583 1707 manus
643 1640 946 1725 Magistri
1007 1641 1176 1707 Sixti
1235 1642 1524 1709 Lectoris
1590 1641 2054 1725 strigoniensis
2112 1662 2284 1708 anno
2347 1642 2611 1707 Domini

344 1749 739 1816 millesimoo
773 1749 1120 1816 CC⁰LXX⁰
1152 1751 1377 1833 quinto
1412 1752 1478 1816 in
1510 1750 1816 1819 kalendis
1847 1750 2096 1836 Mareij.

349 1931 626 1994 [Er-edotio
672 1926 1046 1996 bb'rhzirtyim,
1091 1946 1126 1981 a
1161 1929 1346 1998 peeset
1394 1930 1690 1993 olveszott,
1738 1947 1772 1982 a
1808 1931 1976 1982 budai
2022 1909 2125 1982 ιω.
2166 1931 2407 1983 kamarai
2444 1929 2607 1981 lovffl-

1363 2018 1598 2087 tarban.)

1268 2274 1691 2282 ——ow—

1426 2630 1532 2698 88.

347 2829 449 2893 ΑΖ
515 2831 885 2916 eszterqami
944 2832 1385 2918 ka‘ptalannctk
1431 2833 1725 2916 jelente'se
1792 2829 1906 2894 IV.
1988 2828 2216 2895 La'szld
2279 2831 2612 2913 kira'lyhoz

351 2941 576 3003 Istva'n
607 2949 826 3003 mester
856 2939 1034 3004 barsi
1047 2940 1324 3026 fc'iz'spa'n
1375 2943 1436 3004 e's
1468 2965 1508 3003 a
1542 2939 1716 3004 bar-si
1746 2945 1867 3003 va'r
1898 2940 2037 3004 tubi>
2052 2940 2414 3024 y‘obbciyyai
2442 2938 2613 3003 Ῐῡόειί

1110 3047 1604 3112 birtokcsere'rb'l.
1659 3051 1853 3114 1275.

569 3242 1136 3331 Excellentissimo
1216 3242 1476 3308 domino
1540 3242 1858 3308 Ladizlao
1920 3240 2045 3309 Dei
2096 3240 2320 3325 gracia
2368 3242 2614 3309 Illustri
2660 3264 2665 3269 ’

349 3359 518 3439 Regi
568 3353 854 3439 Vngarie
903 3352 1211 3436 Magister
1261 3352 1335 3417 L.
1369 3350 1744 3437 Prepositus
1797 3357 1862 3417 et
1894 3349 2260 3435 Capitulum
2318 3350 2613 3416 Ecclesie

348 3460 815 3548 Strigoniensis
867 3467 1249 3546 perpetuam
1297 3457 1678 3526 fidelitatem
1729 3479 1873 3524 cum
1925 3456 2333 3523 oracionibus
2376 3456 2613 3523 debitis

350 3579 416 3639 et
481 3570 762 3638 deuotis.
840 3572 1075 3636 Vestra
1137 3570 1392 3636 nouerit
1456 3566 1809 3651 celsitudo,
1870 3567 2038 3650 quod
2104 3563 2376 3649 Egidius
2441 3565 2639 3646 filius,

350 3681 592 3765 Boyka
641 3678 724 3745 de
756 3698 992 3761 genere
1025 3678 1306 3743 Herman
1339 3674 1657 3745 officialis
1702 3674 1939 3741 nobilis
1974 3674 2097 3739 viri
2131 3672 2431 3755 Magistri
2466 3673 2607 3738 Ste-

349 3789 554 3875 phani
591 3786 859 3853 Comitis
889 3785 1278 3870 BorsiensiS,
1323 3785 1475 3850 uice
1515 3789 1578 3848 et
1609 3782 1869 3847 nomine
1905 3778 2193 3848 eiusdem
2229 3778 2470 3844 domini
2507 3779 2609 3844 sui

351 3917 433 3963 ex
467 3916 603 3962 una
634 3901 855 3979 parte3
908 3899 970 3958 et
993 3893 1245 3973 *Domus
1278 3891 1450 3958 filius
1483 3890 1767 3975 Georgij,
1819 3891 1996 3955 Bene
2035 3895 2099 3954 et
2129 3885 2446 3968 Georgius
2481 3885 2610 3951 sra-

348 4015 480 4073 tres
514 4007 674 4086 eius,
705 4000 900 4067 Welk
930 4000 1102 4067 filius
1136 4000 1510 4067 Sebastiani
1546 4020 1665 4084 pro
1701 4018 1775 4065 se
1808 4004 1870 4064 et
1909 4017 2029 4083 pro
2063 3994 2199 4062 Suk
2234 3993 2438 4059 fratre
2470 4013 2612 4077 suo,

349 4114 728 4183 Zubuzlaus
760 4108 930 4175 filius
963 4108 1201 4194 Botka,
1240 4115 1304 4174 et
1333 4107 1513 4173 Zaah
1545 4108 1719 4173 filius
1754 4101 2375 4190 Strizaj0bagioncs
2408 4101 2618 4166 Castri

349 4220 720 4290 Borsiensis
755 4239 838 4286 ex
869 4218 1085 4285 altera
1142 4236 1362 4283 coram
1394 4216 1581 4282 nobis
1613 4213 1953 4282 constituti
1987 4210 2317 4292 dixe1·unt·,
2373 4216 2441 4273 ut
2473 4227 2617 4274 oum

351 4334 592 4399 Vestra
640 4327 952 4396 Maiestas
1003 4324 1321 4410 quasdam
1373 4331 1578 4391 terras
1632 4321 1844 4389 Castri
1892 4318 2290 4403 Borsiensis,
2345 4335 2617 4399 quarum

352 4439 635 4525 quedam
668 4443 820 4504 sunt
849 4437 922 4503 in
949 4435 1104 4502 Buri
1125 4490 1140 4521 ,
1189 4432 1443 4521 prefato
1476 4430 1790 4515 Magistro
1823 4429 2156 4515 Stephano
2189 4425 2613 4507 contulisset3
2700 4414 2709 4421 ’

352 4546 642 4634 predicti
685 4544 1076 4631 jobagiones
1111 4541 1322 4609 Castri
1374 4548 1612 4607 terram
1647 4560 1866 4609 eorum
1897 4535 2377 4620 hereditariam,
2427 4550 2617 4615 quam
