3319 5249
1348 365 1432 433 87

255 560 563 646 seruicijs
616 561 965 645 meritoriJs
1019 561 1327 629 collatam
1379 561 1640 627 nomine
1693 568 1862 627 terre
1895 560 2036 628 sine
2066 561 2303 629 herede
2336 562 2520 630 dece·

261 669 499 753 dentis,
551 667 634 735 de
669 689 799 753 qua
831 669 1087 752 quidem
1143 677 1319 737 terra
1349 690 1421 737 se
1452 671 1593 737 fore
1624 670 1890 738 dicebat
1917 669 2309 755 prohibitum
2345 670 2524 736 facta

264 776 791 844 reambulacione
822 797 939 864 per
967 777 1142 844 viros
1173 778 1564 865 antedictos,
1606 778 1676 844 in
1705 778 1914 862 figura
1938 778 2169 865 judicij
2210 778 2521 845 uoluisset

265 906 458 970 agere
507 905 728 953 coram
780 886 1007 968 nobis3
1056 886 1392 970 predictus
1432 887 1748 971 Magister
1780 884 1968 953 Gean
2018 886 2231 970 ipsam
2285 892 2520 953 terram

268 992 345 1059 de
374 991 636 1079 prefato
667 992 979 1076 Magistro
1021 990 1381 1081 Othmaryo
1428 1013 1646 1061 coram
1681 993 2030 1062 cruciferis
2063 993 2145 1060 de
2177 994 2350 1059 Alba
2381 1014 2517 1079 pre·

264 1108 441 1169 sente
469 1101 690 1168 Albeo
721 1108 994 1183 cognato
1045 1100 1333 1168 eiusdem
1367 1102 1664 1185 Magistri
1696 1100 2016 1186 Othmarij
2062 1100 2230 1169 dixit
2263 1121 2335 1167 se
2365 1120 2522 1186 qua·

267 1216 405 1276 tuor
432 1229 807 1275 marcarum
860 1210 1074 1292 precio
1130 1229 1563 1294 comparasse,
1619 1230 1881 1277 causam
1913 1230 2107 1296 super
2150 1211 2292 1295 ipsa
2325 1216 2517 1296 terra,

266 1317 428 1383 iuter
478 1319 699 1401 ipsum
753 1318 834 1383 ab
886 1337 1020 1384 uua
1064 1326 1292 1404 parte,
1351 1319 1523 1386 Pous
1575 1324 1640 1384 et
1673 1318 1948 1385 Albeum
2002 1337 2084 1384 ex
2132 1318 2344 1384 altera
2375 1337 2519 1385 esse

266 1425 638 1492 suscitatam
692 1425 1069 1492 asserendo.
1121 1423 1370 1502 Quibus
1415 1426 1653 1493 auditis
1704 1427 1998 1512 parcium
2049 1427 2516 1511 proposicioni-

267 1535 381 1599 bus
416 1533 755 1599 decretum
796 1531 1015 1616 itaque
1070 1553 1186 1618 per
1218 1554 1335 1600 nos
1367 1534 1694 1620 extiterat,
1750 1540 1822 1601 ut
1853 1554 2056 1601 causa
2106 1534 2271 1602 inter
2304 1534 2515 1619 ipsum

273 1641 649 1725 Magistrum
710 1639 896 1706 Gean
960 1643 1023 1704 et
1099 1637 1275 1705 uiros
1339 1639 1638 1724 prefatos
1700 1641 1883 1725 prius
1942 1640 2202 1706 incoata
2264 1639 2516 1706 decide·

270 1755 439 1814 retur
488 1748 652 1813 iuris
704 1745 926 1812 ordine
975 1747 1357 1832 obseruato,
1417 1755 1482 1815 et
1531 1748 1679 1833 ipsa
1726 1767 1928 1815 causa
1977 1745 2200 1813 decisa
2249 1747 2519 1813 cuilibet

269 1856 552 1940 parcium
600 1854 900 1940 predicta
946 1863 1122 1921 terra
1171 1854 1355 1922 fieret
1405 1856 1713 1924 deuoluta
1736 1907 1755 1941 ,
1805 1856 1978 1923 idem
2022 1854 2339 1940 Magister
2368 1855 2514 1920 Ala·

270 1960 486 2026 darius
540 1981 749 2046 agere
791 1962 1059 2028 deberet
1108 1968 1336 2028 contra
1385 1963 1591 2029 illam.
1640 1966 1916 2030 Demum
1966 1983 2108 2029 cum
2141 1964 2286 2048 ipsa
2316 1982 2516 2030 causa

268 2069 513 2136 diucius
549 2089 769 2135 coram
818 2069 1007 2136 nobis
1038 2068 1267 2137 fuisset
1306 2072 1666 2158 uentilata,
1712 2073 1971 2139 tandem
2024 2071 2179 2155 quia
2217 2092 2338 2138 nec
2377 2092 2514 2156 pre·

268 2178 426 2244 cium
459 2177 675 2263 ipsius
727 2186 895 2244 terre
925 2177 1138 2244 dictus
1170 2179 1479 2262 Magister
1512 2177 1734 2264 Gean,
1787 2200 1912 2263 quo
1951 2199 1996 2244 a
2024 2179 2280 2264 prefato
2311 2178 2515 2260 Magi·

267 2291 390 2352 stro
422 2285 760 2352 Othmario
811 2292 1252 2372 comparatam
1302 2308 1446 2353 esse
1498 2285 1791 2372 dicebat,
1843 2288 1966 2372 ipsi
2012 2287 2325 2370 Magistro
2358 2284 2511 2352 Oth-

271 2394 462 2458 mario
498 2392 797 2479 plenarie
843 2394 1271 2478 persoluerat,
1328 2413 1449 2460 nec
1488 2395 1694 2460 eciam
1736 2394 1935 2478 ijdem
1968 2393 2139 2460 Pous
2171 2400 2234 2459 et
2269 2394 2512 2460 Albeus

268 2502 525 2567 racione
578 2500 936 2567 uicinitatis
984 2501 1195 2587 ipsum
1228 2502 1610 2585 Magistrum
1644 2501 1831 2568 Gean
1882 2500 1993 2567 ad.
2019 2501 2229 2586 ipsam
2270 2508 2511 2569 terram

269 2609 501 2678 intrare
574 2608 1065 2697 permittebant,
1132 2630 1252 2678 nec
1301 2617 1443 2677 erat
1493 2611 1886 2679 conueniens
1936 2617 2164 2677 contra
2214 2610 2505 2696 ipsorum

268 2716 768 2802 prohibicionem
819 2724 1058 2785 terram
1089 2718 1485 2787 antedictam
1537 2718 1754 2804 precio
1784 2738 2162 2803 comparare
2195 2719 2512 2803 Magistro

270 2824 441 2891 Gean
488 2830 890 2890 memorato:
940 2825 1164 2893 multis
1213 2827 1560 2894 Nobilibus
1614 2825 1824 2909 Regni
1883 2845 2013 2895 una
2060 2827 2396 2893 nobiscum
2446 2827 2515 2893 in

267 2930 509 2999 Judicio
540 2932 915 3000 sedentibus
946 2933 1402 3017 intelleximus,
1434 2932 1605 3017 quod
1640 2934 1815 3000 idem
1836 2935 2010 3000 Pous
2044 2933 2172 3019 ipsi
2196 2933 2510 3019 Magistro

269 3038 444 3107 Gean
477 3040 855 3108 refunderet
886 3040 1052 3108 duas
1083 3059 1336 3107 marcas
1356 3091 1376 3122 ,
1430 3062 1590 3125 quas
1631 3040 1839 3109 dictus
1869 3042 2179 3125 Magister
2209 3041 2392 3108 Gean
2426 3039 2513 3108 ad

267 3148 544 3231 precium
583 3148 869 3234 predicte
900 3155 1077 3214 terre
1117 3147 1408 3215 soluerat
1437 3150 1755 3233 Magistro
1788 3148 2123 3217 Othmario
2156 3148 2508 3236 antedict0,

267 3255 428 3341 sicut
457 3256 653 3323 nobis
684 3256 975 3323 constitit
1022 3256 1087 3321 in
1120 3256 1354 3322 litteris
1388 3257 1865 3324 cruciferorum
1910 3258 1993 3324 de
2024 3257 2196 3324 Alba
2228 3278 2343 3342 per
2374 3259 2508 3324 Ma-

265 3364 530 3447 gistrum
587 3363 774 3429 Gean
823 3363 1123 3448 exibitis3
1187 3363 1478 3450 predicto
1527 3365 1755 3449 Albe0,
1805 3364 1960 3447 quia
2010 3367 2153 3451 ipso
2209 3373 2508 3451 presente

263 3480 323 3536 et
352 3492 479 3538 non
533 3471 1021 3539 contradicente
1069 3471 1367 3558 predicta
1418 3480 1590 3540 terra
1639 3472 1763 3538 fuit
1795 3472 2193 3559 uenundata,
2244 3476 2411 3541 sicut
2445 3473 2505 3538 iu

264 3578 497 3645 litteris
550 3580 980 3664 predictorum
1036 3581 1501 3649 Cruciferorum
1554 3582 2023 3665 comperimus,
2092 3602 2285 3668 super
2333 3584 2509 3648 facto

266 3686 465 3771 ipsius
515 3697 685 3754 terre
734 3696 1116 3775 perpetuum
1167 3691 1505 3757 silencium
1558 3690 1949 3775 inponendo.
2007 3692 2087 3755 Et
2135 3712 2281 3757 cum
2332 3690 2508 3756 idem

262 3796 428 3861 Pons
478 3815 696 3862 coram
748 3796 934 3862 nobis
1003 3795 1157 3862 illas
1206 3796 1370 3864 duas
1427 3817 1678 3864 marcas
1728 3798 2152 3884 persoluisset
2200 3798 2508 3882 Magistro

265 3903 440 3970 Gean
475 3903 806 3971 antedicto
825 3954 846 3989 ,
895 3911 959 3971 et
1007 3905 1152 3990 ipsa
1183 3912 1357 3970 terra
1396 3906 1481 3972 ad
1514 3906 1727 3990 ipsum
1759 3907 1931 3973 Pous
1966 3906 2142 3971 facta
2174 3904 2509 3971 solucione

265 4010 486 4079 fuisset
541 4010 888 4096 deuoluta;
937 4010 1223 4096 prefatus
1273 4012 1589 4096 Magister
1637 4012 2014 4097 AladariuS,
2068 4013 2233 4079 sicut
2282 4011 2508 4097 premi-

263 4120 459 4186 simus
478 4171 497 4205 ,
571 4128 800 4184 contra
852 4120 1059 4203 ipsum
1111 4120 1284 4185 Pous
1331 4140 1528 4204 super
1573 4119 1748 4185 facto
1820 4116 2105 4184 eiusdem
2159 4125 2323 4186 terre
2373 4121 2509 4204 egit

261 4247 473 4293 coram
528 4226 738 4311 nobis,
776 4236 839 4292 et
888 4227 1098 4292 dictus
1148 4226 1317 4293 Pous
1370 4228 1621 4294 nullam
1674 4225 2057 4310 euidentcm,
2106 4234 2320 4312 preter
2370 4227 2509 4308 boc,

262 4336 429 4417 quod
462 4335 681 4421 ipsam
711 4341 949 4399 terram
1001 4333 1170 4401 dixit
1201 4334 1407 4401 fuisse
1440 4335 1659 4401 auncli
1694 4333 1921 4402 matris
1956 4354 2091 4421 sue,
2127 4358 2162 4402 e
2194 4355 2506 4403 conuerso

265 4443 470 4527 potuit
518 4441 905 4527 pretendere
954 4441 1301 4510 racionem.
1350 4444 1586 4510 Verum
1637 4443 1793 4526 quia
1823 4444 2028 4528 Regia
2064 4444 2341 4511 donacio
2391 4445 2508 4513 tali

262 4551 498 4633 exigua
549 4550 810 4615 racione
863 4551 1280 4634 pretendente
1331 4572 1459 4617 non
1510 4552 1790 4619 debebat
1840 4552 2170 4635 reuocari;
2223 4554 2507 4619 decreui-

262 4676 414 4743 mus,
473 4657 647 4742 quod
694 4656 987 4743 prefatus
1018 4657 1329 4746 Magister
1376 4658 1732 4726 Aladarius
1788 4660 1967 4745 ipsas
2019 4660 2181 4729 duas
2232 4681 2504 4741 marcas,
