3319 5249
1525 292 1657 360 265

460 491 719 560 rediens
750 490 989 575 retulit,
1037 488 1211 573 quod
1262 507 1480 555 coram
1513 487 1657 574 ipso
1692 494 1756 556 et
1790 487 1858 554 in
1890 488 2229 574 presencia
2262 488 2531 557 duorum
2563 490 2710 556 Fra·

463 606 630 665 trum
662 596 1148 665 Predicatorum
1167 649 1187 684 ,
1212 594 1347 682 ,qui
1399 594 1591 663 ambo
1640 596 1875 663 Petrus
1928 602 1994 662 et
2035 595 2259 664 Petrus
2291 598 2719 683 uocabantur,

460 705 631 772 idem
663 704 891 772 Comes
919 705 1262 772 Morianus
1293 756 1312 789 ,
1360 722 1516 788 eger
1548 702 1810 787 quidem
1845 723 2132 791 corpore,
2180 703 2296 770 sed
2337 705 2571 771 mentis
2603 723 2720 772 sue

460 831 759 898 compos,
806 809 976 878 inter
1026 817 1241 878 cetera
1286 809 1659 877 testamenti
1709 809 2032 897 disposita
2082 830 2203 878 seu
2249 811 2591 897 ordinata,
2637 811 2720 879 de

459 917 975 1006 possessionibus
1025 917 1160 985 suis
1209 916 1344 984 tale
1391 922 1856 985 testamentum
1907 917 2345 1004 condidisset;
2394 918 2451 984 si
2503 922 2721 986 tamen

461 1027 672 1113 ipsum
703 1024 844 1095 sine
877 1024 1193 1091 heredum
1246 1026 1494 1093 solacio
1527 1023 1848 1091 decedere
1879 1024 2319 1110 contingeret;
2369 1025 2544 1108 quod
2579 1046 2720 1112 pos-

461 1135 786 1203 sessiones
818 1153 994 1218 suas,
1039 1151 1204 1217 quas
1236 1131 1434 1199 habet
1467 1134 1539 1199 in
1572 1132 1897 1199 Comitatu
1931 1131 2013 1199 de
2045 1133 2306 1200 Barana
2323 1185 2343 1221 ,
2393 1134 2600 1201 Jeneu
2656 1141 2722 1201 et

464 1243 702 1327 Naney
736 1246 1042 1325 uocatas,
1092 1258 1236 1305 cum
1276 1239 1572 1306 omnibus
1612 1239 1998 1307 vtilitatibus
2030 1239 2167 1307 suis
2199 1245 2264 1306 et
2293 1240 2720 1326 pertinencijs

463 1348 801 1432 vniuersis‚
850 1345 1222 1431 reliquisset
1260 1345 1543 1413 consorti
1583 1364 1703 1412 sue
1742 1365 1858 1430 pro
1892 1344 2042 1413 dote
2073 1365 2233 1433 sua,
2277 1348 2470 1416 rebus
2503 1367 2718 1416 secum

462 1458 701 1524 ablatis
722 1508 740 1542 ,
792 1474 957 1539 quas
1011 1454 1093 1520 ab
1144 1452 1291 1538 ipso
1323 1474 1440 1538 per
1474 1453 1907 1540 spoliaciones
1947 1459 2244 1539 receptas
2279 1475 2422 1522 esse
2454 1455 2720 1540 recitas-

462 1572 576 1633 set.
624 1565 788 1630 Item
838 1563 971 1628 filie
1009 1578 1128 1627 sue
1158 1559 1533 1643 reliquisset
1584 1560 2030 1644 possessiones
2082 1583 2236 1630 suas
2286 1563 2354 1629 in
2393 1562 2721 1631 comitatu

463 1671 545 1737 de
573 1670 859 1738 Wolkou
893 1668 1270 1754 existentes,
1312 1668 1592 1751 Zorwos‚
1626 1666 1875 1734 Warad
1910 1676 1974 1735 et
2005 1668 2217 1737 Touth
2252 1677 2539 1757 uocatas,
2577 1690 2721 1738 cum

463 1778 854 1845 vtilitatibus
912 1776 1045 1843 suis
1097 1782 1162 1842 et
1209 1775 1296 1841 ad
1346 1796 1417 1842 se
1467 1776 1960 1860 pertinentibus.
2025 1779 2187 1845 Item
2237 1779 2720 1863 possessionem

462 1906 666 1973 suam,
700 1905 895 1969 quam
926 1885 993 1949 in
1027 1886 1174 1968 Eng
1206 1883 1449 1950 habere
1489 1883 1870 1969 dinoscitur,
1915 1884 2285 1969 reliquisset
2314 1886 2445 1952 filie
2476 1886 2718 1953 sororis

464 2012 576 2060 sue
605 2012 751 2059 cum
803 1991 941 2060 suis
993 1990 1418 2077 pertinencijs
1450 1990 1806 2076 vniuersis3
1856 1992 2009 2059 item
2065 1993 2367 2061 Claustro
2419 1993 2717 2061 Sororum

468 2101 546 2168 de
581 2098 828 2166 Ordine
858 2099 1682 2179 Fratrum-Predicatorum
1714 2098 1796 2165 de
1828 2099 2052 2167 Insula
2084 2100 2320 2169 Sancte
2351 2103 2554 2169 Marie
2575 2103 2718 2170 Uir·

462 2207 673 2295 ginis,
741 2207 808 2273 in
866 2227 991 2292 quo
1040 2207 1183 2274 loco
1233 2206 1628 2293 sepulturam
1682 2207 1808 2274 sibi
1857 2209 1996 2274 fieri
2038 2209 2240 2294 elegit
2264 2262 2282 2296 ‚
2351 2209 2719 2295 reliquisset

461 2313 930 2402 possessionem
961 2334 1144 2381 suam
1176 2313 1385 2381 Anias
1418 2322 1716 2381 vocatam
1737 2367 1757 2403 ,
1805 2335 2000 2400 quam
2052 2315 2250 2383 habet
2300 2317 2486 2384 iuxta
2517 2316 2718 2385 Tisci·

463 2442 566 2488 am
599 2442 745 2488 cum
777 2422 1076 2489 omnibus
1103 2421 1498 2489 utilitatibus
1531 2421 1668 2487 suis
1688 2472 1709 2503 ,
1756 2423 2023 2509 piscinis
2073 2423 2396 2504 videlicet,
2432 2433 2496 2493 et
2527 2425 2717 2511 perti-

463 2529 716 2614 nenciJs
749 2527 884 2596 suis
916 2527 1259 2596 vniuersis.
1336 2527 1500 2597 Item
1555 2529 1930 2613 reliquisset
1979 2531 2188 2599 eidem
2241 2532 2539 2600 Ecclesie
2576 2552 2720 2619 pos-

463 2638 811 2708 sessionem
846 2656 1052 2723 suam,
1086 2656 1282 2720 quam
1314 2637 1517 2704 habet
1550 2638 1721 2705 ultra
1753 2636 2038 2706 Tisciam
2072 2639 2333 2706 nomine
2352 2639 2718 2709 qurholm

464 2766 607 2813 cum
651 2745 947 2811 omnibus
998 2745 1416 2830 pertinencijs
1467 2745 1622 2812 suis.
1700 2748 1857 2813 Item
1897 2747 2224 2830 quandam
2263 2753 2501 2814 terram
2535 2765 2717 2815 suam

463 2853 641 2919 iuxta
690 2850 971 2918 Tisciam
1024 2852 1235 2918 Koxol
1284 2858 1582 2918 vocatam
1633 2852 2003 2935 reliquisset
2057 2853 2358 2920 claustro
2411 2855 2716 2923 Sororum

464 2959 852 3046 supradicto.
901 2958 1055 3025 Alia
1088 2965 1302 3025 autem
1324 3011 1342 3045 ‚
1388 2979 1514 3044 que
1553 2957 1633 3024 de
1666 2962 1875 3026 seruis
1909 2965 1973 3028 et
2004 2960 2263 3028 ancillis
2296 2961 2431 3028 suis
2463 2960 2718 3028 ordina-

463 3068 576 3154 uit,
624 3065 1034 3133 continentur
1065 3065 1132 3131 in
1165 3065 1401 3134 litteris
1434 3067 1807 3134 testamenti
1857 3069 1958 3134 sui
2009 3070 2074 3134 in
2127 3087 2390 3135 camera
2425 3069 2719 3136 Ecclesie

462 3178 715 3260 nostre;
766 3192 931 3258 quas
982 3173 1242 3239 litteras
1292 3173 1463 3240 idem
1505 3174 1732 3242 Comes
1764 3174 2095 3242 Morianus
2127 3178 2246 3242 sub
2279 3196 2393 3243 suo
2426 3182 2490 3242 et
2521 3176 2718 3244 dicto·

465 3304 603 3352 rum
664 3283 960 3349 Fratrum
1012 3278 1501 3349 Predicatorum
1555 3283 1794 3368 sigillis
1843 3284 2030 3350 nobis
2070 3285 2324 3349 curauit
2366 3282 2716 3350 destinare.

464 3392 701 3457 Datum
745 3388 948 3456 tercio
983 3390 1087 3456 die
1118 3389 1316 3475 medij
1354 3390 1626 3457 XL·me.

914 3552 932 3606 (
937 3552 982 3601 A
1010 3551 1173 3602 budai
1201 3547 1577 3618 kaptalannak
1611 3555 1729 3604 186.
1757 3570 1827 3604 ει.
1856 3569 1903 3608 s..
1932 3551 2269 3616 atiratabol.)

1377 3858 1801 3870 m
