3319 5249
1306 374 1387 437 91

1288 891 1398 959 53.

249 1101 329 1166 Az
357 1111 719 1190 eszterqami
749 1109 1200 1194 ka'ptalannak
1234 1110 1783 1197 bizonysdqlevele,
1833 1115 1996 1200 hoqy
2028 1138 2068 1178 a
2098 1118 2477 1202 nyulsziqeti

245 1218 510 1298 apdczdk
560 1240 603 1280 a
634 1219 779 1281 nelei
812 1217 947 1284 Clau
979 1220 1330 1305 helyse'ybm
1367 1221 1637 1286 Isabella
1673 1225 2060 1309 k-irdlyndwl
2090 1226 2476 1313 adomcinyo-

735 1338 860 1394 zott
890 1329 1226 1395 birtokban
1255 1331 1727 1396 statudltattak.
1778 1336 1970 1400 1274.

436 1543 570 1609 Nos
621 1542 990 1627 Capitulum
1043 1542 1332 1618 Ecclesie
1382 1542 1853 1627 strigoniensis
1904 1545 2133 1613 damus
2186 1568 2303 1633 pro
2347 1569 2475 1614 me-

250 1652 449 1728 moria,
497 1648 673 1734 quod
724 1650 975 1716 litteras
1027 1650 1287 1716 domine
1336 1650 1388 1716 Ι.
1423 1652 1700 1718 illustris
1732 1653 1977 1737 Regine
2010 1655 2345 1738 Hungarie
2382 1675 2476 1721 re-

249 1758 510 1844 cepimus
575 1757 999 1845 continentes,
1069 1758 1240 1841 quod
1302 1756 1449 1843 ipsa
1511 1758 1772 1824 domina
1835 1761 2091 1843 Regina
2152 1761 2479 1844 quandam

252 1873 468 1933 terram
518 1886 700 1933 suam
736 1866 873 1931 Cbu
925 1872 1222 1932 uocatam
1274 1866 1338 1931 in
1374 1867 1700 1933 comitatu
1738 1867 2168 1952 strigoniensi
2202 1868 2477 1934 existen-

250 1982 361 2040 tem
406 1974 735 2041 sororibus
784 1970 864 2038 de
914 1973 1139 2039 Insula
1169 1974 1369 2040 Beate
1399 1975 1686 2057 Virginis
1740 1977 2141 2043 contulisset.
2209 1977 2292 2041 Et
2330 1996 2474 2041 eum

252 2103 352 2149 nos
379 2089 633 2167 recepto
669 2081 975 2148 mandato
1011 2081 1302 2147 eiusdem
1334 2082 1595 2150 domine
1628 2085 1891 2169 Regine,
1927 2083 2112 2150 iuxta
2144 2083 2477 2149 eontinen-

251 2192 398 2256 eiam
444 2190 805 2257 litterarum
858 2210 1122 2256 suarum
1155 2188 1477 2257 hominem
1517 2197 1808 2260 nostrum
1848 2191 2263 2275 misissemus,
2297 2189 2479 2256 ouius

251 2298 595 2365 testimonio
628 2299 857 2366 Comes
887 2297 1191 2382 Haragus
1227 2299 1416 2366 homo
1447 2300 1710 2367 domine
1729 2299 1975 2384 Regino
2007 2298 2480 2366 reambulando

252 2409 436 2493 ipsam
483 2415 729 2475 terram
782 2427 923 2472 eum
979 2407 1277 2475 omnibus
1326 2407 1714 2476 utilitatibus
1766 2416 1831 2474 et
1874 2407 2293 2494 pertineneijs
2323 2408 2481 2487 saie,

251 2516 633 2602 presentibus
684 2517 1146 2581 commetaneis
1197 2520 1264 2580 et
1312 2515 1543 2582 vicinis
1592 2522 1908 2584 statueret
1952 2513 2267 2601 predictis
2308 2533 2480 2579 soro-

252 2627 409 2693 ribus
457 2626 600 2693 sine
648 2621 1005 2708 preiudieio
1055 2620 1213 2690 iuris
1262 2623 1466 2690 alieni
1516 2623 2019 2709 possidendam3
2068 2619 2479 2709 postmodum

252 2731 431 2819 ijdem
464 2733 699 2800 Comes
731 2732 1035 2816 Haragus
1069 2734 1258 2799 bomo
1310 2731 1564 2799 domine
1596 2733 1864 2818 Regine‚
1915 2740 1982 2800 et
2032 2722 2217 2799 homo
2267 2739 2486 2798 noster

255 2842 326 2906 ad
351 2863 463 2908 nos
516 2840 766 2909 reuersi
816 2840 1003 2907 nobis
1057 2843 1447 2928 retulerunt,
1497 2841 1670 2923 quod
1710 2841 1777 2906 in
1811 2841 2103 2927 predicta
2135 2847 2312 2907 terra
2345 2837 2485 2903 Chu

253 2950 621 3018 inuenerunt
678 2955 918 3016 terram
980 2947 1361 3033 Reginalem
1423 2956 1680 3017 eentum
1753 2955 1818 3017 et
1879 2948 2298 3036 septuaginta
2361 2945 2487 3012 tria

254 3056 478 3141 iugera,
515 3077 660 3123 eum
713 3064 887 3123 terra
916 3056 1231 3123 nobilium
1284 3063 1348 3124 et
1377 3057 1650 3123 aliorum
1703 3057 1786 3123 de
1818 3058 1957 3125 Ghu
2009 3055 2259 3121 mixtim
2310 3054 2485 3120 adia-

251 3167 476 3252 oeneia,
533 3172 598 3231 et
628 3164 908 3231 diuisam
960 3183 1104 3231 eum
1132 3164 1396 3251 berbis;
1446 3165 1526 3231 de
1557 3165 1790 3249 quibus
1843 3172 2100 3231 eentum
2132 3169 2198 3229 et
2229 3168 2486 3246 septua-

255 3274 421 3355 ginta
452 3272 660 3339 tribus
709 3272 1046 3354 iugeribus
1095 3271 1515 3361 septuaginta
1564 3271 1693 3337 tria
1744 3272 1972 3354 iugera
2024 3268 2272 3336 suntin
2315 3275 2489 3333 terra

252 3381 489 3464 limata,
544 3400 670 3462 que
700 3380 1059 3463 uulgariter
1099 3382 1266 3447 teluk
1297 3386 1581 3466 uocatur,
1626 3385 1800 3446 terra
1830 3398 1986 3444 uero
2020 3387 2271 3443 eentum
2309 3377 2486 3459 iuge·

252 3509 376 3556 rum
407 3497 506 3556 est
538 3487 810 3554 arabilis
843 3495 906 3554 et
937 3490 1318 3573 campestris
1339 3539 1357 3574 ‚
1408 3494 1471 3553 et
1503 3485 1816 3553 diuiditur
1848 3506 1990 3552 eum
2022 3484 2257 3552 herbis.
2328 3483 2489 3551 Item

254 3598 382 3663 loca
426 3597 800 3678 vinearum,
854 3612 978 3678 que
1027 3602 1177 3662 sunt
1228 3596 1399 3662 ultra
1447 3593 1776 3677 quoddam
1825 3594 2145 3660 fossatum
2198 3590 2492 3674 antiqum

251 3701 428 3790 (igy),
479 3725 523 3769 a
555 3708 742 3789 parte
774 3701 932 3769 ville
963 3702 1268 3769 Chulnuk
1306 3702 1630 3787 pertinent
1680 3700 1762 3766 ad
1798 3708 2040 3767 terram
2074 3699 2491 3788 Reginalegn3

251 3811 380 3877 loca
411 3830 566 3879 uero
596 3811 938 3876 vinearum
960 3862 976 3892 ,
1039 3829 1163 3892 que
1193 3814 1344 3875 sunt
1394 3810 1476 3875 ab
1508 3808 1641 3875 alia
1669 3814 1852 3893 parte
1904 3806 2190 3875 eiusdem
2240 3805 2493 3885 fossati,

250 3920 545 3987 videlieet
593 3940 635 3985 a
664 3924 852 4003 parte
884 3917 1041 3983 ville
1074 3915 1234 4003 Cbu,
1277 3923 1429 3984 sunt
1459 3916 1775 3983 nobilium
1809 3916 1890 3983 de
1925 3914 2087 3982 Ohu.
2138 3916 2221 3979 Et
2252 3914 2321 3979 in
2351 3933 2493 3999 pre-

251 4026 415 4096 dicta
442 4027 607 4094 villa
639 4026 777 4093 Ghu
810 4031 962 4091 sunt
1017 4027 1084 4092 in
1116 4033 1293 4092 terra
1323 4025 1627 4109 Reginali
1662 4026 1807 4091 loea
1838 4030 2114 4108 quatuor
2145 4023 2491 4105 curiarum,

251 4136 308 4200 in
337 4156 604 4219 quorum
637 4133 888 4200 duobus
923 4131 1045 4199 due
1078 4132 1362 4198 resident
1392 4131 1780 4217 mansiones,
1813 4131 1940 4197 duo
1973 4151 2128 4197 uero
2160 4130 2309 4195 loca
2343 4134 2494 4194 sunt

251 4265 471 4329 vacua3
510 4243 677 4310 sieut
707 4242 827 4308 hee
860 4241 1079 4307 omnia
1110 4242 1339 4309 Comes
1369 4241 1678 4322 Haragus
1710 4240 1900 4319 homo
1934 4237 2191 4304 domine
2225 4234 2496 4320 Regine,

248 4358 306 4419 et
350 4353 543 4419 bomo
596 4355 817 4417 noster
865 4349 1057 4415 nobis
1111 4350 1485 4415 retulerunt.
1554 4349 1637 4412 Et
1687 4345 1859 4412 idem
1916 4347 2145 4413 Comes
2193 4345 2496 4425 Haragus

248 4457 530 4545 predicta
588 4464 846 4526 eentum
909 4463 975 4523 et
1011 4456 1430 4541 septuaginta
1492 4453 1723 4538 iugera
1782 4461 1957 4520 terre
2019 4473 2162 4520 eum
2216 4450 2492 4538 prefatis

249 4568 396 4635 loeis
447 4568 778 4634 vinearum
826 4566 1002 4631 ultra
1030 4564 1348 4631 fossatum
1400 4583 1441 4629 a
1473 4570 1656 4649 parte
1690 4561 1846 4628 ville
1882 4560 2182 4627 Gholnuk
2217 4558 2489 4625 existen·

247 4674 430 4763 tibus,
476 4682 543 4743 et
592 4693 735 4741 eum
768 4672 933 4741 loeis
987 4679 1266 4758 quatuor
1316 4671 1640 4739 curiarum
1690 4669 2102 4758 presentibus
2157 4671 2500 4735 commeta-
