3319 5249
1870 218 1951 285 78

780 421 930 503 gale
963 420 1044 486 dc
1075 419 1263 484 Buda
1316 419 1745 506 pertinentem
1780 472 1795 500 ‚
1851 442 1993 490 cum
2029 424 2412 495 vinitoribus
2465 417 2596 503 ipsi
2632 420 2802 481 terre
2854 411 3064 478 ascri—

784 531 930 614 ptis,
983 529 1091 612 qui
1143 527 1429 610 Regibus
1483 528 1855 618 Hungarie,
1909 532 2425 619 progenitoribus
2475 524 2747 610 nostris,
2803 529 3054 586 certam

784 637 920 704 uini
953 636 1386 720 quantitatem
1440 638 1776 705 annuatim
1833 642 2094 710 racione
2145 639 2479 711 seruitutis
2531 636 2614 702 ab
2649 631 2917 714 antiquo
2954 629 3056 695 eis

784 746 1082 830 imposite
1133 753 1602 813 consueuerant
1665 748 2074 836 ministrare,
2136 761 2201 818 et
2249 770 2393 816 cum
2443 741 2765 813 vniuersis
2815 737 3054 821 vineis,

779 853 1241 940 pertinenciis,
1293 852 1682 922 utilitatibus
1737 864 1802 923 et
1848 857 2097 926 iuribus
2149 855 2439 943 ejusdem
2493 852 2651 920 ville
2696 849 2836 916 siue
2869 853 3047 912 terre

781 962 1077 1031 fidelibus
1130 962 1266 1030 suis
1321 969 1386 1028 et
1436 963 1676 1029 nostris
1731 967 1971 1032 Sancte
2023 965 2490 1051 strigoniensis
2526 959 2820 1027 Ecclesie
2854 953 3051 1039 Capi·

781 1071 920 1136 tulo
972 1089 1088 1155 pro
1139 1068 1426 1136 remedio
1477 1072 1694 1138 anime
1746 1075 1983 1140 domini
2036 1077 2207 1143 Bele'
2236 1074 2433 1160 Regis
2484 1066 2789 1158 pijssimi,
2838 1061 3052 1151 patris

784 1176 904 1261 sui,
952 1178 1019 1245 in
1052 1186 1433 1262 perpetuam
1466 1179 1888 1248 elemosinam
1942 1183 2251 1268 dedisset,
2304 1181 2688 1250 donauisset
2742 1182 2807 1244 et
2836 1170 3047 1239 tradi·

783 1286 1024 1372 disset,
1079 1285 1163 1351 ab
1216 1287 1358 1369 ipso
1411 1287 1714 1372 Capitulo
1767 1292 2160 1375 peremniter
2224 1297 2288 1357 et
2340 1284 2853 1357 irreuocabiliter
2902 1280 3047 1345 iure

787 1399 1098 1478 perpetuo
1151 1392 1651 1482 possidendam;
1704 1404 1893 1481 prout
1942 1399 2059 1466 hec
2094 1398 2310 1464 omnia
2341 1399 2404 1464 in
2444 1393 2679 1480 prefati
2712 1387 3048 1458 karissimi

785 1502 993 1585 patris
1057 1502 1263 1568 nostri
1328 1503 1575 1569 domini
1642 1503 1959 1589 Stephani
2028 1508 2375 1592 priuilegio
2438 1503 2673 1569 exinde
2733 1497 3052 1580 confect0,

788 1611 960 1692 quod
995 1609 1393 1695 inspeximus
1450 1617 1514 1676 et
1545 1610 1779 1696 inspici
1814 1612 2099 1698 fecimus,
2134 1615 2395 1699 plenius
2435 1609 2796 1678 continetur
2828 1601 3048 1693 (igy);

791 1739 909 1784 nos
943 1717 1232 1803 ejusdem
1273 1718 1607 1786 karissimi
1643 1720 1851 1805 patris
1884 1723 2124 1807 nostri,
2176 1723 2341 1790 sicut
2391 1717 2799 1786 successione
2832 1713 3047 1797 filiali,

784 1827 878 1892 sic
932 1834 994 1892 et
1045 1826 1310 1908 pietatis
1364 1827 1767 1914 imitacione,
1819 1831 2120 1916 uestigiJs
2173 1830 2561 1909 inherenteS‚
2619 1826 2700 1892 de
2749 1821 3049 1910 predicta

785 1934 989 2001 eciam
1044 1933 1401 2002 donacione
1452 1937 1654 2022 ipsius
1708 1939 1868 2006 ville
1899 1941 2079 2025 Epel,
2130 1948 2422 2007 nontam
2474 1957 2588 2023 per
2621 1932 3045 2021 priuilegium

788 2043 1165 2128 predictum,
1217 2064 1409 2126 quam
1443 2067 1560 2130 per
1608 2046 1962 2115 ueridicam
2016 2049 2450 2116 assercionem
2504 2045 2786 2132 plurium
2826 2041 3047 2107 Prela·

785 2159 993 2218 torum
1030 2159 1093 2217 et
1125 2152 1452 2218 Baronum
1487 2154 1691 2238 Regni
1727 2158 1950 2240 nostri,
2009 2156 2120 2241 qui
2154 2178 2225 2224 se
2259 2152 2631 2222 huiusmodi
2665 2147 3047 2220 dona‘cionis

785 2259 1079 2326 conscios
1128 2280 1272 2327 esse
1326 2261 1651 2349 dicebant,
1698 2265 2078 2348 plenissime
2110 2265 2488 2345 certificati3
2539 2261 2833 2344 maxime,
2885 2258 3047 2342 quia

784 2367 1168 2454 inuenimus,
1214 2367 1458 2434 dictum
1511 2369 1933 2453 priuilegium
1983 2393 2109 2439 non
2163 2372 2509 2455 abolitum,
2549 2390 2678 2436 non
2711 2368 3045 2446 viciatum,

783 2497 913 2542 non
967 2477 1425 2563 cancellatum,
1487 2478 1592 2545 uel
1646 2479 1714 2544 in
1770 2489 1973 2567 carta,
2024 2502 2135 2547 scu
2188 2480 2412 2564 sigillo
2465 2479 2663 2546 alicui
2702 2475 3053 2564 reprehen-·

782 2585 950 2653 sioni
991 2585 1346 2654 subiectum
1403 2587 1777 2673 subiacere;
1828 2588 2186 2674 predictam
2240 2587 2664 2661 donacionem
2715 2584 2877 2653 ville
2928 2602 3045 2650 seu

784 2703 951 2760 terre
1005 2694 1183 2779 Epel,
1232 2693 1598 2780 uinitorum,
1650 2696 2008 2783 vinearum,
2066 2696 2640 2783 pertinenciarum,
2691 2693 2927 2759 iurinm
2980 2698 3047 2755 et

784 2802 1141 2868 utilitatum
1176 2802 1409 2889 ipsius,
1464 2802 1546 2869 de
1579 2803 1852 2871 consilio
1886 2805 2214 2872 Baronum
2246 2810 2566 2872 nostrorm
2597 2809 2809 2869 ratam
2842 2798 3043 2865 habe·

781 2930 923 2977 mus
958 2917 1022 2975 et
1053 2916 1332 2995 gratam,
1376 2916 1438 2975 et
1471 2930 1613 2976 eam
1647 2910 1936 2997 predicto
1980 2911 2281 2996 Capitulo
2315 2913 2549 2978 Sancte
2582 2907 3049 2994 Strigoniensis

781 3016 1093 3102 Ecclesie,
1149 3039 1191 3083 a
1230 3038 1356 3100 qua
1388 3017 1631 3085 inuncti
1684 3008 1902 3087 sumus
1935 3028 1998 3088 et
2031 3019 2320 3088 coronati
2354 3019 2421 3084 in
2453 3020 2716 3102 Regem,
2760 3024 2823 3084 et
2853 3015 3046 3102 spiri-

782 3124 990 3190 tualia
1040 3124 1387 3219 recipimus
1439 3135 1871 3213 sacramenta,
1923 3135 2144 3196 tenore
2183 3129 2589 3212 presencium
2627 3131 2943 3211 perpetuo
2978 3131 3046 3190 et

781 3233 1392 3317 inretractabiliter,
1478 3257 1560 3301 ex
1621 3244 1804 3303 certa
1885 3233 2167 3304 sciencia
2248 3236 2699 3303 confirmamus
2772 3239 2835 3299 et
2897 3252 3046 3316 pre·

781 3342 985 3407 sentis
1035 3341 1262 3427 scripti
1314 3345 1678 3428 patrocinio
1731 3348 2222 3414 communimus.
2269 3347 2588 3412 Tenorem
2640 3349 2856 3409 autem
2898 3361 3044 3426 prc-

779 3449 900 3516 fati
928 3448 1261 3536 priuilegij
1318 3452 1402 3517 ad
1430 3453 1747 3519 maiorem
1781 3455 2101 3521 cautelam
2143 3451 2554 3539 presentibus
2606 3434 3045 3518 confirmacio·

780 3556 884 3624 nis
915 3565 1136 3625 nostre
1188 3559 1420 3626 litteris
1473 3559 1552 3627 de
1585 3563 1780 3629 uerbo
1833 3560 1920 3627 ad
1952 3562 2219 3628 uerbum
2262 3560 2564 3628 duximus
2596 3556 3043 3644 inserendum,

781 3664 889 3750 qui
924 3667 1079 3733 talis
1120 3674 1218 3732 est
1251 3690 1266 3731 ε

994 3773 1365 3859 Stephanus
1415 3777 1496 3841 D.
1553 3796 1645 3859 gr.
1698 3776 2034 3862 Hungarie
2073 3778 2196 3844 stb.
2248 3777 2388 3844 Rex
2440 3777 2566 3843 stb.
2621 3773 3047 3860 (kevetkezik

781 3884 857 3948 V.
913 3883 1132 3952 Istvan
1167 3883 1524 3969 kiralynak
1581 3885 1922 3952 1270-diki
1965 3884 2518 3972 adomanylevele,
2569 3883 2857 3977 l.¹Fejer
2890 3881 3049 3948 God.

780 3989 956 4075 Dipl.
989 3993 1066 4058 V.
1099 3992 1236 4059 kot.
1275 3998 1329 4060 1.
1361 4015 1409 4060 r.
1448 3997 1552 4062 33.
1587 3993 1668 4079 1.)

1000 4098 1104 4164 Ad
1139 4099 1256 4167 hec
1305 4122 1448 4167 cum
1496 4100 1671 4168 idem
1723 4101 2185 4169 dilectissimus
2240 4108 2445 4195 pater
2478 4108 2700 4170 noster
2729 4103 2869 4168 Rex
2902 4101 3043 4166 Ste-

782 4205 1039 4291 phanus
1075 4214 1278 4273 totum
1311 4210 1616 4276 tributum
1648 4211 1735 4276 ad
1757 4209 2143 4277 Comitatum
2166 4208 2674 4294 Strigoniensem
2708 4209 3041 4295 pertinens

780 4312 990 4383 eidem
1060 4314 1295 4384 Sancte
1347 4317 1812 4402 Strigoniensis
1862 4318 2157 4385 Ecclesie
2219 4316 2526 4401 Capitulo
2577 4338 2697 4403 pro
2749 4315 3038 4383 remedio

782 4422 997 4490 anime
1031 4421 1186 4490 dicti
1221 4423 1464 4491 domini
1500 4424 1655 4492 Bele
1690 4427 1910 4511 Regis,
1952 4424 2282 4493 karissimi
2316 4424 2519 4511 patris
2550 4426 2674 4512 sui,
2705 4425 2771 4491 in
2804 4445 3036 4511 perpe-

778 4540 955 4601 tuam
990 4532 1427 4618 elemosynam
1481 4532 1754 4622 dederit,
1811 4533 2156 4600 contulerit
2206 4538 2270 4599 et
2304 4531 2594 4621 donauit,
2647 4531 2729 4597 ab
2769 4532 2863 4601 eis
2896 4531 3037 4598 iure
