3319 5249
1779 322 1912 388 244

720 522 859 603 ret3
906 537 1049 586 eam
1103 516 1511 603 presentibus
1533 570 1551 603 ,
1603 522 1666 583 et
1719 523 1940 601 nostro
1978 516 2201 601 sigillo
2235 516 2507 581 fecimus
2540 513 2784 600 pariter
2815 534 2982 580 com·

715 626 971 693 muniri.
1004 626 1240 691 Datum
1274 624 1458 690 Bude
1489 646 1657 691 anno
1693 624 1954 692 Domini
2001 623 2441 691 M⁰CO⁰LXX⁰
2475 642 2645 689 nono
2665 622 2985 706 invigilia

712 734 901 800 Beati
930 732 1249 801 Johannis
1291 733 1606 818 Baptiste.

872 927 973 999 (Az
1000 931 1202 985 eredeti
1228 930 1363 984 utan
1395 933 1589 984 Knanz
1616 928 1851 1000 Nandor,
1889 933 2122 998 Magyar
2162 931 2290 983 Sion
2318 932 2421 981 111.
2450 932 2567 982 kot.
2597 930 2717 980 889.
2750 929 2809 996 1.)

1638 1219 2066 1231 ———————

1776 1610 1917 1679 167.

720 1813 848 1877 IV.
903 1812 1136 1878 Lciszl6
1165 1812 1389 1895 kircily
1424 1812 1777 1895 meyerb'sz'ti
1831 1810 2181 1895 Liupoldot
2241 1808 2655 1896 Truzquficit
2690 1810 2982 1895 Semptey

1237 1922 1566 2003 vdrmeqye
1599 1916 2191 2002 fdispa'nsciydban.
2275 1921 2467 1983 1279.
2651 1958 2659 1963 -

932 2116 1068 2181 Nos
1120 2114 1468 2180 Ladizlaus
1518 2114 1640 2179 Dei
1687 2112 1910 2197 gracia
1943 2114 2080 2179 Rex
2111 2115 2446 2198 Hungarie
2477 2115 2780 2182 memorie
2812 2135 2977 2182 com-

717 2225 1101 2291 mendantes
1131 2221 1569 2305 significamus
1620 2221 1943 2289 Vniuersis
1995 2221 2226 2305 quibus
2266 2221 2529 2309 expedit
2573 2224 2975 2309 presencium

720 2352 833 2418 per
862 2341 1190 2399 tenorem:
1240 2330 1413 2412 quod
1447 2328 1680 2393 Comes
1715 2329 2137 2415 Lyuppoldus
2190 2331 2362 2397 filius
2398 2328 2568 2418 (lgy)
2611 2332 2977 2416 Truslephy

715 2437 928 2506 fidelis
962 2447 1180 2504 noster
1211 2435 1509 2503 exhibuit
1541 2435 1727 2503 nobis
1781 2444 2081 2521 patentes
2118 2439 2370 2505 litteras
2403 2438 2644 2505 domini
2679 2438 2835 2505 Bele
2867 2439 2980 2503 aui

716 2549 923 2615 nostri
955 2544 1307 2631 karissimi,
1344 2543 1754 2611 Serenissimi
1787 2544 1982 2627 Regis
2017 2544 2350 2629 Hungarie
2383 2546 2742 2612 felicissimi
2768 2565 2976 2611 recor-

719 2656 1037 2743 dacionis,
1085 2660 1316 2741 petens
1354 2674 1473 2721 nos
1506 2673 1649 2719 cum
1685 2652 2026 2737 instancia,
2076 2661 2148 2720 ut
2182 2657 2357 2740 ipsas
2393 2661 2570 2721 ratas
2603 2655 2859 2740 habere,
2911 2662 2976 2721 et

716 2764 957 2831 nostris
1018 2761 1438 2845 dignaremur
1494 2761 1872 2846 patentibus
1934 2760 2171 2829 litteris
2223 2763 2621 2829 confirmare.
2687 2760 2973 2838 Quarum

719 2870 976 2955 quidem
1007 2870 1368 2937 litterarum
1401 2875 1584 2936 tenor
1616 2870 1773 2936 talis
1809 2878 1940 2936 est:
3007 2935 3010 2936 γ

931 2977 1068 3044 Nos
1103 2977 1420 3044 Bela'stb.
1476 2974 1646 3060 quod
1679 2977 1846 3044 sicut
1878 2977 2051 3044 fideli
2082 2981 2304 3044 nostro
2337 2977 2658 3064 Trusleph
2691 2977 2975 3045 Comita-

717 3094 854 3152 tum
893 3085 976 3151 de
1007 3085 1317 3170 Semptey
1352 3086 1870 3172 contuleramus,
1940 3085 2035 3151 sic
2086 3086 2292 3152 eciam
2334 3091 2479 3171 post
2510 3092 2777 3152 mortem
2812 3086 2976 3153 eius·

720 3194 866 3260 dem
896 3191 1237 3278 Trusleph‚
1269 3181 1673 3259 aduertendo
1704 3192 2088 3260 fidelitatem
2122 3213 2329 3280 suam,
2362 3200 2426 3258 et
2458 3195 2666 3261 eciam
2697 3195 2977 3260 seruicia

716 3299 954 3387 fidelia,
1001 3319 1127 3383 que
1160 3299 1366 3366 frater
1401 3319 1556 3366 suus
1589 3300 2015 3386 Lyuppoldus
2031 3351 2049 3385 ,
2100 3321 2233 3368 vna
2276 3321 2421 3376 cum
2454 3300 2652 3367 fratre
2685 3320 2804 3369 suo
2837 3323 2975 3387 pre-

719 3409 892 3476 dicto
921 3413 1139 3474 nostre
1171 3408 1503 3502 Maiestati
1537 3407 1967 3476 exhibuerunt
1998 3408 2324 3476 indefesse
2374 3409 2497 3475 stb.
2553 3401 2979 3495 (kovetkezik

717 3517 826 3584 IV.
857 3515 1023 3582 Bela
1062 3514 1282 3601 kiraly
1320 3515 1690 3605 okmanya,
1758 3517 1921 3583 mint
1969 3516 2535 3604 gytijtemcnyunk
2583 3515 2721 3583 els6
2772 3516 2974 3602 folya·

714 3624 959 3692 manak
989 3624 1103 3690 III.
1135 3623 1479 3691 kotetcben
1517 3629 1575 3691 1.
1609 3625 1684 3710 1.)

927 3734 1064 3800 Nos
1128 3734 1349 3815 itaque
1398 3732 1792 3818 peticionem
1847 3734 2056 3818 ipsius
2093 3732 2360 3801 Comitis
2391 3733 2759 3819 Lyuppoldi
2791 3733 2973 3800 sauo-

713 3841 1008 3910 rabiliter
1038 3840 1495 3928 admittentes,
1543 3843 1953 3926 presentibus
2007 3842 2088 3909 de
2121 3845 2319 3911 uerbo
2353 3841 2440 3908 ad
2471 3844 2741 3910 uerbum
2775 3842 2974 3908 inseri

714 3948 1016 4017 faciendo
1049 3949 1431 4016 auctoritate
1463 3951 1867 4033 presencium
1892 3949 2253 4038 (duximus)
2277 3950 2803 4018 confirmandam.
2842 3949 2971 4014 Da-

714 4064 849 4124 tum
900 4057 967 4123 in
1022 4060 1249 4125 Insula
1279 4059 1479 4125 Beate
1512 4057 1802 4144 Virginis
1837 4067 2066 4144 quarto
2101 4058 2208 4126 die
2240 4057 2729 4143 Assumpcionis
2764 4056 2975 4139 Virgi-

711 4166 816 4232 nis
849 4164 1165 4251 Gloriose,
1201 4185 1373 4232 anno
1407 4165 1667 4232 Domini
1699 4168 2040 4236 millesimo
2075 4166 2519 4235 ducentesimo
2538 4165 2752 4231 LXX⁰
2773 4184 2966 4231 nono.

713 4325 984 4398 (Eredetie
1014 4321 1345 4394 bssrhzirtyan
1372 4367 1385 4392 ,
1427 4344 1460 4380 a
1506 4327 1664 4382 hatul
1692 4331 1795 4382 oda
1819 4337 2066 4396 nyomott
2093 4327 2388 4396 pocsctnek
2427 4323 2800 4392 maradvanya
2846 4325 2971 4391 meg

1157 4435 1279 4484 meg
1305 4433 1413 4470 van
1436 4455 1448 4480 ‚
1490 4434 1524 4470 a
1550 4436 1720 4471 nemz.
1749 4436 1992 4471 muzcum
2019 4416 2527 4483 kezirat-taraban.)

1623 4681 2048 4701 &nb—w..—
