3319 5249
1683 404 1734 409 ψ
1792 311 1919 377 190

713 510 856 575 ensi
904 508 1009 576 uel
1060 504 1446 577 officialibus
1496 505 1787 574 eiusdem
1836 512 2153 576 statueret
2203 506 2414 574 eidem
2452 503 2704 593 {Comiti
2756 505 2976 575 Ochuz

713 615 1209 704 possidendam,
1258 615 1451 683 metis
1502 614 1688 684 nouis
1743 615 1930 681 iuxta
1979 622 2234 684 ueteres
2286 616 2538 682 erectis.
2587 614 2722 683 Nos
2772 615 2974 701 igitur

711 726 913 810 Regie
946 722 1368 791 celsitudinis
1399 722 1705 791 mandato
1738 729 2126 811 reuerenter,
2176 731 2248 790 ut
2286 731 2597 809 tenemur,
2633 743 2973 792 occurren·

712 840 831 930 tes,
870 832 1205 926 ³hominem
1238 836 1528 897 nostrum
1562 833 1769 898 virum
1800 832 2125 917 ydoneum
2158 851 2305 900 cum
2353 828 2579 899 eodem
2618 833 2829 900 Zeeeh
2860 832 2970 900 ho·

714 940 886 1009 mine
919 926 1161 1007 domini
1196 939 1392 1023 Regis
1430 939 1718 1009 misimus
1759 942 1841 1011 ad
1883 941 2095 1028 ipsum
2129 941 2469 1027 negocium
2505 943 2976 1026 exequendum.

713 1048 842 1126 Qui
872 1048 956 1113 ad
988 1068 1107 1114 nos
1141 1067 1439 1115 reuersus
1474 1049 1696 1115 retulit
1730 1032 1846 1133 per
1877 1068 1995 1115 nos
2034 1050 2422 1133 requisitus:
2465 1049 2640 1135 quod
2673 1051 2742 1117 in
2766 1050 2976 1136 ipsius

712 1156 1056 1242 presencia
1088 1156 1259 1223 idem
1291 1154 1483 1224 homo
1518 1157 1764 1223 domini
1797 1158 2012 1244 Regis,
2066 1158 2480 1243 presentibus
2531 1166 2596 1225 et
2647 1159 2975 1228 consenci-

712 1265 967 1332 entibus
1000 1285 1076 1331 ac
1109 1265 1631 1348 permittentibus
1674 1265 1930 1333 Abbate
1969 1265 2364 1350 Zaladiensi,
2417 1268 2676 1336 Buthur
2707 1266 2974 1335 officiali

715 1371 1434 1458 eiusdemMonasterij,
1485 1374 1815 1460 Johanka‚
1848 1374 2207 1441 Laurencio
2240 1382 2304 1441 et
2333 1375 2653 1461 Lorando,
2707 1395 2786 1442 ac
2817 1376 2973 1462 alijs

716 1481 1169 1564 iobagionibus
1202 1480 1410 1566 ipsius
1444 1482 1735 1550 Ecclesie
1768 1483 2100 1551 statuisset
2133 1483 2343 1569 ipsam
2367 1482 2605 1550 teri-am
2637 1483 2703 1549 in
2727 1482 2972 1549 eisdem

713 1588 1000 1674 antiquis
1033 1572 1221 1654 metis
1253 1595 1318 1655 et
1350 1587 1533 1655 nouis
1568 1588 1753 1656 iuxta
1784 1591 2049 1658 easdem
2102 1591 2352 1674 erectis,
2402 1591 2698 1676 predicto
2736 1590 2971 1656 Comiti

713 1697 931 1766 Ochuz
964 1697 1101 1762 iure
1134 1702 1442 1780 perpetuo
1486 1697 1967 1785 possidendam,
2000 1699 2186 1766 nulla
2235 1699 2494 1785 penitus
2546 1698 2970 1767 contradicci-

713 1823 835 1872 one
869 1803 1211 1870 mediante.
1265 1803 1465 1870 Cuius
1499 1802 1762 1887 quidem
1797 1812 1967 1872 terre
2000 1812 2312 1874 metarum
2349 1807 2691 1874 distinccio
2743 1806 2975 1892 incipit

713 1916 796 1981 ab
829 1909 1161 1981 occidente
1191 1913 1258 1978 in
1293 1918 1511 1979 monte
1562 1933 1604 1978 a
1658 1912 1942 1997 quadam
1993 1934 2235 1998 magna
2289 1918 2520 1984 arbore
2568 1914 2740 1982 ilicis
2785 1915 2973 1981 iuxta

712 2023 885 2089 viam
920 2041 1221 2105 magnam
1257 2021 1615 2109 existentis,
1649 2022 1716 2087 in
1752 2042 1882 2106 qua
1914 2030 2011 2089 est
2043 2030 2214 2090 meta
2233 2025 2608 2108 angularis;
2645 2023 2800 2090 inde
2821 2044 2968 2109 pro-

712 2130 887 2196 cedit
916 2128 1002 2195 ad
1035 2129 1345 2195 orientem
1378 2148 1579 2214 penes
1620 2126 1976 2213 virgultum
2029 2131 2113 2196 ab
2166 2132 2517 2217 aquilone,
2566 2139 2629 2198 et
2677 2131 2972 2217 peruenit

714 2236 798 2304 ad
830 2235 991 2303 duas
1023 2245 1228 2303 metas
1262 2241 1545 2320 terreas;
1595 2235 1831 2304 dehinc
1882 2236 2222 2304 descendit
2270 2237 2516 2306 directe
2570 2260 2687 2325 per
2728 2247 2968 2307 terram

712 2345 1030 2413 arabilem
1081 2345 1167 2411 ad
1224 2345 1534 2412 orientem
1557 2394 1576 2430 ,
1628 2352 1692 2411 et
1728 2345 2120 2429 pertransita
2153 2345 2434 2429 quadam
2465 2347 2727 2432 publica
2759 2355 2970 2416 strata

714 2455 894 2521 uenit
924 2452 1011 2518 ad
1044 2452 1207 2520 duas
1242 2460 1440 2520 metas
1472 2459 1721 2519 terreas
1755 2454 1820 2517 in
1855 2453 2258 2519 extremitate
2311 2452 2509 2521 feneti
2544 2457 2968 2543 constitutas;

712 2562 951 2631 abinde
982 2561 1216 2628 incidit
1248 2562 1314 2628 in
1348 2582 1593 2647 nemus,
1644 2582 1772 2646 quo
1807 2560 2042 2628 directe
2073 2562 2444 2647 protendito
2495 2562 2725 2632 incidit
2758 2565 2823 2630 in
2857 2565 2970 2632 flu·

713 2675 885 2737 uium
919 2670 1106 2753 Zala,
1157 2678 1222 2736 et
1272 2669 1364 2735 ibi
1417 2670 1817 2737 terminatur.
1881 2673 1956 2736 In
1999 2670 2193 2737 cuius
2243 2671 2396 2738 facti
2436 2693 2552 2739 seu
2583 2674 2965 2742 statucionis

712 2779 1087 2846 memoriam
1139 2780 1633 2862 firmitatemque
1704 2783 2079 2863 perpetuam
2136 2788 2470 2866 presentes
2528 2782 2969 2849 concessimus

712 2888 967 2954 litteras
1029 2885 1233 2970 sigilli
1298 2885 1501 2953 nostri
1572 2885 1926 2953 munimine
2006 2889 2342 2955 roboratas
2373 2940 2389 2974 ,
2469 2909 2639 2956 anno
2702 2888 2965 2956 Domini

711 2994 1145 3062 M⁰CC⁰LXX⁰
1181 2993 1411 3079 septim
1423 3015 1474 3060 0.

712 3173 986 3242 (Eredetie
1024 3172 1375 3242 bifrhartyz'tn,
1415 3192 1447 3226 a
1476 3174 1628 3228 hatul
1667 3177 1770 3228 oda
1798 3182 2041 3242 nyomott
2077 3175 2262 3245 pecset
2288 3179 2567 3242 elveszett‚
2606 3194 2638 3229 a
2666 3177 2834 3229 budai
2867 3177 2972 3229 kir.

1522 3268 1764 3318 kamarai
1790 3265 2173 3332 leveltarban.)
