3319 5249
1383 266 1512 333 343

319 463 576 539 partem
631 458 1116 527 meridionalem
1168 462 1234 527 in
1285 470 1504 529 meatu
1557 462 1823 530 eiusden
1872 461 2047 547 fluuij
2114 462 2559 530 descendendo

316 583 440 650 per
492 586 798 651 magnum
845 569 1132 655 spacium
1183 571 1272 638 ad
1322 578 1570 655 partem
1619 571 2111 639 meridionalem
2143 572 2434 659 peruenit
2466 572 2549 637 ad

315 672 653 759 quandam
700 677 992 758 arborem
1042 680 1276 769 cqwfa
1322 678 1743 766 nominatam,
1787 680 1909 746 sub
1943 699 2072 762 qua
2101 687 2200 747 est
2233 716 2311 729 -
2357 717 2430 727 —
2472 718 2558 727 —

313 820 405 833 -
461 822 1277 836 ———————
1298 789 1590 857 Rathold
1622 794 1687 855 et
1716 787 1958 874 Mykov
1988 788 2408 874 prefatorum,
2440 795 2558 855 ter·

314 893 423 960 cia
475 893 765 979 ipsorum
793 895 1073 962 Rathold
1106 901 1172 962 et
1204 896 1444 982 Mykov
1474 917 1515 963 a
1544 902 1733 982 parte
1764 896 2286 984 septemtrionali,
2321 903 2557 979 quarta

319 1022 482 1069 vero
532 1002 825 1069 Ladislai
883 1010 946 1068 et
991 1004 1310 1070 sociorum
1342 1024 1597 1071 suorum
1630 1024 1673 1072 a
1703 1011 1887 1091 parte
1922 1003 2326 1070 meridionali
2353 1039 2438 1052 —-
2470 1038 2558 1051 —

309 1147 401 1160 -
423 1147 522 1159 —
549 1148 624 1159 ——
667 1149 744 1159 -—
782 1131 1004 1179 uersus
1040 1111 1433 1198 occidentem
1463 1122 1528 1181 et
1555 1114 1853 1199 peruenit
1881 1110 1967 1181 ad
1997 1111 2321 1196 quoddam
2356 1148 2431 1157 -
2470 1145 2557 1158 —

309 1257 400 1267 -·
422 1219 661 1289 cedfcu
692 1220 1103 1306 nominatum,
1133 1220 1244 1287 ubi
1277 1229 1376 1289 est
1407 1242 1536 1288 vna
1566 1241 1740 1289 noua
1772 1231 1943 1289 meta
1972 1229 2221 1305 terrea;
2283 1226 2347 1286 et
2377 1218 2561 1286 exin-

311 1329 396 1394 de
438 1326 953 1416 pertranseundo
987 1327 1312 1412 quandam
1353 1338 1625 1396 stratam
1656 1350 1879 1399 uersus
1911 1328 2307 1398 occidentem
2340 1345 2561 1413 peruc-

311 1439 413 1503 nit
461 1437 556 1505 ad
609 1458 649 1503 v
680 1473 767 1485 —
802 1478 878 1487 —-
920 1474 994 1487 -
1035 1472 1121 1483 —
1155 1438 1448 1506 occident
1480 1474 1566 1487 —
1595 1475 1682 1487 —-
1712 1466 1841 1524 —3
1873 1438 2109 1506 abhinc
2139 1459 2292 1506 vero
2325 1436 2554 1503 transi-

311 1567 433 1612 ens
485 1546 783 1632 peruenit
812 1545 899 1611 ad
933 1582 1009 1591 —
1050 1587 1127 1597 --
1164 1546 1343 1614 cuins
1373 1586 1458 1594 —
1498 1586 1573 1595 -
1610 1585 1717 1633 -—,
1758 1546 1865 1614 vbi
1896 1555 1993 1613 est
2024 1567 2156 1613 vna
2185 1565 2359 1614 noua
2388 1552 2560 1611 meta

309 1661 540 1723 terrea
558 1679 574 1740 ;
595 1662 658 1721 et
691 1652 841 1722 inde
872 1655 1190 1723 transiens
1219 1675 1444 1723 versus
1477 1654 1872 1723 occidentem
1903 1656 2101 1722 intrat
2130 1655 2199 1721 in
2234 1652 2560 1738 quandam

309 1762 661 1847 antiquam
681 1769 974 1849 stratam,
996 1767 1060 1830 et
1091 1762 1156 1827 in
1189 1762 1415 1840 eadem
1448 1763 1742 1830 ascendit
1773 1762 2096 1847 quoddam
2129 1762 2362 1830 beerch
2394 1762 2557 1846 Kys·

311 1871 511 1938 lacus
533 1879 828 1940 vocatum
865 1906 941 1918 —-
981 1908 1066 1922 —-·
1100 1908 1181 1917 —
1217 1871 1450 1939 deinde
1483 1869 1887 1957 procedendo
1917 1872 2211 1956 peruenit
2241 1868 2327 1936 ad
2361 1889 2561 1953 quan-

313 1979 471 2044 dam
509 1979 839 2066 publicam
874 1987 1163 2068 stratam,
1214 2001 1339 2065 que
1371 1978 1545 2048 ducit
1577 1980 1644 2046 in
1693 1980 1979 2065 Agriam,
2008 1980 2193 2048 iuxta
2241 1999 2430 2063 quam
2464 1985 2562 2043 est

311 2110 451 2154 vna
506 2107 680 2153 nona
727 2095 900 2154 meta
949 2095 1183 2171 terrea,
1234 2095 1297 2153 et
1345 2108 1535 2173 super
1585 2088 1811 2154 eadem
1873 2095 2080 2157 strata
2110 2086 2443 2153 descendit
2474 2085 2560 2151 ad

321 2197 662 2280 quandam
694 2196 987 2263 arborem
1019 2200 1222 2285 ayo-fa
1272 2199 1688 2284 nominatam,
1735 2197 1842 2263 vbi
1892 2205 1990 2263 est
2020 2217 2147 2262 vna
2177 2216 2353 2262 noua
2380 2204 2551 2259 meta

317 2343 404 2354 —
431 2345 516 2355 —
548 2342 620 2353 —
649 2344 735 2353 —
769 2325 961 2391 super
991 2306 1216 2373 eadem
1249 2312 1454 2372 strata
1483 2305 1818 2373 descendit
1850 2341 1935 2354 —-
1970 2342 2045 2351 --
2084 2341 2171 2352 -
2201 2323 2325 2387 que
2358 2311 2456 2370 est
2486 2303 2552 2367 in

315 2414 500 2480 valle
520 2413 867 2500 Kyslacns,
889 2415 997 2481 vbi
1018 2421 1116 2481 est
1135 2413 1434 2480 similiter
1477 2437 1603 2482 vna
1635 2435 1808 2482 noua
1827 2420 1999 2481 meta
2034 2421 2244 2481 terrea
2274 2412 2340 2478 in
2372 2415 2560 2496 prato

316 2542 432 2590 suo
453 2544 470 2604 ;
494 2521 736 2589 abhinc
754 2519 964 2588 eundo
984 2522 1065 2587 de
1086 2523 1230 2608 ipsa
1250 2528 1455 2589 strata
1486 2523 1849 2608 regreditur
1877 2541 2104 2589 uersus
2137 2521 2554 2603 occidentem,

317 2640 382 2698 et
414 2652 535 2718 per
566 2632 871 2715 antiquas
906 2638 1111 2699 metas
1143 2629 1433 2699 ascendit
1449 2653 1564 2719 per
1584 2631 1910 2715 quoddam
1945 2631 2234 2718 spacium
2263 2667 2338 2676 -
2365 2664 2449 2676 —
2468 2664 2556 2677 --

316 2778 402 2788 -—
432 2780 512 2787 —
542 2779 620 2788 —·
667 2739 956 2807 Ladislai
1007 2747 1071 2805 et
1103 2741 1421 2808 sociorum
1455 2762 1708 2808 suorum
1746 2776 2299 2792 —————
2333 2737 2562 2821 incipit

316 2855 540 2917 tenere
581 2861 788 2915 metas
820 2869 962 2915 cum
994 2848 1185 2916 terris
1216 2849 1486 2916 aliorum
1519 2851 1601 2917 de
1630 2850 2057 2935 generacione
2086 2868 2221 2914 sua.
2275 2845 2349 2911 In
2380 2845 2561 2910 cuins

317 2958 409 3023 rei
441 2956 886 3024 testimonium
907 2964 970 3024 et
991 2956 1350 3026 firmitatem
1372 2965 1750 3044 perpetuam
1770 2962 2101 3043 presentes
2132 2953 2562 3022 concessimus

322 3101 1126 3115 ———————
1174 3074 1318 3151 post
1381 3066 1642 3151 plagam
1706 3069 2161 3134 Thartarorum
2211 3062 2560 3132 munimine

319 3176 680 3243 roboratas.
711 3174 1127 3241 Presentibns
1157 3181 1371 3241 tamen
1419 3176 1609 3243 Haab
1657 3177 2009 3261 Prepesito,
2044 3175 2369 3242 Anthonio
2401 3174 2559 3238 Can·

322 3293 477 3363 tore,
511 3284 712 3350 Saule
745 3285 1029 3362 Lectore‚
1063 3283 1304 3369 Mykov
1339 3285 1631 3368 Custode,
1663 3286 1875 3353 Marco
1928 3283 2007 3350 de
2040 3282 2276 3367 Pacha,
2317 3277 2562 3348 Mathia

325 3392 404 3459 de
435 3393 624 3458 Nouo
656 3390 903 3476 Castro,
955 3392 1159 3458 Paulo
1210 3390 1290 3457 de
1342 3394 1607 3476 Borsua,
1661 3391 1934 3460 Martino
1989 3391 2070 3457 de
2132 3391 2430 3475 Zobolch‚
2466 3394 2558 3458 Si·

325 3521 512 3568 mone
545 3502 626 3568 de
668 3501 915 3584 Kemey
961 3500 1417 3568 Arhidiaconis
1453 3539 1527 3548 —
1583 3537 1670 3548 —
1727 3538 1799 3548 —-
1861 3539 1935 3547 —
1974 3538 2059 3547 —-
2090 3539 2178 3548 —
2213 3538 2287 3546 —
2335 3537 2404 3546 —
2447 3501 2557 3567 du·

327 3609 675 3679 centesimo
737 3610 1167 3694 octuagesimo
1229 3611 1531 3677 secundo.
1583 3613 1916 3693 Regnante
1966 3607 2267 3676 Ladislao
2317 3609 2560 3676 Illustri

327 3718 501 3802 Rege
553 3718 895 3801 Hungarie
912 3769 932 3802 ,
994 3718 1373 3786 Lodomerio
1423 3718 1925 3805 Archiepiscopo
1967 3716 2412 3802 Strigoniensi,
2452 3717 2489 3782 J
2497 3739 2558 3784 o-

333 3824 543 3891 hanne
605 3825 833 3890 Electo
887 3824 1243 3914 Colocensi,
1296 3834 1358 3894 et
1408 3827 1664 3895 domino
1717 3834 1930 3893 nostro
1980 3825 2335 3893 venerabili
2371 3834 2558 3911 patre

332 3934 588 3999 Andrea
641 3932 760 4000 Dei
795 3932 1018 4018 gracia
1052 3933 1370 4020 Episcopo
1401 3935 1703 4020 Agriensi
1740 3936 2180 4004 existentibus.

335 4110 427 4175 (Aa
453 4117 570 4181 egri
599 4112 969 4180 kalptalannak
1024 4117 1240 4167 ull-ki
1292 4118 1408 4177 „die
1453 4118 1716 4169 dominico
1759 4119 2000 4184 proximo
2030 4123 2153 4170 ante
2182 4119 2369 4169 festum
2402 4118 2562 4167 Beate

333 4201 631 4270 Margarete
673 4206 899 4269 virginis
950 4210 1005 4256 et
1047 4207 1309 4257 martiris‘·
1360 4207 1475 4257 kelt
1524 4205 1837 4270 atiratabol,
1864 4210 2060 4274 mclyet
2086 4207 2276 4259 kertek
2322 4206 2559 4267 „nobile-s

337 4295 436 4344 viri
483 4294 734 4346 Clemens
759 4295 905 4346 filius
935 4296 1145 4348 Nicolai
1174 4304 1227 4349 et
1266 4299 1503 4350 Andreas
1529 4300 1802 4353 litteratus
1832 4301 1970 4352 filius
1996 4303 2141 4352 Petri
2168 4301 2231 4351 de
2260 4298 2560 4351 Belizenth-

338 4390 594 4448 marton“,
620 4402 645 4437 s
666 4386 807 4452 moly
828 4385 1015 4439 selette
1036 4386 1377 4457 magrongalt
1420 4389 1682 4459 allapotu‚
1729 4390 1773 4444 a'
1808 4393 1968 4443 budai
2000 4393 2100 4445 kir.
2126 4391 2370 4441 kamarai
2396 4388 2557 4441 level-

1321 4477 1562 4548 tarban.)

1233 4651 1642 4663 -.ᾖ-...Ἥψα-
