3319 5249
1855 271 1894 333 8

749 485 1124 549 seruorum3
1173 467 1482 533 Burtuam
1515 488 1658 535 cum
1695 466 1948 533 duobus
1979 463 2135 550 filijs
2169 463 2327 549 suis,
2370 462 2547 528 Zurk
2587 483 2731 529 cum
2766 460 3028 531 duobus

747 574 1061 641 fratribus
1115 575 1299 642 Gurk
1354 582 1421 642 et
1470 576 1692 643 Beden
1744 573 2024 657 uocatiS,
2073 572 2243 639 filius
2294 571 2539 637 Thome
2591 572 3028 658 carpentarij,

750 680 1037 749 Thomas
1070 682 1306 751 filiolus
1339 684 1539 770 Petri,
1590 689 1657 752 et
1691 682 1865 751 filius
1918 681 2057 748 coci
2090 678 2432 749 Michaelis
2473 687 2870 769 uocatorum‚
2903 679 3026 764 qui

752 791 835 856 ab
880 790 1024 875 ipso
1056 792 1302 860 Ponich
1341 796 1524 884 Bano
1576 792 1991 877 aufugerant,
2042 789 2412 873 ubicunque
2465 788 2634 855 idem
2685 788 3027 874 Nycolaus

754 899 1125 965 reinuenire
1173 900 1447 985 poterit,
1501 901 1568 966 in
1603 898 1707 967 die
1740 897 2194 966 Exaltacionis
2228 898 2467 964 Sancte
2501 895 2724 962 Crucis
2769 918 2882 964 seu
2924 918 3033 963 rc·

755 1007 1125 1075 stitucionis
1161 1015 1518 1076 castrorum
1553 1014 2051 1076 memoratorum
2083 1005 2379 1071 restituet
2410 1003 2656 1071 Ponich
2678 1004 2864 1070 Bano
2899 1006 3029 1071 sub

754 1115 1129 1183 testimonio
1163 1115 1449 1200 Capituli
1492 1115 1972 1201 prememorati.
2022 1114 2153 1181 Sed
2203 1112 2261 1180 si
2293 1112 2657 1181 reinuenire
2710 1133 2840 1180 non
2878 1132 3027 1197 pos·

756 1229 872 1306 set,
907 1228 1142 1290 extunc
1174 1221 1356 1290 dabit
1405 1245 1523 1309 pro
1556 1222 1803 1291 eisdem
1853 1242 2084 1289 nouem
2120 1219 2444 1307 capitibus
2477 1240 2812 1288 seruorum
2846 1218 3016 1288 duas

759 1330 1133 1397 mansiones
1164 1330 1611 1399 libertinorum
1647 1351 1790 1397 cum
1830 1330 1943 1414 filij
1979 1331 2150 1415 suis,
2201 1328 2508 1396 videlicet
2542 1328 2920 1414 Gregorium
2953 1337 3022 1397 et

760 1437 982 1523 Gnrk3
1033 1447 1097 1506 et
1128 1441 1184 1506 si
1218 1439 1414 1525 ijdem
1469 1440 1596 1507 duo
1630 1440 1913 1508 libertini
1948 1457 2090 1504 cum
2123 1437 2281 1523 filijs
2331 1439 2652 1523 complere
2683 1456 3023 1504 numerum

760 1566 996 1613 nouem
1049 1547 1332 1632 capitum
1384 1567 1643 1614 suorum
1699 1567 1823 1613 non
1864 1550 2146 1633 possent,
2194 1553 2435 1613 extunc
2474 1542 2821 1630 complebit
2849 1543 3028 1611 idem

759 1654 1100 1740 Nycolaus
1131 1655 1200 1721 in
1233 1656 1530 1743 pecunia,
1585 1654 1806 1721 dando
1859 1675 1972 1741 pro
2007 1652 2295 1737 quolibet
2343 1653 2558 1739 capite
2603 1660 2733 1717 tres
2768 1671 3025 1718 marcas

761 1761 831 1827 in
864 1764 1032 1830 bono
1065 1769 1357 1848 argeum,
1407 1765 1506 1830 ita
1557 1771 1777 1830 tamen
1811 1764 1982 1848 quod
2036 1784 2150 1848 pro
2182 1783 2309 1828 vno
2342 1781 2530 1829 seruo
2570 1767 2702 1827 tres
2734 1758 3026 1825 libertini

760 1869 1155 1954 recipientur
1205 1890 1287 1936 ex
1338 1872 1739 1957 prenotatis;
1790 1870 2015 1938 eodem
2070 1867 2176 1936 die
2229 1871 2436 1936 eciam
2477 1867 2649 1933 idem
2689 1867 3030 1953 Nycolaus

762 1977 1025 2061 iurabit,
1055 1976 1229 2061 quod
1280 1978 1362 2047 de
1393 1980 1703 2065 predictis
1752 1999 1987 2047 nouem
2041 1979 2369 2064 capitibus
2408 1996 2744 2044 seruorum
2778 1976 3029 2042 nullum

764 2085 940 2171 apud
974 2105 1048 2153 se
1079 2086 1372 2173 haberet,
1404 2107 1527 2155 nec
1559 2089 1777 2154 celare
1814 2087 2012 2153 ullum
2049 2091 2272 2154 contra
2308 2088 2517 2171 ipsum
2541 2085 2742 2153 Ponic
2772 2085 3027 2151 Banum

766 2195 1112 2280 quicquam
1162 2216 1247 2263 ex
1296 2196 1579 2281 eisdem3
1649 2206 1715 2264 et
1771 2197 2134 2282 quicunque
2197 2197 2279 2262 de
2331 2204 2543 2264 cetero
2592 2195 2676 2262 de
2724 2194 3033 2280 predictis

765 2302 971 2370 seruis
1005 2303 1114 2368 uel
1146 2303 1467 2371 libertinis
1520 2305 1606 2370 ab
1653 2306 1796 2391 ipso
1831 2304 2080 2372 Ponich
2115 2304 2296 2369 Bano
2330 2301 2468 2370 siue
2499 2302 2688 2390 clam,
2743 2302 2881 2370 siue
2912 2323 3029 2387 pa-

767 2412 902 2478 lam
955 2413 1046 2478 ad
1097 2411 1374 2479 eundem
1424 2412 1791 2499 Nycolaum
1844 2417 2294 2493 reuerteretnr,
2349 2417 2588 2477 extunc
2637 2430 2891 2497 semper
2939 2409 3030 2476 ad

766 2519 959 2587 fidem
1010 2540 1194 2587 suam
1246 2519 1584 2588 restituere
1633 2520 1962 2587 tenebitur
2010 2519 2218 2587 eidem
2267 2519 2514 2585 Ponich
2564 2518 2768 2607 Ban0,
2829 2527 2893 2585 et
2944 2518 3031 2584 ab

766 2627 1066 2695 omnibns
1132 2629 1618 2713 impetitoribus
1689 2629 1953 2696 cosdem
2007 2634 2163 2712 aput
2214 2630 2429 2715 ipsum
2481 2627 2729 2695 Ponich
2779 2628 3031 2693 Bannm

769 2735 1131 2804 defensare.
1181 2737 1392 2823 Super
1423 2757 1547 2821 quo
1579 2737 1807 2821 eciam,
1847 2758 1928 2804 ne
1960 2733 2331 2803 huiusmodi
2365 2734 2791 2820 obligacionis
2824 2734 3028 2802 series

770 2865 888 2930 per
938 2845 1154 2930 ipsum
1204 2843 1570 2931 Nycolaum
1640 2846 1815 2912 facte
1866 2851 2092 2913 contra
2141 2843 2468 2929 prefatum
2520 2846 2722 2912 Ponic
2773 2846 3031 2911 Banum

770 2950 1189 3035 aliquatenus
1242 2952 1515 3036 infringi
1564 2953 1852 3035 valeant,
1900 2954 2223 3037 prenotati
2274 2953 2527 3020 nobiles
2577 2952 2703 3020 viri
2735 2953 2862 3038 ipsi
2896 2953 3030 3038 Ny·

772 3058 962 3126 colao
995 3069 1287 3128 astantes
1321 3061 1741 3146 prestiterunt
1775 3062 2232 3128 iuramentum.
2281 3062 2585 3128 Ceterum
2619 3061 2790 3128 idem
2822 3063 3033 3149 Nyco·

772 3166 919 3232 laus
967 3167 1038 3233 in
1094 3167 1259 3235 festo
1311 3175 1622 3237 annotato
1675 3170 2031 3254 assumpsit
2082 3190 2155 3236 se
2212 3169 2510 3236 daturum
2564 3169 2780 3238 eidem
2827 3170 3032 3263 Ponic

772 3273 958 3341 Bano
991 3273 1075 3340 de
1106 3275 1260 3342 uino
1291 3275 1447 3342 anni
1479 3279 1805 3361 presentis
1839 3279 2062 3344 decem
2098 3277 2376 3345 tunellas
2410 3278 2551 3343 vini
2584 3298 2726 3344 cum
2750 3276 3030 3365 tunellis,

776 3383 1069 3450 curribus
1121 3389 1185 3450 et
1217 3383 1653 3468 quadraginta
1705 3385 1890 3455 bonis
1923 3387 2151 3471 bobus,
2204 3406 2471 3468 quarum
2504 3386 2795 3470 quelibet
2827 3385 3033 3452 tunel-

775 3491 988 3557 larum
1021 3491 1345 3559 continere
1377 3492 1570 3559 debet
1601 3501 1857 3561 centum
1890 3492 2160 3559 cubulos
2193 3494 2347 3560 vini.
2380 3494 2521 3560 Hoc
2551 3493 2827 3579 adiecto,
2860 3491 3033 3578 quod

780 3599 1002 3681 siqua
1052 3599 1348 3683 parcium
1399 3600 1479 3667 de
1509 3601 1848 3687 premissis
1882 3600 2179 3669 omnibus
2234 3601 2339 3668 vel
2379 3601 2656 3686 singulis
2688 3603 3032 3688 premisso-

774 3726 914 3772 rum
947 3707 1248 3794 resiliret,
1281 3708 1620 3776 vniuersas
1652 3710 2102 3794 possessiones
2150 3731 2305 3778 suas
2346 3710 2778 3778 hereditarias
2813 3716 2878 3776 ct
2908 3730 3035 3775 em-

778 3816 1020 3901 pticias
1053 3818 1342 3901 amittet,
1396 3837 1550 3902 pars
1582 3823 1858 3901 utraque
1891 3837 1964 3882 se
2014 3819 2100 3885 ad
2140 3818 2208 3883 id
2242 3839 2457 3886 coram
2500 3818 2688 3885 nobis
2719 3817 3037 3901 obligauit

777 3927 1142 4009 spontanea
1194 3922 1550 3991 uoluntate.
1619 3926 1858 3990 Datum
1910 3924 1977 3989 in
2013 3925 2340 4008 quindena
2372 3926 2597 3992 Sancti
2631 3926 2830 4011 Regis
2864 3946 3035 3991 anno

780 4032 1046 4100 Domini
1076 4030 1301 4098 M⁰cc⁰
1334 4034 1823 4118 septuagesimo
1857 4033 2158 4101 secundo.

780 4210 1009 4280 (Ugyan
1052 4228 1087 4266 a
1114 4211 1574 4267 szekessehervarl
1599 4210 1979 4282 kaptalannak
2024 4216 2245 4267 1274-ki
2273 4211 2579 4285 atiratabol,
2608 4218 2745 4268 mint
2767 4213 2930 4269 alabb
2953 4236 2966 4279 ς
3005 4231 3040 4267 a

1193 4302 1396 4360 fb‘melt.
1425 4306 1654 4372 herczeg
1681 4303 1980 4372 Batthyani
2007 4302 2192 4357 csalzid
2219 4301 2640 4373 leveltaraban.)
