3319 5249
1301 348 1428 416 351

249 541 515 628 solacio,
567 540 843 610 maxime
891 543 961 610 in
1012 542 1395 612 infidelitate
1443 543 1845 633 decedentis,
1894 552 2027 613 tam
2059 542 2489 613 hereditarias

248 650 511 738 scilicet,
544 652 897 739 empticias,
932 651 1304 739 acquisitas,
1344 673 1459 721 seu
1497 655 1727 737 quouis
1759 655 1929 722 iusto
1960 653 2151 722 titulo
2181 652 2493 750 adeptas,

251 777 372 826 nec
402 780 532 825 non
561 778 779 826 seruos
829 766 894 825 et
945 760 1222 827 ancillas
1274 760 1578 846 eiusdem,
1631 759 1989 829 venerabili
2042 759 2215 845 patri
2247 760 2491 829 'rhome

249 865 572 952 Episcopo
620 867 968 951 Waciensi‚
1002 865 1150 934 aule
1198 865 1459 937 domine
1490 867 1744 953 Regine
1773 866 2087 937 consortis
2119 873 2339 936 nostre
2371 870 2488 936 ka·

247 974 507 1041 tissime
537 975 963 1056 Cancellario,
1003 975 1244 1043 dilecto
1285 983 1348 1043 et
1386 975 1560 1043 fideli
1581 984 1815 1062 nostro,
1834 979 1912 1045 ob
1944 976 2172 1045 merita
2206 976 2490 1044 fidelium

249 1083 706 1165 obsequiorum
763 1084 968 1171 ipsius
1013 1085 1202 1152 nobis
1251 1085 1527 1154 fideliter
1577 1088 2019 1172 inpensorum,
2074 1091 2141 1154 et
2190 1085 2492 1155 fratribus

248 1189 386 1257 suis
409 1190 762 1260 Cristosoro
795 1191 1110 1276 videlicet,
1147 1194 1381 1261 Comiti
1419 1194 1702 1265 Johanni
1735 1202 1798 1263 et
1828 1194 2180 1283 Stephano,
2203 1214 2281 1261 ac
2309 1194 2489 1261 here-

249 1296 444 1366 dibus
494 1299 834 1369 eorundem
885 1299 1319 1386 heredumque
1355 1322 1610 1371 suorum
1642 1303 1710 1370 in
1742 1308 2076 1388 posterum
2105 1301 2491 1371 successori·

249 1406 393 1495 bus,
416 1407 499 1473 de
531 1409 936 1495 plenitudine
971 1417 1188 1478 nostre
1235 1410 1453 1495 gracie
1499 1412 1701 1497 Regie
1751 1418 1815 1480 et
1863 1410 2125 1498 fauoris,
2175 1407 2491 1494 dedimus,

256 1515 689 1604 tradidimus,
754 1515 1139 1586 donauimus
1210 1525 1276 1586 et
1341 1519 1729 1588 contulimus
1797 1538 1954 1604 pure
2004 1525 2068 1585 et
2107 1517 2491 1606 simpliciter

252 1623 394 1692 iure
443 1634 760 1712 perpetuo
811 1628 1078 1714 pacifice
1124 1627 1588 1714 possidendas3
1650 1630 1989 1715 ipsumque
2050 1627 2487 1696 venerabilem

251 1739 504 1818 patrem
554 1742 617 1803 et
664 1735 893 1805 fratres
938 1758 1092 1807 suos
1146 1736 1214 1804 in
1264 1737 1662 1825 corporalem
1693 1737 2169 1824 possessionem
2203 1737 2485 1803 omnium

252 1844 714 1927 premissorum
761 1865 877 1931 per
927 1845 1239 1914 Comitem
1287 1847 1442 1914 Inus
1498 1846 1821 1913 hominem
1850 1850 2137 1913 nostrum
2169 1843 2289 1912 sub
2319 1845 2493 1912 testi-

251 1960 471 2020 monto
502 1952 913 2022 Chazmensis
947 1952 1226 2041 Capituli
1260 1954 1528 2023 fecimus
1578 1953 1926 2022 introduci.
1957 1953 2046 2020 Ut
2072 1952 2269 2037 igitur
2301 1951 2492 2019 huius

252 2071 473 2131 nostre
523 2063 899 2131 collacionis
952 2062 1154 2132 series
1205 2065 1398 2132 robur
1447 2071 1758 2151 perpetue
1809 2061 2128 2129 firmitatis
2179 2059 2491 2147 optineat,

253 2190 372 2238 nec
402 2173 538 2239 vllo
567 2191 848 2255 unquam
880 2180 1167 2262 tempore
1198 2174 1533 2242 retractari
1569 2171 1794 2239 ualeat
1825 2170 2033 2239 autin
2064 2170 2309 2238 irritum
2343 2188 2493 2254 quo-

253 2279 605 2348 modolibet
654 2285 965 2367 reuocari,
1015 2290 1345 2369 presentes
1400 2282 1832 2350 concessimus
1883 2280 2138 2346 litteras
2170 2277 2493 2364 dupplicis

253 2390 458 2475 sigilli
507 2392 708 2460 nostri
758 2390 1109 2458 munimine
1159 2393 1515 2459 roboratas.
1547 2393 1785 2458 Datum
1821 2409 1935 2475 per
1965 2407 2197 2456 manus
2230 2387 2492 2455 discreti

255 2499 379 2568 viri
409 2500 707 2584 Magistri
737 2500 1175 2569 Bartholomei
1205 2499 1523 2587 Prepositi
1550 2497 1632 2566 de
1662 2499 1901 2584 Seepes
1933 2498 2082 2566 aule
2132 2503 2346 2563 nostre
2382 2495 2492 2561 Vi-

257 2607 743 2696 ce·Cancellarij
797 2608 1026 2676 dilecti·
1067 2615 1131 2675 et
1184 2606 1397 2677 fidelis
1447 2608 1671 2693 nostri,
1719 2626 1890 2674 anno
1921 2605 2183 2672 Domini
2217 2604 2316 2671 Μο
2348 2601 2490 2671 000

258 2719 696 2806 octuagesimo
744 2718 937 2787 tercio
989 2718 1116 2786 XII
1130 2730 1168 2786 ⁰.
1231 2715 1551 2786 kalendas
1602 2717 1897 2803 Januarij
1919 2768 1940 2803 ,
2014 2714 2221 2798 Regni
2272 2718 2487 2780 autem

260 2828 460 2895 nostri
490 2849 666 2897 anno
697 2827 1093 2896 duodecimo.

265 3061 527 3127 (Eredetie
553 3060 903 3131 b6rhirtyam
925 3062 1152 3129 melyrol
1180 3078 1214 3114 a
1234 3060 1419 3130 pecset
1438 3058 1692 3113 wredeke
1716 3060 1836 3113 auid
1865 3057 2318 3126 selyemzsinoron
2338 3054 2490 3123 fttgg,

847 3168 881 3204 a
918 3154 1082 3205 budai
1117 3154 1217 3204 kir.
1259 3154 1502 3205 kamarai
1541 3148 1925 3215 leveltarban.)
