3319 5249
1814 251 1901 321 48

1813 793 1922 860 29.

739 992 944 1061 Debes
974 994 1181 1061 midor
1231 996 1294 1060 62
1327 990 1593 1079 Gerqely
1624 992 1749 1057 bein
1778 994 1937 1058 mint
1984 962 2323 1059 vdlasitott
2360 991 2548 1058 birdk
2575 995 2798 1059 iteletet
2829 1018 2998 1060 mon-

739 1102 954 1167 danak
1001 1100 1208 1170 Jdnos
1274 1123 1470 1166 comes
1519 1101 1774 1188 Isip‘nek
1802 1100 1911 1183 fia
1958 1106 2020 1167 e's
2076 1098 2285 1167 Ochuz
2340 1124 2537 1167 comes
2585 1104 2750 1169 ko‘zt.
2804 1106 3029 1169 1273..

1808 1209 2015 1275 k'o’rill.

952 1426 1087 1494 Nos
1117 1425 1198 1491 D.
1229 1420 1587 1510 Palatinae,
1637 1422 1871 1490 Comes
1920 1421 2351 1509 Symigiensis
2406 1430 2470 1491 et
2517 1423 2732 1493 Judex
2764 1425 2994 1493 Cuma-

741 1556 986 1621 norum,
1042 1540 1106 1601 et
1138 1532 1488 1618 Gregorius
1530 1531 1751 1599 Banus
1800 1530 2035 1599 damus
2086 1551 2201 1618 pro
2250 1531 2579 1620 memoria,
2632 1534 2804 1618 quod
2853 1554 2995 1601 cum

737 1644 907 1712 inter
943 1643 1255 1711 Comitem
1287 1641 1648 1709 Johaunem
1682 1639 1884 1708 filium
1918 1639 2051 1726 Isip
2087 1647 2368 1708 actorem
2409 1642 2494 1708 ab
2525 1661 2657 1709 una
2688 1648 2896 1729 parte,
2935 1650 3002 1710 et

736 1753 1047 1822 Comitem
1101 1749 1321 1817 Ochuz
1374 1769 1454 1816 ex
1484 1750 1697 1817 altera
1746 1769 1938 1835 super
1986 1748 2160 1817 facto
2213 1756 2379 1818 terre
2427 1749 2697 1818 Chuona
2736 1758 2990 1837 uocate,

738 1867 802 1930 et
854 1857 1301 1927 destruccione
1372 1855 1661 1925 eiusdem
1715 1855 1986 1925 Comitis
2036 1856 2354 1925 Johannis
2403 1877 2596 1943 super
2644 1864 2819 1927 terra
2872 1877 2999 1925 sua

739 1967 864 2035 Sur
896 1973 1130 2034 uocata
1179 1985 1294 2050 por
1325 1966 1535 2051 ipsum
1570 1965 1884 2032 Comitem
1918 1964 2138 2032 Ochuz
2176 1963 2370 2053 facta,
2423 1970 2493 2031 ut
2524 1963 2784 2031 dicebat
2801 2012 2839 2045 ,‚
2866 1983 2998 2029 non

740 2063 812 2142 ut
835 2072 1114 2161 judices,
1163 2073 1281 2140 sed
1314 2082 1385 2142 ut
1415 2074 1665 2159 arbitry
1716 2071 1799 2141 de
1831 2075 2165 2142 uoluntate
2221 2073 2428 2161 partis
2459 2073 2795 2156 utriusque
2826 2073 2996 2139 arbi·

736 2188 1093 2265 tratemur3
1160 2180 1332 2248 idem
1395 2180 1626 2249 Comes
1690 2182 2025 2251 Johaunes
2090 2184 2461 2270 asserebat,
2526 2179 2701 2267 quod
2762 2182 3005 2249 Comes,

743 2289 960 2358 Ochnz
989 2288 1350 2376 predictam
1385 2296 1619 2355 terram
1670 2308 1853 2356 suam
1886 2288 2155 2358 Chuona
2205 2297 2504 2357 uocatam
2538 2287 2853 2357 detineret
2906 2290 2998 2353 in-

734 2397 948 2466 debite
996 2403 1412 2483 occupatam;
1459 2417 1495 2464 e
1535 2417 1847 2465 conuerso
1880 2398 2110 2465 Comes
2145 2396 2364 2464 Ochuz
2413 2397 2770 2484 respondit,
2812 2397 2990 2480 quod

737 2506 1093 2593 predictam
1114 2512 1355 2573 terram
1376 2505 1458 2574 de
1488 2498 1793 2591 precepto
1829 2505 2086 2573 domiue
2110 2504 2358 2589 Regine
2390 2506 2665 2574 senioris
2700 2525 2818 2573 sue
2851 2527 2994 2591 pro-

737 2613 1013 2684 teccioni
1045 2634 1160 2701 per
1190 2611 1463 2683 eandem
1498 2612 1905 2681 commissam
1946 2621 2255 2697 tanquam
2295 2621 2623 2700 protector
2657 2613 2992 2696 detineret,

739 2743 934 2807 super
982 2741 1107 2808 quo
1157 2724 1452 2810 partibus
1484 2722 2080 2808 assumpmentibus
2131 2722 2357 2791 taliter
2386 2742 2610 2791 sumus
2641 2723 2943 2791 arbitrati
2977 2747 2993 2788 ε

738 2828 924 2908 Quod
958 2830 1014 2897 si
1046 2827 1215 2896 seria
1264 2838 1452 2897 sexta
1502 2830 1801 2913 proxima
1852 2833 2001 2914 post
2031 2829 2314 2896 medium
2348 2831 2603 2897 XL·me
2642 2830 2995 2916 Segusdini

741 2959 959 3007 coram
994 2937 1243 3006 Comite
1265 2935 1571 3019 Gregorio
1602 2936 1740 3001 filio
1765 2934 2015 3020 lhanis,
2035 2935 2283 3003 Comite
2318 2935 2555 3003 Cosma
2586 2934 2665 3004 de
2686 2939 2993 3023 Koazma,

738 3049 989 3115 Comite
1039 3044 1389 3112 Pei-tholdo
1444 3051 1506 3110 et
1555 3043 1802 3111 Comite
1853 3043 2126 3111 Nicolao
2179 3043 2313 3110 filio
2366 3044 2603 3132 Ipoliti,
2643 3063 2804 3129 quos
2853 3046 2995 3112 uice

740 3173 1162 3242 personarum
1199 3158 1563 3217 nostrarum
1615 3150 1704 3215 ad
1738 3149 1859 3216 hoc
1894 3148 2367 3238 deputauimus,
2403 3151 2727 3237 predictus
2763 3152 2996 3220 Comes

737 3261 1069 3331 Johaunes
1134 3259 1390 3326 litteras
1442 3257 1729 3326 eiusdem
1789 3255 2046 3326 domine
2094 3259 2341 3342 Regino
2399 3261 2638 3345 poterit
2691 3259 2995 3328 exhibere

739 3369 972 3436 Comiti
1007 3367 1224 3434 Ochuz
1277 3365 1714 3452 transmissae,
1768 3367 1880 3450 qui
1909 3366 2212 3433 similiter
2251 3367 2343 3433 ibi
2372 3366 2563 3436 debet
2595 3387 2991 3454 comparere,

737 3476 1161 3561 continentes,
1210 3479 1281 3540 ut
1312 3470 1455 3559 ipse
1487 3474 1717 3540 Comes
1752 3471 1971 3540 Ochuz
2003 3473 2130 3560 ipsi
2183 3482 2421 3543 terram
2456 3495 2584 3541 non
2617 3474 2850 3543 debeat
2883 3475 2995 3543 de-

735 3585 961 3669 tinere,
1008 3581 1125 3650 sed
1157 3581 1362 3667 ipsam
1399 3579 1633 3647 Comiti
1667 3581 1949 3648 Johanni
1982 3583 2316 3668 permittat
2349 3581 2710 3670 possidere,
2758 3590 2991 3650 extunc

739 3692 968 3759 Comes
1003 3690 1219 3756 Ochuz
1250 3689 1463 3774 ipsam
1513 3696 1753 3756 terram
1805 3689 2126 3773 relinquet
2158 3710 2377 3758 coram
2410 3689 2695 3758 Johanni
2724 3691 2995 3779 pacifice

735 3796 1218 3885 possidendam.
1290 3795 1450 3863 Item
1523 3815 1719 3880 super
1767 3796 1945 3863 sacto
1997 3797 2307 3882 premisse
2359 3794 2825 3867 destruccionis
2877 3822 2993 3888 per

737 3928 858 3974 nos
890 3906 1109 3973 taliter
1159 3904 1373 3971 extitit
1421 3904 1821 3991 arbitratum,
1867 3903 2044 3986 quod
2074 3903 2245 3970 idem
2287 3902 2662 3990 Gregorius,
2701 3907 2991 3991 Cosmas,

735 4012 1122 4081 Pertholdus
1173 4016 1238 4077 et
1292 4011 1604 4079 Nicolaus
1643 4011 1947 4098 Comites,
1996 4031 2159 4093 quos
2210 4014 2351 4079 uice
2398 4013 2602 4079 nostri
2653 4014 2992 4100 deputaui-

739 4141 902 4206 mus,
950 4125 1020 4185 ut
1069 4117 1446 4204 premissum
1497 4124 1635 4204 est,
1687 4123 1751 4184 et
1800 4116 2015 4184 Endre
2063 4118 2231 4185 filius
2283 4120 2615 4186 Mortunus
2667 4119 2750 4190 de
2804 4129 2996 4206 parte

738 4226 1003 4294 Comitis
1055 4223 1369 4293 Johannis
1389 4276 1406 4309 ,
1453 4232 1517 4293 et
1568 4224 1919 4294 Farcasius
1973 4226 2142 4293 filius
2193 4224 2499 4294 Decimus
2541 4226 2620 4295 de
2659 4235 2844 4313 parte
2876 4230 2994 4297 Co-

739 4334 914 4401 mitis
962 4330 1180 4401 Ochuz
1230 4331 1644 4415 inquisitores
1689 4353 1888 4419 super
1936 4333 2234 4420 predicta
2282 4333 2747 4421 destruccione,
2800 4357 2991 4420 quam

739 4441 971 4509 Comes
1021 4438 1354 4506 Johaunes
1404 4461 1601 4527 super
1650 4449 1828 4510 terra
1885 4461 2006 4509 sua
2054 4441 2179 4509 Sur
2229 4448 2461 4510 uocata
2515 4463 2631 4529 per
2678 4444 2993 4513 Comitem

739 4547 958 4616 Ochuz
990 4546 1235 4617 factam
1285 4546 1565 4637 dicebat,
1607 4549 1817 4619 scient
1863 4556 1931 4619 et
1963 4549 2289 4634 inquirent
2338 4549 2403 4617 iu
2438 4551 2563 4618 fide
2596 4570 2815 4622 eorum
2846 4555 2990 4623 Deo
