3319 5249
1799 351 2022 453 442-

735 550 1053 635 cognatis,
1088 548 1448 633 cuicunque
1481 556 1544 615 et
1606 550 2126 635 quandocunque
2177 551 2490 638 uoluerit,
2564 549 3001 637 cuiuscunque

735 657 1167 725 alienacionis
1198 658 1548 724 transferre
1600 658 1808 744 titulo,
1874 658 2391 727 irrenocabiliter
2451 666 2770 745 perpetuo
2803 662 3001 745 possi-

734 764 1008 833 dendas.
1073 766 1149 831 In
1184 764 1366 832 cuius
1399 766 1494 833 rei
1555 766 1996 833 testimonium
2046 766 2280 833 efficax
2340 773 2409 835 et
2452 775 2839 852 perpetuam
2901 770 3001 834 fir·

733 874 1025 941 mitatem
1045 925 1063 958 ‚
1094 879 1428 959 presentes
1458 880 1717 942 nostras
1750 875 2203 960 priuilegialcs
2235 877 2680 946 concessimus
2725 880 3001 963 litterae,

738 981 941 1065 sigilli
977 982 1181 1048 nostri
1212 980 1541 1067 dupplicis
1572 980 1925 1050 karaktere
1954 984 2404 1051 communitas.
2436 986 2677 1055 Datum
2719 1005 2839 1073 per
2868 1007 2999 1053 ma·

734 1106 860 1153 nus
921 1086 1220 1171 Magistri
1279 1086 1603 1155 Theodori
1663 1089 1987 1177 Prepositi
2038 1091 2458 1161 Zebeniensis
2483 1143 2503 1176 ‚
2568 1094 2719 1161 aule
2784 1100 3002 1161 nostre

740 1194 895 1262 Vice
960 1194 1391 1280 Cancellarij‚
1464 1194 1692 1263 dilecti
1764 1202 1828 1264 et
1887 1196 2097 1265 fidelis
2155 1199 2418 1283 nostri3
2501 1218 2674 1267 anno
2740 1198 2998 1267 Domini

739 1302 1377 1390 M⁰CC⁰LXXX⁰V1⁰,
1412 1302 1775 1371 indiccione
1813 1303 2308 1389 quartadecima
2330 1326 2550 1376 mense
2589 1306 2993 1381 Nouembris,

729 1411 941 1494 Regni
987 1416 1203 1478 autem
1224 1411 1431 1478 nostri
1450 1410 1950 1497 quintodecimo.

918 1605 1019 1670 (Aa
1046 1607 1250 1661 eredeti
1278 1607 1413 1662 utha
1434 1611 1625 1663 Knsuz
1652 1606 1896 1673 Nssndon
1922 1611 2159 1678 Magyar
2194 1611 2325 1665 Sion
2353 1612 2457 1665 111.
2485 1611 2597 1664 kot.
2626 1614 2750 1664 692.
2778 1612 2839 1677 l.)

1786 2281 1938 2349 314.

734 2482 852 2545 IV.
889 2482 1118 2547 Leiszld
1146 2480 1505 2564 kirdlynak
1533 2480 1768 2565 Paaqh
1818 2478 2121 2567 helyseyet
2168 2485 2476 2565 tcirqyazd
2524 2482 2901 2567 adoma'nya
2933 2506 2974 2545 a

1127 2590 1517 2676 nyztlsziyeti
1549 2590 2011 2676 apdczazdrda
2042 2592 2367 2654 szdmdra.
2404 2589 2595 2657 1286.

944 2787 1081 2852 Nos
1109 2783 1460 2852 Ladizlaus
1508 2783 1634 2850 Dei
1687 2783 1912 2867 gracia
1959 2785 2105 2851 Rex
2151 2784 2484 2868 Hungarie
2537 2780 2979 2868 significamus

731 2892 1051 2959 vniuersis
1083 2892 1317 2974 quibus
1347 2889 1615 2977 expedit
1643 2891 2057 2975 presencium
2086 2909 2206 2975 per
2255 2898 2566 2976 tenorem,
2620 2890 2794 2973 quod
2825 2889 2976 2974 quia

730 2998 977 3065 Paulus
1009 2998 1219 3064 dictus
1249 2996 1528 3065 Chomoz
1562 2999 1644 3064 de
1681 3017 1919 3082 genere
1961 2996 2148 3065 Ghak
2186 2997 2464 3084 populos
2516 3006 2582 3064 et
2631 2997 2979 3082 possessio-

730 3126 848 3173 nes
878 3104 1169 3173 Ecclesie
1199 3105 1398 3171 Beate
1428 3104 1717 3188 Virginis
1747 3111 1812 3172 et
1842 3104 2097 3172 domine
2117 3104 2479 3190 Elysabeth
2498 3103 2741 3171 sororis
2766 3109 2982 3170 nostre

732 3211 1080 3280 karissime
1114 3211 1195 3278 de
1224 3210 1455 3277 Insula
1484 3209 1864 3279 deuastauit
1892 3216 1958 3277 ct
1989 3211 2347 3297 destruxit3
2398 3210 2731 3294 quandam
2763 3210 2984 3277 villam

730 3319 936 3404 ipsius
967 3319 1197 3402 Paagh
1225 3324 1544 3403 vocatam,
1575 3339 1769 3403 quam
1803 3337 1883 3384 ex
1915 3326 2140 3385 nostra
2170 3316 2530 3384 donacione
2581 3316 2983 3404 possidebat,

731 3433 864 3492 tum
897 3425 1154 3491 racione
1186 3425 1393 3512 ipsius
1427 3423 1893 3493 destruccionis
1926 3424 2135 3492 eidem
2170 3424 2460 3493 Ecclesie
2509 3430 2730 3492 nostre
2778 3424 2982 3509 illate,

732 3551 875 3599 cum
908 3532 1113 3598 eciam
1163 3553 1279 3618 pro
1312 3552 1409 3618 eo,
1463 3533 1616 3615 quia
1666 3531 1873 3599 maior
1922 3551 2075 3617 pars
2124 3540 2293 3598 terre
2345 3531 2516 3600 dicte
2547 3531 2708 3598 ville
2758 3531 2984 3616 Paagh

729 3638 1024 3707 Ecclesie
1052 3645 1275 3706 nostre
1304 3638 1389 3705 de
1418 3638 1723 3725 Theluky
1753 3637 1953 3706 fuisse
1982 3637 2218 3705 dicitur
2237 3688 2256 3721 ,
2308 3637 2660 3705 auferendo
2711 3644 2779 3704 et
2834 3638 2986 3705 alie-

730 3746 953 3814 nando
984 3752 1069 3812 ab
1101 3745 1346 3829 eodem,
1366 3766 1509 3813 cum
1539 3745 1837 3813 omnibus
1869 3744 2255 3814 vtilitatibus
2288 3753 2355 3811 et
2404 3744 2830 3830 pertinencijs
2851 3745 2986 3811 suis

730 3852 1016 3937 predicte
1047 3851 1305 3920 domine
1334 3854 1537 3920 sorori
1571 3859 1807 3936 nostre,
1838 3859 1901 3919 et
1930 3871 2047 3938 per
2078 3871 2227 3919 eam
2257 3852 2382 3939 ipsi
2414 3851 2706 3920 Ecclesie
2765 3858 2988 3918 contu-

731 3960 928 4026 limus
959 3960 1043 4026 dc
1071 3960 1295 4045 gracia
1324 3959 1600 4046 speciali
1619 3960 1760 4029 iure
1793 3966 2104 4045 perpetuo
2133 3966 2198 4026 et
2228 3957 2747 4027 irreuocabiliter
2777 3958 2984 4044 possi·

731 4065 1028 4134 dendam.
1058 4069 1299 4137 Datum
1353 4067 1537 4135 Bude
1567 4066 1733 4133 scria
1787 4066 2015 4151 quinta
2044 4065 2343 4153 proxima
2371 4074 2515 4152 post
2575 4065 2985 4134 Dominicam

728 4175 1103 4243 Palmarum
1135 4193 1306 4244 anno
1336 4172 1601 4242 Domini
1632 4171 1856 4240 M⁰oc⁰
1888 4173 2329 4259 octuagesimo
2361 4178 2567 4241 sexto.

733 4372 1002 4437 (Ercdetic
1022 4367 1368 4438 bothanyam
1393 4384 1429 4423 a
1449 4366 1604 4424 hhtul
1631 4371 1985 4436 odsnyomott
2008 4369 2189 4438 penset
2207 4371 2484 4432 elvcszett,
2504 4385 2542 4423 ι
2561 4369 2727 4422 budai
2747 4369 2855 4422 kir-
2884 4367 2978 4419 ka·

1554 4462 1728 4513 marai
1759 4456 2141 4527 leveltarbsn.)
