3319 5249
1723 324 1853 392 266

1682 890 1828 959 185.

644 1091 766 1156 IV.
802 1091 1033 1158 Ldezld
1062 1092 1284 1176 kirdly
1333 1090 1588 1175 helyben
1638 1097 1884 1179 haqw‘a
1917 1092 2174 1158 Mor-ian
2208 1091 2524 1157 comesnek
2554 1093 2893 1176 haqyoma'-

775 1204 933 1285 nycit
971 1223 1013 1262 α
1052 1199 1431 1284 nytilsziqeti
1468 1202 1921 1286 apdczazdrda
1953 1205 2274 1266 szdmcira.
2329 1202 2523 1265 1279.
2557 1199 2758 1264 ker-id.

857 1395 991 1462 Nos
1057 1386 1410 1462 Lad'izlaus
1461 1398 1592 1462 Dei
1644 1397 1869 1480 gracia
1922 1397 2062 1462 Rex
2117 1395 2403 1479 Vngarie
2453 1395 2896 1477 significamus

642 1499 873 1583 quibus
935 1499 1197 1587 expedit
1252 1507 1476 1569 tenore
1522 1503 1927 1587 presencium
1980 1502 2340 1589 vniuersiS,
2410 1502 2583 1586 quod
2633 1499 2897 1567 domina

645 1606 1006 1695 Elyzabeth
1047 1606 1401 1675 karissima
1452 1629 1630 1675 soror
1662 1617 1886 1677 nostra
1917 1630 2032 1695 per
2065 1610 2379 1676 Comitem
2412 1611 2668 1676 Petrum
2701 1607 2897 1674 offici-

642 1715 813 1782 alem
847 1735 1032 1781 suum
1066 1716 1427 1783 destinauit
1478 1718 1666 1783 nobis
1704 1722 2006 1802 patentes
2035 1719 2290 1784 litteras
2324 1715 2696 1802 Monasterij
2736 1717 2897 1783 Con-

643 1828 876 1888 uentus
908 1823 1333 1891 Varadiensis
1384 1844 1577 1909 super
1629 1823 2053 1892 ordinacione
2105 1832 2167 1889 et
2219 1825 2439 1906 legato
2471 1824 2896 1906 quarumdam

643 1930 1128 2014 possessionum
1163 1940 1227 1999 et
1258 1932 1594 2000 cuiusdam
1636 1940 1806 1999 terre
1839 1933 2109 2000 Comitis
2132 1931 2426 2017 Moryani
2449 1931 2565 2018 filij
2590 1932 2895 2017 Moriani‚

651 2036 859 2104 Anias
912 2038 1252 2127 videlicet,
1334 2040 1692 2109 qurholm
1752 2048 1816 2107 et
1865 2042 2074 2107 Koxol
2124 2047 2495 2106 vocatarum
2549 2038 2898 2123 confectas,

650 2153 878 2229 petens
912 2167 952 2212 a
982 2148 1169 2215 nobis
1204 2168 1346 2213 cum
1377 2149 1719 2233 instancia,
1754 2156 1824 2215 ut
1857 2151 2036 2234 ipsas
2070 2156 2247 2215 ratas
2279 2150 2540 2231 habere,
2574 2155 2639 2214 et
2656 2146 2898 2213 nostris

642 2254 1013 2339 patentibus
1061 2256 1296 2349 litteris
1354 2257 1766 2340 dignaremur
1815 2257 2215 2324 confirmare.
2296 2253 2582 2331 Quarum
2636 2254 2896 2339 quidem

645 2363 1012 2448 patencium
1047 2363 1406 2430 litterarum
1447 2371 1630 2431 tenor
1667 2363 1819 2431 talis
1853 2371 1991 2431 est:

862 2472 1425 2540 Excellentissimo
1479 2473 1738 2539 domino
1790 2493 1909 2540 suo
1950 2474 2260 2541 Ladizlao
2295 2474 2418 2539 stb.
2471 2470 2896 2557 (kovetkezik

645 2598 688 2644 a
738 2579 966 2648 varadi
1017 2580 1440 2650 konventnek
1489 2581 1748 2649 Morian
1783 2600 1997 2648 comes
2048 2581 2534 2669 hagyomAnyat
2586 2582 2898 2665 targyazo

648 2691 798 2757 184.
833 2707 922 2755 sz.
958 2708 1017 2753 a.
1052 2686 1441 2774 okmanya.)

858 2796 992 2861 Nos
1042 2796 1263 2880 itaque
1311 2798 1748 2883 peticionibus
1800 2798 2003 2880 ipsius
2056 2797 2315 2865 domine
2347 2798 2665 2882 Elyzabet
2696 2796 2898 2863 karis-

644 2904 808 2969 sime
840 2902 1078 2970 sororis
1128 2911 1343 2971 nostre
1392 2904 1690 2971 inclinati
1723 2905 1930 2972 dictas
1961 2913 2261 2990 patentes
2292 2906 2541 2972 litteras
2575 2904 2657 2973 de
2694 2906 2898 2972 uerbo

646 3011 733 3078 ad
766 2997 1033 3077 uerbum
1065 3013 1471 3095 presentibus
1503 3012 1707 3079 inseri
1738 3013 2037 3079 faciendo
2068 3020 2244 3081 ratas
2278 3013 2589 3081 babentes
2624 3023 2690 3080 et
2721 3029 2899 3078 acce·

645 3124 793 3204 ptas
826 3120 1213 3188 auctoritate
1243 3122 1651 3206 presencium
1691 3121 2164 3188 confirmamus.
2205 3122 2444 3188 Datum
2479 3120 2540 3185 in
2567 3120 2899 3204 Sceyksou

646 3245 816 3292 anno
850 3228 1104 3293 Domini
1140 3229 1228 3294 Μο
1261 3227 1391 3295 000
1423 3228 1888 3313 octuagesimo.

1044 3405 1143 3471 Ὶ(Α
1191 3408 1357 3459 budai
1397 3404 1769 3473 kaptalannak
1801 3410 1918 3459 186.
1949 3428 2020 3461 ει.
2054 3426 2100 3459 a.
2133 3407 2470 3472 atiratabol.)

1560 3625 1982 3635 ———

1693 3960 1843 4027 186.

647 4140 705 4207 A
740 4142 936 4208 budni
966 4143 1286 4229 kdptalan
1336 4145 1548 4228 citirja
1597 4139 1717 4207 IV.
1753 4141 1982 4208 Ldszld
2012 4143 2361 4227 kira'lynak
2411 4144 2671 4207 Mor-ian
2705 4166 2897 4207 comes

890 4253 1367 4337 haqyomdnycit
1407 4256 1777 4335 meyerlisito'
1814 4252 2174 4334 okma‘nydt.
2213 4251 2405 4316 1279.
2441 4250 2646 4314 kornl.

861 4411 996 4478 Nos
1049 4411 1415 4497 Capitulum
1464 4411 1789 4479 Budcnsis
1840 4411 2133 4478 Ecclesie
2189 4412 2631 4493 significamus
2671 4409 2904 4494 quibus

650 4515 914 4603 expedit
946 4517 1267 4586 vniuersis
1298 4518 1703 4605 presencium
1735 4539 1854 4605 per
1888 4523 2193 4600 tenorem,
2228 4515 2400 4601 quod
2432 4515 2772 4602 religiosus
2805 4518 2902 4592 uir

648 4625 854 4694 frater
887 4625 1132 4694 Paulus
1167 4625 1533 4695 Conuersus
1585 4625 1668 4692 de
1697 4623 1938 4694 Ordine
1969 4626 2271 4693 Fratrum
2302 4624 2792 4692 Predicatorum
2826 4625 2907 4691 de
