3319 5249
1908 347 2039 416 306

851 544 1054 633 sigilli
1104 546 1308 614 nostri
1356 541 1708 614 munimine
1744 545 2104 614 roboratas.
2137 545 2376 612 Datum
2407 541 2721 630 Strigonij
2756 564 2917 611 anno
2947 543 3059 611 Do·

850 654 1010 720 mini
1056 653 1402 722 millesimo
1451 650 1885 722 ducentesimo
1930 652 2360 739 octoagesimo
2406 652 2631 738 primo.

851 888 1122 955 (Er-edetis
1141 886 1489 955 bssrhartyam
1513 889 1767 956 melynek
1793 893 1947 940 votos
1968 886 2421 954 selyemzsinoron
2446 891 2661 956 fflggott
2685 885 2914 956 pecsetje
2934 884 3063 939 elve-

1337 987 1511 1044 szott;
1549 996 1583 1032 a
1619 981 1786 1032 budai
1822 981 1927 1035 kir.
1952 982 2193 1033 kamarai
2216 978 2594 1049 leveltbrban.)

1897 1841 2055 1911 219.

861 2060 960 2126 Az
990 2062 1355 2148 eszterqami
1385 2061 1834 2147 kdptalannak
1862 2058 2407 2146 bizonysdqlevele,
2439 2057 2605 2146 hoqy
2633 2057 2932 2149 Sto-oqeai
2970 2059 3073 2126 Τα-

912 2174 1050 2238 mds
1080 2191 1296 2250 comes,
1331 2171 1396 2235 e‘s
1426 2165 1664 2236 Miklda
1693 2169 1975 2256 ndqrddi
2005 2177 2267 2256 caperest
2294 2167 2589 2254 bizonyos
2612 2189 2796 2256 peres
2825 2179 3013 2260 ilqyro

1301 2279 1486 2344 ndzve
1515 2278 1978 2364 bardtsdqoaan
2007 2277 2420 2366 eqyezkedtek.
2455 2277 2648 2343 1281.

1067 2510 1203 2576 Nos
1235 2506 1602 2594 Capitulum
1634 2507 2093 2595 Strigoniensis
2126 2508 2419 2576 Ecclesie
2448 2509 2754 2576 memorie
2775 2528 3075 2578 commen-

854 2618 1101 2702 damus,
1154 2617 1327 2703 quod
1374 2617 1577 2686 nobili
1626 2617 1765 2685 uiro
1801 2616 2049 2687 Comite
2079 2616 2331 2685 Thoma
2362 2617 2494 2685 filio
2524 2616 2773 2685 'rhome
2808 2618 2893 2688 de
2923 2618 3077 2686 Stro-

853 2747 981 2814 gea
1011 2726 1370 2795 Comitatus
1420 2723 1933 2810 Neugradiensis
1977 2727 2234 2793 nomine
2259 2724 2496 2793 nobilis
2527 2725 2650 2793 viri
2683 2726 2954 2795 Comitis
2983 2725 3083 2793 Mi-

852 2834 1095 2903 chaelis
1145 2833 1264 2919 filij
1317 2833 1562 2901 Folkus
1611 2836 1698 2900 ab
1740 2855 1869 2901 una
1898 2841 2103 2921 parte,
2136 2834 2303 2900 sicut
2333 2833 2515 2918 dixit,
2549 2841 2613 2900 et
2644 2833 2923 2903 discreto
2952 2836 3079 2903 viro

853 2943 1115 3010 domino
1146 2940 1417 3010 Nicolao
1452 2940 1929 3009 Archidiacono
1946 2941 2428 3028 Neugradiensi
2459 2942 2764 3010 similiter
2794 2963 2912 3028 pro
2943 2962 3010 3009 se
3026 2947 3082 3006 et

855 3070 972 3138 pro
1023 3049 1267 3118 Comite
1315 3049 1613 3117 Bothond
1665 3050 1862 3119 fratre
1906 3072 2022 3118 suo
2053 3054 2136 3119 ab
2168 3052 2376 3119 altera
2407 3057 2588 3138 parte
2619 3051 2687 3117 in
2716 3051 2923 3120 nostri
2953 3069 3080 3138 pre·

852 3158 1076 3227 sencia
1093 3160 1484 3246 constitutis,
1507 3160 1782 3227 relatum
1818 3159 2031 3226 extitit
2052 3159 2452 3228 concorditer
2479 3180 2594 3246 per
2623 3158 2908 3248 eosdem,
2927 3157 3083 3243 qnod

850 3288 1044 3353 super
1092 3266 1365 3335 materia
1414 3267 1789 3352 questionis,
1827 3288 2018 3351 quam
2052 3268 2226 3338 idem
2256 3268 2771 3344 Archidiaconus
2805 3277 2869 3337 et
2901 3270 3083 3335 frater

851 3376 989 3445 eius
1035 3384 1261 3443 contra
1310 3375 1523 3462 ipsum
1555 3376 1942 3446 Michaelem
1975 3379 2181 3445 filium
2211 3377 2459 3445 Fulkos
2491 3386 2830 3446 mouerant
2856 3379 2923 3445 in
2953 3394 3084 3463 pre·

850 3483 1076 3552 sencia
1105 3483 1354 3554 Judicis
1384 3484 1572 3554 Curie
1602 3485 1847 3553 domini
1899 3486 2115 3570 Regis,
2149 3493 2212 3553 et
2242 3486 2495 3554 diucius
2526 3493 2993 3572 processerant,
3023 3481 3084 3550 in

851 3592 972 3660 hoc
1003 3592 1178 3662 facto
1210 3592 1537 3662 mediante
1567 3594 1839 3662 arbitrio
1871 3596 2183 3663 bonorum
2204 3593 2552 3682 hominum,
2575 3616 2656 3662 ex
2672 3596 3085 3681 permissione

853 3702 1140 3771 eiusdem
1189 3701 1439 3771 Judicis
1486 3722 1603 3791 per
1653 3703 2062 3771 amicabilem
2113 3703 2651 3790 composicionem
2700 3703 2874 3771 inter
2916 3705 3089 3790 ipsas

850 3814 1076 3897 partes
1109 3811 1331 3879 taliter
1363 3812 1579 3880 extitit
1610 3813 1994 3899 ordinatum,
2024 3812 2465 3881 renunciando
2499 3813 2710 3880 eidem
2744 3813 2845 3880 liti
2878 3821 2943 3880 et
2963 3811 3091 3879 suis

848 3919 1141 3988 articulis
1187 3921 1542 3989 vniuersis:
1591 3920 1780 4000 Quod
1832 3919 2157 4009 predictus
2208 3920 2718 3989 Archidiaoonus
2772 3929 2838 3989 et
2869 3922 3089 3989 Comes

848 4025 1106 4094 Botond
1159 4027 1364 4095 frater
1421 4029 1559 4097 eius
1601 4028 1745 4115 pari
1780 4035 1844 4097 et
1876 4050 2165 4098 consona
2194 4029 2531 4098 voluntate
2561 4028 2642 4096 de
2671 4037 2847 4097 terra
2879 4047 3089 4099 eorum

853 4134 1165 4203 Pehchan
1213 4138 1575 4218 nominata,
1628 4158 1753 4221 que
1804 4137 1872 4204 in
1921 4137 2267 4224 priuilegio
2330 4136 2751 4206 discretorum
2809 4139 3084 4205 virorum

855 4242 1180 4313 Budensis
1230 4244 1514 4331 Capituli
1554 4245 1794 4313 dicitur
1823 4246 2158 4332 contineri,
2193 4245 2606 4333 septuaginta
2624 4248 2866 4333 jugera
2896 4254 3090 4313 terra·

852 4372 991 4418 rum
1043 4352 1392 4421 arabilium
1432 4354 1500 4421 in
1530 4353 1869 4423 vicinitate
1900 4362 2070 4422 terre
2100 4352 2390 4424 eiusdem
2419 4353 2759 4422 Michaelis
2787 4348 3088 4421 Pehchan

849 4458 1146 4530 similiter
1192 4469 1580 4551 nuncupate,
1627 4483 1745 4551 pro
1795 4463 1967 4531 bono
2016 4464 2155 4531 siue
2195 4463 2529 4531 commodo
2565 4462 2747 4550 pacis
2777 4463 2947 4530 inter
2976 4462 3087 4528 has

850 4577 1065 4656 partes
1113 4571 1583 4665 perpetualiter
1636 4571 2040 4641 obseruando
2089 4570 2300 4640 eidem
2332 4572 2637 4641 Michaeli
2670 4578 2735 4640 et
2764 4570 2901 4638 suis
2930 4569 3083 4656 filijs

849 4698 929 4744 ac
960 4682 1447 4763 posteritatibus
1479 4686 1848 4751 statuerunt
1878 4689 1941 4751 et
1973 4681 2377 4751 tradiderunt
2406 4688 2723 4768 perpetuo
2743 4687 2804 4748 et
2821 4677 3087 4768 pacifice
