3319 5249
1892 309 2102 410 156—

1031 502 1078 577 ’ί-
1113 504 1250 588 Ego
1300 542 1375 550 —
1431 540 1517 552 —-
1564 540 1651 552 —
1698 506 2029 573 Presbiter
2060 506 2432 574 Cardinalis
2465 529 2552 576 se.

1031 610 1078 685 ’ί-
1113 611 1251 694 Ego
1282 612 1638 680 Riccardus
1691 614 1915 681 Sancti
1945 616 2179 699 Angeli
2213 617 2544 685 Diaconus
2576 618 2953 687 cardinalis
2985 641 3074 687 ss.

1027 719 1077 793 †
1110 721 1248 803 Ego
1280 720 1616 788 Johannes
1646 724 1872 790 Sancti
1904 723 2159 791 Nicolai
2184 723 2252 790 in
2274 724 2552 794 Carcerc
2574 728 2880 795 Tulliano
2912 729 3073 794 Dia-

1278 847 1476 896 conus
1511 829 1881 898 Cardinalis
1903 851 1990 899 ss.

1024 937 1073 1011 †
1106 937 1246 1020 Ego
1280 935 1435 1005 Otto
1495 974 1566 984 —
1624 977 1700 985 -—
1753 976 1842 987 -
1888 941 2223 1010 Diaconus
2265 940 2637 1011 cardinalis
2671 963 2759 1011 ss.

1024 1044 1074 1118 †
1104 1045 1245 1127 Ego
1296 1080 1381 1092 —
1432 1083 1509 1091 —
1566 1084 1643 1092 —
1698 1049 2028 1115 Diaconus
2063 1047 2436 1118 cardinalis
2468 1071 2557 1117 ss.

1022 1151 1069 1225 †
1103 1151 1245 1235 Ego
1295 1188 1381 1202 --
1431 1190 1518 1202 -
1570 1192 1645 1200 —
1700 1153 2026 1223 Diaconus
2064 1156 2438 1225 cardinalis
2470 1177 2557 1225 ss.
2617 1224 2639 1239 ,

1021 1258 1070 1332 †
1101 1260 1240 1342 Ego
1296 1298 1367 1310 -
1431 1298 1504 1308 —
1563 1299 1640 1307 —
1700 1263 2029 1332 Diaconus
2062 1263 2434 1333 cardinalis
2466 1287 2553 1333 ss.

1020 1402 1256 1468 Datum
1309 1403 1616 1472 Laterani
1669 1428 1785 1493 per
1823 1429 2083 1475 manum
2136 1409 2430 1492 Magistri
2478 1410 2652 1475 Petri
2704 1411 2788 1477 de
2818 1410 3066 1476 Medio-

805 1505 958 1573 lano
990 1510 1228 1577 Sancte
1264 1511 1557 1580 Romane
1607 1514 1897 1583 Ecclesic
1947 1515 2520 1604 Vicecancellarij,
2595 1518 2773 1584 XIII.
2836 1517 3065 1584 kalen-

805 1612 923 1681 das
1011 1617 1190 1701 Junij
1253 1618 1610 1689 Indictione
1689 1621 1866 1706 1111„
1944 1624 2415 1692 Incarnationis
2482 1624 2819 1693 Dominice
2885 1645 3063 1692 anno

800 1722 1378 1811 M⁰GC⁰LXX⁰VI⁰‚
1428 1728 1849 1797 Pontificatus
1881 1750 2036 1798 uero
2067 1732 2331 1800 Domini
2368 1733 2727 1818 Innocentij
2763 1735 2945 1820 Pape
2979 1736 3060 1800 V.

799 1850 973 1896 anno
1008 1852 1234 1916 primo.

799 2008 1076 2073 (Eredetic
1106 2013 1459 2087 biiffiaeirtyan,
1501 2021 1724 2086 melyro'l
1776 2039 1809 2074 a
1859 2020 2002 2090 papa
2053 2021 2409 2090 olombullaija
2454 2022 2799 2091 verbs-sarga
2823 2026 3056 2091 selyem-

797 2098 1045 2151 zsinbron
1084 2104 1233 2170 siigg,
1286 2108 1622 2175 magrongalt
1674 2109 1995 2179 allapotban
2036 2113 2093 2166 es
2133 2116 2367 2166 uehezen
2419 2115 2740 2177 olvashat63
2784 2131 2838 2193 ’a
2888 2116 3056 2165 budai

796 2187 901 2237 kir.
946 2188 1191 2243 kamarai
1231 2195 1587 2252 leveltarban.
1626 2201 1936 2255 Torodeket
1973 2205 2186 2257 k‘ozolte
2226 2204 2386 2270 Fejer
2447 2207 2578 2258 Cod.
2637 2205 2788 2272 Dipl.
2827 2207 2891 2258 V.
2918 2205 2973 2258 k.
3001 2209 3052 2257 2.

1778 2309 1819 2349 r.
1858 2295 1981 2344 3⁶7.
2006 2293 2065 2359 l.)

1707 2535 2135 2548 ———-

1849 2958 2000 3063 194.

787 3144 848 3210 A
879 3146 1120 3213 budaik
1160 3154 1568 3236 ciptczlannak
1620 3157 2167 3246 bizonyodylevcle,
2217 3165 2381 3248 hoqy
2452 3164 2638 3227 Rusd
2685 3166 3049 3249 nemzetse'y-

784 3253 904 3319 beli
952 3255 1203 3343 Mihcily
1252 3283 1450 3325 comes
1504 3266 1565 3328 e's
1597 3268 1867 3333 rokonai
1921 3269 2103 3334 Zada
2153 3273 2215 3335 e's
2275 3271 2521 3336 Tarcha
2570 3281 2728 3336 nevil
2762 3270 3049 3356 foldeket

1223 3367 1358 3433 t'o'bb
1389 3374 1811 3440 serviense'nek
1842 3378 2368 3462 adomcinyoztcik.
2420 3382 2614 3446 1276.

1300 3565 1363 3633 A
1885 3573 1939 3637 Β
2462 3576 2513 3642 C

999 3737 1317 3812 Omnibus
1350 3744 1417 3812 in
1452 3748 1711 3816 Christo
1763 3750 1870 3835 pie
1924 3752 2367 3822 uiuentutibus
2418 3762 2751 3841 presentes
2790 3755 3044 3823 litteras

776 3847 1169 3931 inspecturis
1215 3851 1579 3939 Capitulum
1630 3856 1954 3926 Budensis
2004 3861 2302 3930 Ecclesie
2350 3863 2629 3931 salutem
2684 3863 2751 3928 in
2804 3864 3040 3930 salutis

776 3953 1107 4038 largitore.
1153 3958 1257 4024 Ad
1297 3962 1744 4032 uniuersitatis
1798 3975 2013 4036 uestre
2064 3971 2372 4038 noticiam
2427 3971 2832 4058 presencium
2886 3972 3039 4038 insi·

775 4063 1090 4132 nuacione
1123 4070 1419 4137 nolumus
1452 4075 1798 4157 peruenire
1819 4125 1836 4159 ‚
1889 4075 2061 4160 quod
2090 4079 2291 4145 nobili
2326 4081 2465 4148 viro
2499 4080 2747 4148 Comite
2797 4079 3040 4146 Micha-

773 4167 874 4234 ele
906 4169 1038 4239 filio
1072 4175 1288 4242 Endre
1342 4176 1423 4245 de
1456 4201 1695 4264 genere
1753 4184 1932 4250 Rusd
1984 4206 2117 4252 vna
2170 4208 2317 4255 cum
2367 4188 2701 4256 Demetrio
2733 4187 2867 4254 filio
2902 4207 3040 4274 suo,

772 4295 889 4359 pro
921 4299 992 4345 se
1027 4289 1091 4346 et
1121 4304 1242 4368 pro
1275 4287 1526 4357 Comite
1544 4292 1879 4360 Demetrio
1915 4292 2168 4363 uterino
2189 4296 2388 4364 fratre
2410 4318 2528 4364 suo
2560 4298 2646 4363 ab
2668 4318 2799 4364 una
2818 4305 3038 4383 parte3

774 4384 994 4473 Esten,
1039 4395 1102 4454 ct
1134 4392 1403 4461 Lukach
1437 4398 1639 4466 fratre
1694 4401 2025 4490 eiusdem,
2075 4405 2377 4474 Johanne
2427 4413 2491 4473 ct
2539 4404 2874 4488 Michaele,
2905 4425 3037 4472 ser-

664 4529 675 4538 x
776 4493 1105 4565 uientibus
1167 4501 1451 4569 eiusdem
1492 4508 1760 4576 Comitis
1804 4511 2144 4580 Michaelis
2178 4514 2265 4580 ab
2297 4515 2524 4598 altera,
2577 4532 2797 4580 coram
2847 4514 3038 4580 nobis

770 4606 1200 4688 personaliter
1234 4612 1632 4700 constitutis;
1697 4616 1829 4683 iam
1883 4616 2097 4687 dictus
2147 4619 2426 4689 Michael
2480 4621 2563 4689 de
2612 4640 2932 4690 consensu
2967 4627 3032 4687 et
