3319 5249
1358 306 1490 377 489

265 502 753 590 ‘strigoniensis
785 502 1088 569 Ecclesie
1118 510 1430 588 perpetuo
1477 503 1614 572 iure
1666 512 1731 572 et
1776 504 2292 573 irreuocabiliter
2341 506 2549 593 possi-

269 614 571 681 dendam
609 618 677 680 et
705 610 1102 681 habendam.
1134 610 1211 678 In
1264 611 1452 679 cuius
1500 612 1890 680 donacionis
1943 612 2383 680 testimonium
2433 632 2545 680 no·

276 730 481 790 strum
515 717 932 804 priuilegium
964 737 1109 785 cum
1140 717 1451 804 pendenti
1482 726 1701 787 nostro
1754 720 1975 805 sigillo
2027 719 2238 789 eidem
2294 720 2543 805 Strigo·

272 825 494 894 niensi
528 824 835 911 capitulo
867 825 955 891 ad
1001 824 1389 911 peticionem
1422 825 1714 894 eiusdem
1748 826 1991 895 domini
2013 809 2339 896 'Ladizlai
2402 829 2553 893 Pre-

278 932 475 1020 positi
505 931 808 999 duximus
837 930 1338 999 concedendum.
1369 932 1614 1002 Datum
1642 955 1759 1021 per
1808 955 2039 1003 manus
2091 933 2339 1004 domini
2391 934 2546 1000 Far·

272 1040 454 1124 -kasij
511 1039 800 1107 Lectoris
850 1037 1143 1107 Ecclesie
1172 1046 1426 1126 nostre;
1457 1061 1629 1108 anno
1663 1042 1746 1109 ab
1775 1041 2250 1110 Incarnacione
2280 1040 2546 1109 Domini

276 1147 522 1213 M⁰CC⁰
553 1146 994 1230 octuagesimo
1033 1152 1288 1233 octauo,
1322 1149 1600 1233 septimo
1631 1147 1970 1223 kalendas,
1994 1149 2179 1235 Maij.

456 1343 556 1407 (Az
583 1343 784 1395 eredeti
808 1341 941 1397 υἱέα
967 1346 1161 1397 Knauz
1186 1342 1426 1409 Nautior,
1460 1348 1689 1412 Magyar
1715 1346 1847 1398 Sion
1867 1349 1972 1398 111.
2000 1347 2113 1399 ket.
2143 1347 2265 1399 695.
2292 1347 2352 1414 l.)

1203 1642 1634 1660 m

1347 2158 1499 2224 350.

293 2356 351 2420 A
369 2357 674 2442 pozse'qai
701 2357 1155 2439 kdptalannak
1186 2357 1743 2443 bizonysdylevcle,
1795 2361 1960 2442 hoyy
2013 2356 2288 2444 Gerqely
2340 2381 2540 2425 comcs

290 2464 653 2549 Zoyda'nak
666 2464 775 2545 fia
817 2465 879 2527 Y
871 2465 1174 2528 emach-i
1192 2464 1597 2528 birtolcrdsze‘t
1633 2466 1879 2551 Zoyda‚
1915 2466 2179 2552 Mdtycis
2212 2488 2410 2532 comes
2424 2467 2550 2548 fici-

1102 2572 1231 2636 nak
1252 2572 1499 2638 ‘eladtm
1533 2574 1728 2639 1288.

980 2773 1040 2832 A
1412 2768 1466 2833 Β
1836 2768 1886 2834 C

506 2963 879 3046 Capitulum
900 2963 1189 3030 Ecclesie
1223 2964 1413 3030 Beati
1443 2963 1622 3029 Petri
1654 2961 1737 3029 de
1758 2965 2015 3047 Posoga
2038 2965 2336 3032 omnibus
2361 2961 2541 3031 Chri-

291 3072 376 3139 sti
407 3071 706 3136 fidelibus
739 3078 872 3136 tam
909 3071 1320 3155 presentibus
1354 3092 1547 3152 quam
1582 3071 1818 3137 futuris
1856 3072 2130 3138 salutem
2166 3072 2232 3135 in
2265 3071 2543 3138 Domino

292 3180 778 3265 sempiternam.
812 3176 917 3241 Ad
953 3177 1406 3244 vniuersorum
1448 3180 1756 3245 noticiam
1778 3179 2006 3244 harum
2030 3178 2196 3244 serie
2247 3179 2543 3245 volumus

290 3287 650 3372 peruenire,
683 3285 855 3368 quod
889 3285 1204 3367 Gregorio
1238 3284 1489 3351 Comite
1522 3286 1653 3352 filio
1715 3283 1938 3371 Zoyda
1989 3286 2071 3350 ab
2135 3306 2266 3350 vna
2330 3292 2534 3370 parte,

290 3393 519 3478 Zayda
550 3393 678 3457 filio
715 3391 984 3457 Comitis
1015 3392 1257 3458 Mathie
1289 3412 1512 3458 coram
1543 3394 1732 3459 nobis
1766 3391 2198 3478 personaliter
2232 3393 2540 3459 constitu-

290 3508 426 3583 tus;
461 3499 634 3564 idem
669 3497 901 3564 Comes
937 3499 1013 3566 G.
1045 3499 1386 3566 confessus
1420 3505 1517 3567 est
1548 3500 1704 3566 viua
1758 3520 1936 3585 voce,
1974 3499 2147 3582 quod
2201 3499 2531 3581 quandam

289 3606 674 3689 particulam
706 3612 875 3671 terre
907 3625 1024 3671 sue
1055 3605 1377 3672 Yelseuch
1409 3615 1732 3690 vocatam,
1765 3606 1951 3673 iuxta
2000 3614 2237 3672 terram
2271 3606 2537 3673 Comitis

290 3710 548 3776 Nicolai
579 3712 660 3776 ab
694 3713 939 3778 oriente
992 3712 1422 3797 adiacentem,
1486 3735 1602 3798 pro
1671 3712 1888 3778 debito
1950 3719 2089 3778 octo
2154 3733 2537 3799 marcarum,

286 3818 520 3901 quibus
554 3818 929 3901 supradicto
962 3819 1186 3904 Zoyde
1223 3822 1584 3907 tenebatur,
1634 3820 1849 3886 eidem
1881 3820 2105 3904 Zoyde
2147 3819 2550 3884 vendidisset

286 3932 601 4010 perpetuo
654 3924 1161 4012 possidendam3
1197 3926 1700 4012 assumpmendo
1735 3926 2010 3992 eundem
2043 3932 2268 3993 tenere
2297 3927 2364 3992 in
2399 3927 2547 4011 ipsa

288 4037 481 4118 terra,
516 4038 650 4098 tam
675 4052 717 4098 a
738 4052 830 4120 se,
869 4053 1061 4117 quam
1096 4057 1137 4101 a
1157 4030 1314 4120 filijs
1348 4035 1483 4103 suis
1509 4059 1524 4121 3
1558 4036 1654 4102 ita
1685 4034 1860 4118 quod
1889 4034 2254 4120 quicunque
2275 4034 2552 4101 eundem

285 4137 578 4225 Zoydam
609 4140 870 4208 racione
904 4142 1110 4223 ipsius
1140 4146 1310 4208 terre
1344 4142 1657 4229 impetere
1688 4142 1988 4229 voluerit,
2026 4141 2222 4228 ydem
2274 4138 2349 4206 G.
2401 4161 2548 4209 cum

291 4247 445 4332 filijs
478 4245 613 4311 suis
647 4246 972 4313 tenebitur
1009 4245 1312 4334 expedire
1346 4247 1626 4334 proprijs
1693 4247 2025 4314 laboribus
2090 4255 2154 4315 et
2216 4248 2543 4334 expensis.

282 4352 360 4418 Si
389 4371 550 4418 nero
582 4351 891 4437 expedire
921 4375 1051 4421 non
1081 4362 1315 4440 posset,
1352 4355 1433 4422 de
1466 4360 1643 4421 terra
1675 4374 1801 4421 sua
1829 4353 2231 4422 hereditaria
2257 4355 2266 4361 ’
2294 4355 2366 4420 in
2416 4356 2550 4425 alio

294 4460 454 4544 loco,
484 4459 594 4527 vbi
627 4460 856 4546 Zoyda
885 4463 1185 4550 voluerit,
1220 4457 1460 4536 terram
1492 4463 1658 4529 tanti
1688 4465 1934 4530 valoris
1983 4470 2052 4530 et
2085 4468 2265 4529 tante
2313 4462 2549 4533 vtilita-

284 4566 372 4631 tis
402 4572 695 4635 statuere
726 4567 994 4637 debebit
1025 4589 1145 4655 pro
1178 4570 1432 4638 eadem.
1464 4569 1665 4638 Cuius
1699 4572 1894 4651 terre,
1915 4568 2087 4637 sicut
2103 4565 2276 4637 idem
2309 4565 2543 4639 Comes
