3319 5249
1903 424 2036 489 530

824 625 1169 690 bitrantes.
1202 621 1566 705 Eapropter
1585 623 1648 686 te
1680 617 1989 685 Ordinem
2023 618 2324 684 Fratrum
2357 618 2674 684 Minorum
2708 614 3101 702 professum,

829 730 908 799 de
942 728 1211 796 fratrum
1241 734 1608 795 nostrorum
1643 724 1918 792 consilio
1950 775 1971 811 ,
2006 722 2219 793 eidem
2271 724 2564 792 Ecclesie
2599 724 2669 790 in
2701 722 3104 810 Episcopum

826 837 1224 926 prefecimus
1255 843 1321 904 et
1346 843 1699 922 pastorem,
1745 830 1922 920 (tibi)
1955 852 2173 899 curam
2231 842 2297 899 et
2328 830 2968 900 administrationem
2998 831 3098 917 ip·

726 927 731 930 ‚
830 948 969 1013 sius
998 943 1343 1028 Veglensis
1395 941 1687 1009 Ecclesie
1739 941 2174 1028 spiritualiter
2225 947 2289 1007 et
2322 940 2775 1025 temporaliter
2826 940 3099 1008 conmit-

829 1053 1063 1136 tendo;
1095 1051 1283 1118 firma
1314 1050 1396 1117 de
1445 1057 1510 1117 te
1560 1057 1875 1136 concepta
1907 1048 2147 1115 fiducia
2172 1100 2190 1134 ,
2241 1048 2416 1132 quod
2448 1048 2774 1133 dirigente
2810 1048 3100 1115 Domino

835 1178 950 1244 per
981 1167 1167 1226 actus
1187 1167 1331 1225 tuos
1351 1157 1513 1226 inibi
1534 1159 1747 1224 cultus
1766 1157 2045 1225 Divinus
2066 1157 2426 1242 augebitur,
2448 1162 2516 1222 et
2547 1154 2775 1222 eadem
2799 1155 3103 1224 Ecclesia

830 1285 950 1351 per
980 1275 1089 1337 tue
1121 1267 1718 1353 circumspectionis
1776 1264 2164 1333 industriam
2218 1267 2288 1333 in
2340 1265 2794 1351 spiritualibus
2845 1275 2909 1333 et
2941 1274 3100 1334 tem-

829 1373 1163 1461 poralibus
1196 1393 1507 1462 prospere
1541 1373 1875 1461 dirigetur,
1912 1383 1973 1441 et
2006 1373 2317 1462 salubria,
2338 1374 2536 1441 dante
2554 1375 2857 1456 Domino,
2890 1375 3096 1442 susci·

828 1480 966 1568 piet
994 1482 1415 1551 incrementa.
1468 1483 1860 1551 Reverenter
1889 1481 2088 1567 igitur
2117 1480 2379 1567 suscipe
2437 1482 2662 1566 iugum
2697 1480 2994 1570 Domini,
3030 1488 3096 1547 et

830 1590 1017 1659 suavi
1051 1592 1188 1659 eius
1223 1592 1402 1659 oneri
1435 1588 1767 1659 humiliter
1801 1589 1972 1657 colla
2002 1590 2187 1657 flecte
2209 1642 2227 1677 ,
2281 1609 2674 1674 manumque
2705 1590 2970 1657 mittens
3009 1588 3097 1656 ad

830 1696 1033 1764 fortia
1061 1696 1266 1783 ipsius
1298 1697 1641 1782 veglensis
1680 1698 1975 1765 Ecclesie
2029 1696 2661 1765 administrationem
2695 1697 2931 1781 exequi
2964 1704 3096 1765 stu-

833 1801 995 1871 deas
1028 1802 1391 1890 diligenter,
1427 1812 1493 1871 et
1523 1804 1746 1889 gregis
1794 1805 1912 1873 tibi
1944 1806 2013 1871 in
2047 1825 2128 1873 ea
2159 1804 2488 1873 commissi
2552 1804 2918 1873 custodiam
2950 1824 3094 1890 pro·

834 1910 1133 1993 sequaris
1164 1911 1439 1980 sollicite
1471 1931 1551 1978 ac
1581 1911 1956 1997 prudenter,
1990 1919 2059 1979 ut
2108 1912 2432 1980 laudabili
2465 1911 2547 1981 de
2577 1912 2723 1999 ipso
2753 1912 2822 1979 in
2859 1913 2970 1981 die
2998 1914 3100 1980 iu·

836 2018 987 2085 dicii
1021 2019 1280 2088 reddita
1316 2021 1574 2086 ratione
1593 2072 1612 2107 ,
1677 2040 1810 2087 una
1873 2041 2020 2089 cum
2054 2022 2152 2088 eis
2184 2022 2389 2089 eterni
2441 2022 2650 2107 patris
2683 2042 2979 2107 regnum,
3012 2021 3097 2088 ab

838 2125 1092 2211 origine
1125 2126 1349 2193 muudi
1382 2136 1799 2214 preparatum
1834 2129 2088 2211 electis,
2124 2128 2438 2197 merearis
2471 2129 2789 2215 accipere,
2823 2150 2902 2197 ac
2937 2127 3097 2196 dile-

834 2244 940 2303 cta
976 2235 1235 2302 Domini
1274 2236 1702 2303 tabernacula
1723 2235 2076 2322 possidere.
2098 2239 2341 2304 Datum
2366 2239 2565 2304 Rome
2584 2235 2758 2323 apud
2788 2236 3097 2305 Sanctam

834 2334 1114 2412 Mariam
1146 2344 1454 2412 Maiorem
1506 2344 1686 2412 v111.
1721 2342 1867 2411 idus
1928 2345 2189 2432 Martii,
2223 2345 2647 2427 Pontificatus
2679 2347 2886 2415 nostri
2919 2365 3097 2413 anuo

835 2450 1047 2519 tertio.

1046 2557 1125 2626 In
1158 2576 1214 2627 e.
1249 2577 1333 2623 m.
1369 2556 1673 2644 capitulo
1714 2557 2008 2627 Ecclesie
2039 2557 2388 2646 Vegleusis
2411 2612 2429 2647 ,
2483 2560 2670 2628 Clero
2733 2567 2802 2628 et
2852 2559 3101 2647 populo

834 2666 1136 2735 Civitatis
1167 2674 1232 2733 et
1262 2666 1563 2735 Diocesis
1594 2666 1960 2751 Veglensis.

835 2884 1102 2949 (Theiner.
1130 2884 1330 2938 Vetera
1355 2883 1710 2938 Monumenta
1735 2884 2019 2937 slavorum
2038 2883 2480 2937 Meridionalium
2506 2886 2786 2937 historiam
2812 2884 3096 2938 illustran-

1694 2976 1775 3025 tia
1797 2975 1843 3026 1.
1867 2974 1981 3025 kat.
2013 2975 2130 3029 107.
2174 2974 2232 3042 l.)

1766 3281 2186 3291 ——u—-n-

1894 3851 2052 3920 385.

835 4069 933 4132 Aa
962 4073 1329 4156 mterqami
1358 4069 1811 4157 kdptalannak
1830 4070 2387 4157 bizonysa'qlevele,
2412 4071 2579 4157 hoqy
2598 4070 3103 4157 Hunthpaznan

833 4177 1294 4266 mmzetse'qbeli
1325 4177 1646 4263 Lampcrt,
1673 4178 2047 4245 Bsiklo'snak
2061 4180 2185 4263 fia,
2217 4179 2504 4245 Beel-ben
2524 4179 2661 4244 Ῑευῦ
2680 4177 3111 4245 rc'szbirtokdt

834 4283 1066 4354 Miklcfs
1096 4284 1333 4352 Armin
1351 4287 1587 4372 fidnak
1616 4288 2114 4372 selmeczbdnyai
2162 4286 2548 4376 polqdrnak.
2603 4286 2839 4353 eladta.
2897 4285 3106 4353 1290.

1053 4500 1393 4569 Uniuersis
1427 4509 1762 4587 presentes
1796 4502 2053 4571 litteras
2106 4504 2494 4589 inspecturis
2550 4502 2925 4587 Capitulum
2979 4501 3102 4569 Ec·

834 4608 1035 4676 clesie
1068 4608 1536 4693 Strigoniensis
1570 4612 1850 4678 salutem
1883 4612 1950 4677 in
1983 4611 2265 4679 Domino
2299 4613 2780 4699 sempiternam.
2815 4607 2920 4677 Ad
2949 4610 3094 4676 vni·

837 4733 1169 4780 uersorum
1244 4717 1549 4783 noticiam
1620 4726 1840 4784 tenore
1910 4720 2316 4805 presencium
2371 4720 2669 4786 volumus
2724 4719 3098 4807 peruenire,
