3319 5249
1894 316 2024 379 124

1902 844 2006 913 79.

815 1044 930 1110 IV.
966 1045 1201 1110 La'szld
1230 1045 1454 1131 kira'ly
1510 1046 1865 1131 meyer-(fiscii
1924 1043 1992 1109 V.
2023 1045 2246 1109 Istva'n
2276 1045 2626 1130 kirdlynak
2657 1047 2704 1109 I
2703 1045 2808 1110 lbu
2837 1051 3095 1133 sziyete't

814 1156 1125 1239 ta'rqqazo
1157 1154 1544 1236 adomcinycit
1575 1176 1617 1217 a
1647 1152 2026 1237 nyzzlsziqeti
2056 1151 2512 1237 apdczazcirda
2538 1156 2857 1219 sza'mdra.
2884 1157 3016 1221 127
3016 1158 3085 1220 5.

1027 1366 1164 1433 Nos
1193 1365 1548 1432 Ladizlaus
1582 1367 1706 1432 Dei
1736 1365 1961 1449 gracia
1990 1366 2132 1433 Rex
2165 1366 2499 1449 Hungarie
2549 1367 2855 1432 memorie
2911 1388 3079 1435 eom·

813 1471 1201 1540 mendantes
1250 1472 1688 1556 significamus
1739 1472 1970 1556 quibus
2003 1473 2270 1557 expedit
2316 1472 2635 1542 vniuersis
2666 1473 3075 1559 presencium

809 1601 928 1666 per
959 1588 1273 1661 tenorem,
1319 1579 1494 1663 quod
1527 1581 1726 1646 frater
1758 1581 1988 1647 Petrus
2019 1587 2401 1665 procurator
2432 1581 2744 1648 bonorum
2778 1600 2895 1648 seu
2926 1601 3073 1668 pos·

812 1690 1176 1758 sessionum
1227 1687 1604 1773 Monasterij
1654 1688 1858 1755 Beate
1912 1689 2201 1772 Virginis
2249 1689 2333 1757 de
2381 1689 2606 1756 Insula
2656 1688 2741 1757 ad
2779 1695 3072 1755 nostram

811 1796 1133 1865 accedens
1165 1795 1599 1881 presenciam,
1652 1795 1950 1863 exhibuit
1996 1799 2181 1864 nobis
2211 1802 2510 1882 patentes
2541 1797 2795 1864 litteras
2827 1795 3078 1862 domini

810 1904 901 1969 St.
941 1903 1156 1970 Ineliti
1209 1904 1404 1987 Regis
1466 1903 1803 1988 Hungarie
1866 1906 2035 1971 bone
2097 1903 2407 1972 memorie
2471 1902 2803 1970 karissimi
2864 1902 3074 1988 patris

807 2011 1050 2090 nostri,
1098 2018 1329 2095 petens
1379 2033 1524 2079 eum
1557 2011 1885 2080 instancia
1936 2014 2140 2079 uerbo
2193 2011 2455 2080 domine
2486 2015 2559 2078 Ε.
2595 2011 2940 2080 karissime
2971 2031 3073 2078 so·

808 2121 974 2186 roris
1005 2125 1244 2207 nostre,
1279 2124 1345 2185 et
1373 2141 1667 2188 sororum
1706 2121 1789 2188 de
1820 2121 2044 2188 Insula
2073 2126 2439 2206 prenotata,
2488 2128 2563 2186 ut
2595 2119 2857 2187 easdem
2890 2125 3073 2186 ratas

808 2225 1090 2310 habere,
1140 2235 1206 2294 et
1234 2228 1472 2296 nostris
1526 2229 1895 2315 patentibus
1926 2227 2166 2295 litteris
2216 2228 2638 2312 dignaremur
2669 2227 3073 2294 confirmare.

809 2333 1097 2432 Quarum
1131 2334 1386 2420 quidem
1418 2338 1787 2421 pateneinm
1820 2337 2204 2428 llitterarum
2238 2342 2424 2403 tenor
2457 2335 2613 2402 talis
2644 2342 2745 2401 est
2779 2359 2794 2400 z

1024 2443 1160 2510 Nos
1210 2443 1305 2511 St.
1360 2445 1486 2510 Dei
1541 2445 1769 2528 gracia
1799 2445 1938 2526 Rex
1968 2444 2302 2527 Hungarie
2352 2444 2474 2510 stb.
2527 2440 2955 2528 (kfivetkezik
2989 2443 3073 2507 V.

805 2552 1031 2617 Istvan
1063 2549 1422 2635 kira1ynak
1479 2551 1704 2637 „Bude
1753 2551 1822 2617 in
1855 2553 2111 2619 oetauis
2143 2550 2512 2639 Cynerum“
2550 2554 2810 2617 evezam
2836 2549 3072 2616 nelkul

804 2659 945 2728 kelt
977 2659 1329 2743 okmanya‚
1379 2656 1542 2723 mint
1590 2658 2154 2744 gyfljtemenynnk
2188 2657 2369 2724 VIII.
2421 2656 2656 2741 vagyis
2688 2675 2731 2721 a
2760 2654 3071 2722 masodik

808 2765 1057 2850 folyam
1090 2765 1207 2831 ΙΙΙ.
1245 2764 1588 2832 koteteben
1623 2767 1778 2831 418.
1810 2764 1881 2852 l.)

1020 2873 1161 2940 Nos
1194 2872 1395 2957 igitur
1426 2872 1755 2957 predictas
1786 2872 2045 2939 litteras
2076 2880 2258 2939 ratas
2292 2871 2610 2939 habentes
2643 2878 2707 2937 et
2739 2877 3070 2954 acceptas,

806 2980 1072 3048 easdem
1123 2982 1536 3064 presentibus
1585 2981 2060 3049 confirmamus.
2106 2982 2349 3047 ‘Datum
2391 2978 2569 3065 apud
2600 2979 3072 3045 Monasterium

804 3091 994 3158 Beati
1028 3087 1260 3154 Jacobi
1291 3087 1590 3171 Apostoli
1625 3090 1803 3173 apud
1836 3088 2023 3155 Selez
2076 3088 2144 3153 in
2178 3087 2285 3156 die
2316 3088 2692 3155 Strenarnm
2724 3105 2901 3151 anno
2932 3085 3066 3151 Do·

802 3197 963 3263 mini
993 3195 1530 3262 M⁰CC⁰LXX⁰V⁰.

803 3374 1075 3441 (Eredetie
1119 3371 1480 3442 btirhartyan,
1531 3376 1786 3441 melynek
1830 3374 2065 3442 pensetje
2103 3374 2376 3435 elvestat,
2414 3388 2449 3424 a
2475 3373 2640 3425 budai
2666 3356 2768 3423 lxir.¹
2807 3372 3065 3422 kamarai

1752 3461 2131 3529 leveltarban.)
