3319 5249
1506 889 1565 954 6.

403 1095 463 1159 A
519 1093 1048 1180 szc'keqfehdrvdri
1097 1092 1535 1177 ka'ptcdammk
1585 1091 2115 1178 bizonysciylcvele
2133 1144 2154 1176 ,
2215 1101 2379 1182 hoqy
2427 1100 2669 1165 Ponich

396 1205 525 1268 bcin
557 1208 618 1269 c's
650 1204 1031 1288 zalameqyei
1062 1202 1341 1288 fiiispcin
1372 1202 1613 1288 Pryske
1663 1204 1725 1267 ἐς
1757 1203 2020 1290 Parpah
2060 1207 2334 1270 va‘rakat
2370 1209 2666 1296 bizcmyos

728 1312 1046 1397 feltc'telek
1078 1311 1300 1374 ‘mellea¹
1331 1312 1726 1375 testve'reinek
1758 1314 2090 1397 citenqedte.
2145 1318 2339 1382 1272.

614 1512 750 1577 Nos
778 1508 1148 1595 Capitulum
1182 1508 1487 1574 Albensis
1519 1507 1817 1574 Ecclesia
1870 1507 2104 1576 damus
2154 1531 2272 1596 pro
2326 1515 2658 1599 memoria,

394 1618 569 1705 quod
610 1618 811 1685 Ponic
842 1618 1026 1684 Bano
1066 1615 1315 1682 Comite
1351 1614 1731 1682 Zaladiensi
1784 1617 1867 1682 ab
1901 1637 2031 1685 una
2081 1627 2305 1703 parte3
2355 1620 2656 1706 Nycolao

398 1730 536 1796 filio
567 1726 861 1812 Arnoldi,
895 1724 1189 1793 Arnoldo
1220 1723 1421 1790 fratrc
1454 1744 1589 1806 suo,
1638 1724 1887 1790 Ponich
1920 1724 2189 1812 comite,
2245 1725 2430 1795 Cbak
2461 1728 2659 1813 Magi·

395 1844 553 1920 stro,
606 1836 787 1919 Oguz
840 1835 971 1901 filio
1003 1830 1226 1899 Buzad
1279 1831 1592 1898 fratribus
1643 1833 1779 1898 suis
1831 1854 1910 1899 ex
1953 1833 2161 1900 altera
2211 1855 2428 1901 coram
2465 1836 2656 1903 nobis

396 1943 831 2029 personaliter
901 1938 1311 2022 constitutis3
1380 1938 1547 2005 idem
1601 1938 1846 2006 Ponich
1905 1942 2126 2007 Banus
2185 1944 2542 2029 assumpsit
2591 1953 2655 2012 et

394 2051 741 2135 obligauit,
798 2058 868 2118 ut
919 2048 1044 2117 duo
1095 2055 1310 2115 castra
1345 2047 1598 2133 Plyskc
1651 2054 1716 2112 ct
1749 2048 2009 2133 Parpah
2051 2058 2285 2117 uocata
2337 2073 2483 2119 cum
2517 2054 2652 2122 suis

393 2159 836 2243 pertinencijs,
887 2163 952 2224 et
986 2156 1311 2241 quandam
1350 2157 1825 2242 possessionem
1868 2155 2107 2242 Nykcb
2140 2165 2464 2246 uocatam,
2515 2168 2650 2229 tum

387 2274 662 2353 propter
691 2266 927 2334 bonum
981 2263 1677 2349 consanguineitatatis
1731 2264 1938 2349 ipsius
1983 2266 2259 2351 Nycolai
2312 2275 2377 2333 et
2414 2287 2651 2352 cogna-

384 2383 603 2443 torum
635 2396 892 2443 suorum
926 2373 1240 2441 nobilium
1294 2372 1752 2457 predictorum,
1802 2380 1936 2438 tum
1973 2374 2175 2440 ceiam
2219 2394 2335 2459 pro
2367 2377 2648 2445 remedio

385 2484 611 2551 anime
664 2482 906 2550 domini
958 2482 1057 2549 sui
1093 2485 1182 2550 St.
1216 2482 1494 2551 Illustris
1534 2482 1728 2566 Regis
1762 2481 2046 2567 Vngarie
2086 2481 2265 2550 clare
2318 2485 2644 2569 memorie,

380 2613 467 2659 cx
500 2594 686 2662 cuius
721 2591 1082 2661 collacione
1126 2591 1354 2659 eadem
1406 2597 1622 2659 castra
1675 2597 1742 2658 et
1769 2590 2096 2676 possessio
2128 2590 2531 2661 deuenerant
2561 2593 2646 2660 ad

376 2703 598 2786 ipsum
638 2702 839 2769 Ponic
867 2703 1141 2786 Banum,
1191 2700 1563 2768 restitueret
1615 2708 1679 2766 et
1731 2698 2029 2766 redderet
2077 2699 2166 2765 ad
2215 2720 2446 2768 manus
2491 2701 2644 2769 dicti

378 2812 443 2875 N
441 2810 662 2896 ycolai
696 2809 889 2896 pleno
927 2810 1068 2876 iure
1116 2811 1234 2876 sub
1270 2809 1634 2877 testimonio
1671 2808 1954 2893 Capituli
1989 2809 2547 2895 Wesprimiensis;
2582 2819 2647 2879 et

373 2918 466 2986 ad
500 2920 811 2985 maiorem
865 2919 1183 2985 cautelam
1239 2917 1408 2985 idem
1443 2918 1643 2986 Ponic
1679 2920 1896 2985 Banus
1917 2970 1935 3003 ‚
1989 2925 2058 2984 ut
2100 2918 2493 3002 obligacioni
2527 2919 2636 2986 bu-

370 3028 662 3095 iusmodi
697 3046 813 3111 per
844 3026 1057 3111 ipsum
1091 3046 1305 3092 coram
1357 3026 1546 3094 nobis
1580 3025 1756 3093 facte
1806 3045 1934 3092 non
1969 3028 2172 3112 possit
2224 3027 2642 3111 aliquatenus

374 3134 724 3220 contraire,
758 3134 1175 3202 manifestum
1226 3134 1291 3200 in
1326 3135 1607 3202 ecclesia
1645 3137 1848 3202 Beate
1881 3135 2168 3219 Virginis
2202 3156 2400 3220 super
2431 3136 2641 3202 altare

367 3245 625 3310 Sancte
676 3242 900 3309 Crucis
949 3244 1235 3329 prestitit
1302 3251 1818 3330 sacramentum3
1887 3251 1954 3311 et
2013 3265 2049 3311 e
2102 3262 2414 3311 conuerso
2463 3243 2636 3309 idem

362 3351 710 3436 Nycolaus
746 3372 859 3437 pro
894 3372 1180 3436 expensa
1230 3361 1294 3420 et
1328 3354 1688 3438 sumptibus
1727 3375 1853 3422 non
1889 3354 2180 3439 modicis,
2236 3373 2395 3438 quos
2430 3350 2638 3419 dictus

354 3458 581 3525 Ponic
615 3459 839 3526 Banus
891 3461 956 3525 in
1008 3460 1310 3528 tenendis
1360 3462 1490 3528 illis
1542 3463 1771 3530 castris
1825 3471 2118 3550 tempere
2158 3482 2537 3549 guerrarum
2570 3461 2636 3526 in

353 3567 679 3636 conflictu
710 3568 908 3652 Regis
947 3567 1260 3636 Bobemie
1310 3569 1463 3636 fecit
1513 3579 1579 3636 et
1630 3571 1857 3637 habuit
1908 3593 2024 3657 pro
2065 3572 2347 3639 utilitate
2400 3576 2634 3636 castro-

353 3696 521 3743 rum
555 3673 917 3762 eorundem‚
968 3673 1151 3743 dedit
1183 3684 1247 3742 et
1279 3677 1546 3745 donauit
1575 3698 1799 3745 seruos
1834 3677 1953 3766 (et)
1989 3678 2267 3745 ancillas
2301 3698 2446 3744 cum
2480 3677 2632 3760 filijs

353 3792 432 3852 et
473 3783 731 3850 filiabus
764 3805 842 3850 ac
874 3784 1185 3852 uxoribus
1220 3785 1351 3853 suis
1387 3786 1598 3854 eidem
1630 3786 1878 3854 Ponich
1911 3789 2092 3853 Bano
2125 3794 2187 3852 et
2212 3786 2346 3852 suis
2378 3804 2631 3851 sueces-

346 3891 649 3960 soribus.
719 3889 895 3969 Quos
929 3892 1102 3961 idem
1137 3892 1382 3960 Ponich
1418 3896 1637 3961 Banus
1693 3914 1919 3962 seruos
1952 3899 2016 3960 et
2049 3894 2323 3960 ancillas
2374 3890 2626 3957 traduci

344 3999 446 4067 ad
505 4019 577 4066 se
628 3998 873 4067 fecorat
926 4001 1006 4069 dc
1057 4000 1352 4088 predicta
1402 4003 1816 4087 possessione
1874 4004 2147 4091 Nycolai
2200 4006 2513 4087 perpetuo
2564 4007 2631 4066 et

344 4108 887 4175 irreuocabiliter
962 4108 1409 4192 possidendos.
1508 4111 1789 4177 Nomina
1853 4131 2187 4177 seruorum
2253 4106 2627 4192 eorundem,

341 4235 534 4302 quos
585 4217 920 4285 nominare
970 4238 1187 4286 coram
1242 4220 1430 4287 nobis
1481 4226 1869 4305 potuerunt,
1921 4219 2039 4287 hec
2091 4225 2287 4286 sunt:
2355 4218 2628 4285 Zalawa

339 4347 513 4394 cum
548 4325 746 4393 fratre
778 4347 897 4393 suo
930 4327 1179 4410 Zulaw,
1214 4327 1490 4395 Michael
1524 4348 1737 4411 cocuS,
1790 4327 2116 4412 Malchuu‚
2156 4327 2400 4412 Cheke,
2438 4326 2624 4413 Paul,

344 4435 712 4514 Martinus,
765 4436 1115 4522 Durguzlo,
1167 4436 1451 4505 Thomas
1502 4439 1970 4525 carpentarius,
2023 4437 2269 4526 Zunda,
2324 4438 2620 4521 Doboya,

340 4542 658 4626 Cheghc‚
715 4543 913 4609 Wolk
945 4565 1089 4610 eum
1123 4545 1280 4631 filijs
1304 4598 1319 4626 ,
1369 4547 1628 4614 filiabus
1682 4555 1746 4614 ct
1779 4549 2106 4615 uxoribus.
2160 4544 2259 4610 Ad
2291 4545 2414 4612 hec
2448 4543 2620 4609 idem

329 4651 692 4738 Nycolaus
745 4657 1100 4739 assumpsit
1149 4677 1343 4742 super
1392 4656 1584 4724 fidem
1638 4678 1861 4745 suam,
1919 4657 2094 4740 quod
2128 4676 2362 4723 nouem
2397 4652 2621 4738 capita
