3319 5249
1370 308 1500 375 223

306 505 620 592 temporis
669 502 1040 572 Palatinum
1089 484 1292 572 simus
1341 502 1430 570 ad
1458 499 1794 588 predictas
1827 500 1991 570 duas
2022 521 2257 572 causas
2288 503 2557 588 inquisi-

307 621 481 681 tores
514 619 579 680 et
609 612 1027 681 arbitr-atores
1058 611 1388 698 deputati,
1453 616 1671 677 tamen
1714 607 1869 694 quia
1902 606 2357 695 exingentibus
2388 609 2563 700 (ig-y)

309 719 650 787 fidelitatis
698 731 912 789 uestro
962 718 1206 787 meritis
1259 717 1341 784 de
1390 718 1615 801 gracia
1645 717 1857 803 Regia
1888 739 2004 805 per
2034 724 2237 785 totum
2268 720 2563 805 Regnum

310 827 469 895 estis
499 828 878 913 Palatinus,
929 848 1010 894 ex
1042 833 1228 913 parte
1259 833 1480 894 nostra
1501 877 1521 914 ,
1574 826 1740 894 sicut
1796 826 2126 916 debemus,
2179 828 2566 915 scripsimus

308 935 620 1002 seriatim.
669 936 914 1003 Datum
944 934 1295 1023 Segusdini
1327 936 1397 1003 in
1428 941 1618 1003 sexta
1659 934 1826 1002 feria
1859 936 2262 1021 supradicta.

527 1045 728 1110 Kivitl
758 1034 1034 1133 eqykoru
1063 1046 1174 1111 kdz
1194 1069 1214 1109 .-
1246 1044 1442 1112 Petro
1475 1042 1780 1110 Palatino
1814 1049 1877 1111 et
1897 1042 2130 1111 Comiti
2151 1040 2566 1129 Symigiensi.

313 1226 589 1290 (El-edetis
634 1223 982 1291 bo'rhartyan,
1029 1227 1285 1293 mclynek
1324 1221 1520 1278 hatara
1545 1229 1792 1291 nyomott
1816 1223 2002 1289 pecset
2028 1221 2307 1288 lemanum,
2335 1240 2369 1275 a
2401 1240 2572 1279 nemz.

1046 1333 1292 1368 muzeum
1317 1313 1553 1367 kozirat-
1566 1310 1833 1381 tarthan.)

1371 2032 1523 2099 159.

319 2229 441 2295 IV.
478 2230 708 2297 Ldszlo'
738 2232 1086 2317 kirdlynak
1135 2232 1337 2317 Daaq
1375 2232 1656 2297 birtokdt
1697 2228 2006 2315 tdrqyazo
2037 2228 2406 2311 adomdnya
2466 2224 2574 2289 022

668 2338 1124 2425 nemzetsc'qbeli
1160 2337 1367 2404 Dana
1404 2349 1621 2405 mester
1651 2340 1969 2404 szdmdra.
2021 2335 2218 2400 1279.

537 2531 919 2598 Ladizlaus'
971 2534 1096 2599 Dei
1147 2534 1370 2617 gracia
1402 2533 1754 2621 Hungarie‚
1819 2530 2185 2619 Dalmacie,
2220 2530 2572 2615 Crowacie,

317 2640 520 2705 Rame
548 2691 565 2724 ,
614 2641 879 2725 Serme,
926 2641 1245 2729 Gallicis,
1295 2642 1710 2729 Lodomerie,
1744 2641 2090 2726 Cumanis,
2140 2640 2574 2724 Bulgarieque

315 2747 453 2811 Rex
484 2749 781 2814 omnibus
832 2747 1072 2816 Christi
1123 2749 1426 2817 fidelibus
1476 2750 1884 2836 presencium
1922 2748 2224 2815 noticiam
2257 2746 2573 2813 habituris

316 2861 446 2920 tam
503 2857 915 2941 presentibus
966 2876 1157 2942 quam
1211 2858 1441 2925 futuris
1494 2859 1786 2926 salutem
1822 2858 1890 2924 in
1930 2856 2207 2924 Domino
2243 2857 2572 2940 sempiter-

316 2982 488 3029 nam.
556 2959 661 3029 Ad
710 2966 1153 3033 uniuersorum
1202 2967 1504 3034 noticiam
1554 2971 1775 3034 tenore
1825 2965 2236 3051 presencium
2279 2965 2574 3031 volumus

318 3070 678 3158 peruenire,
729 3072 901 3157 quod
935 3091 1078 3140 cnm
1109 3074 1342 3142 Petrus
1373 3073 1697 3158 quondam
1733 3075 2150 3140 castellanus
2187 3071 2576 3157 Suprunien·

315 3177 409 3242 sis
461 3179 650 3246 nobis
701 3186 766 3246 et
818 3181 1043 3264 Regno
1095 3186 1317 3248 nostro
1355 3183 1421 3248 in
1457 3180 1836 3265 prodicione
1899 3179 2096 3248 castri
2145 3178 2350 3246 nostri
2411 3179 2576 3262 Regi

318 3286 579 3352 Boemie
612 3287 794 3354 facta
843 3287 910 3353 in
962 3295 1184 3354 tenera
1242 3288 1454 3355 adhuc
1504 3294 1678 3355 etate
1728 3287 2093 3354 constitutis
2127 3285 2572 3353 infidelitatem

317 3393 767 3478 commisisset,
801 3401 864 3461 et
883 3415 959 3462 eo
992 3414 1119 3461 non
1155 3401 1496 3464 contentus
1529 3396 1745 3462 scelus
1764 3395 1995 3463 sceleri
2031 3393 2341 3478 adiciens,
2381 3413 2570 3478 quos·

318 3497 466 3565 dam
519 3499 601 3568 de
652 3501 951 3570 fidelibus
1001 3501 1250 3570 ciuibus
1303 3502 1517 3569 Castri
1549 3501 1754 3570 nostri
1786 3501 2264 3588 Supruniensis‚
2296 3500 2570 3584 Stepha-

319 3628 472 3673 num
507 3608 818 3676 uidelicet
847 3605 1300 3698 pelliparium,
1351 3611 1613 3677 Petrum
1666 3617 1731 3677 et
1780 3609 2085 3676 Sucrchel
2135 3609 2369 3675 fratres
2401 3626 2572 3688 suos,

316 3736 434 3800 pro
466 3716 780 3786 fidelitate
833 3718 1019 3785 nobis
1074 3719 1491 3785 obseruanda
1522 3717 1694 3785 idem
1727 3718 1957 3784 Petrus
1989 3715 2374 3784 Parorauius
2408 3714 2573 3780 occi-

318 3821 559 3911 disset,
626 3845 704 3890 ac
756 3823 1009 3892 demum
1049 3825 1222 3892 idem
1254 3846 1371 3911 pro
1404 3824 1774 3892 huiusmodi
1805 3825 1941 3893 suis
1973 3823 2345 3892 excessibus
2377 3820 2576 3887 mani-

326 3930 516 3998 festis
567 3939 634 3998 et
684 3934 959 4019 notorijs
1014 3932 1238 4000 ordine
1286 3931 1604 4000 iudicatio
1656 3932 1988 3999 conuictus
2027 3950 2143 4016 per
2174 3929 2577 3997 sentenciam

318 4038 567 4105 Mathei
597 4039 886 4108 Palatini
920 4040 1186 4107 Comitis
1220 4039 1702 4128 Supruniensis,
1757 4037 2206 4126 Symigiensis,
2241 4042 2303 4105 et
2334 4035 2582 4104 Judicis

318 4147 752 4214 Cumanorum
814 4146 1033 4215 dilecti
1088 4153 1153 4215 ct
1196 4147 1407 4215 fidelis
1462 4147 1668 4215 nostri
1719 4147 1950 4215 fnisset
2001 4147 2462 4232 interemptus,
2517 4150 2583 4207 et

318 4254 764 4339 possessiones
816 4276 933 4325 sue
982 4256 1067 4322 ad
1102 4277 1329 4324 manus
1362 4262 1615 4325 nostras
1645 4254 1886 4341 Regias
1920 4256 2103 4323 iuxta
2133 4252 2347 4337 Regni
2377 4249 2578 4318 nostri

321 4363 853 4430 consuetudinem
916 4367 1303 4450 aprobatam
1363 4365 1731 4432 extitissent
1785 4365 2125 4445 deuolute;
2174 4379 2292 4427 nos
2325 4359 2405 4427 de
2438 4378 2579 4442 pos-

320 4472 728 4540 sessionibus
764 4473 924 4557 eius,
955 4480 1265 4556 tanquam
1297 4474 1383 4539 ad
1418 4472 1701 4543 officium
1723 4473 1927 4540 nostri
1950 4471 2281 4557 regiminis
2300 4466 2578 4554 pertinet

320 4577 599 4644 seruicia
633 4587 694 4647 et
728 4579 1073 4649 fidelitates
1115 4580 1319 4648 metiri
1363 4579 1804 4666 singulorum,
1856 4581 2183 4664 quandam
2231 4576 2577 4664 possessio·
