3319 5249
1750 380 1882 449 246

1757 1039 1911 1109 169.

618 1244 623 1248 ’
698 1242 909 1328 erlap
947 1240 1196 1323 fermoi
1234 1240 1493 1326 pilepb'k
1540 1243 1603 1306 e's
1631 1243 1846 1327 pcipai
1875 1243 2172 1307 kbvetnek
2205 1241 2752 1329 bizonysdylevele,
2798 1249 3000 1331 hoqy·

701 1346 881 1415 Chalc
932 1348 1387 1433 nemzetseqbeli
1449 1349 1653 1434 Uqrin
1685 1350 1935 1434 kirdlyi
1969 1352 2423 1417 tdrnokmcster
2475 1353 2968 1439 Eszterqamba-n.

825 1459 964 1522 ἰέυὸ
983 1458 1319 1543 palotcijdt
1357 1479 1436 1521 az
1467 1460 1836 1542 eszterqami
1864 1459 2313 1545 ka'ptalannak
2345 1461 2579 1525 eladta.
2632 1463 2826 1528 1278.

921 1655 996 1719 In
1061 1653 1317 1720 nomine
1376 1654 1615 1720 Sancte
1664 1653 2006 1723 Trinitatis
2058 1664 2124 1722 et
2173 1655 2519 1726 Indiuidue
2561 1655 2842 1724 Unitatis
2871 1656 2969 1721 ad

702 1770 1082 1849 perpetuam
1138 1762 1231 1828 rei
1284 1762 1681 1829 memoriam.
1761 1763 2105 1850 Philippus
2168 1764 2292 1831 Dei
2342 1764 2568 1850 gracia
2618 1764 2966 1830 Firmanus

703 1869 1087 1956 Episcopus,
1132 1869 1511 1955 Apostolice
1551 1870 2086 1957 SedisaeLegatus,
2137 1872 2460 1941 vniuersis
2494 1871 2734 1940 Christi
2765 1872 2967 1939 fideli-

705 1979 826 2044 bus
861 1977 1263 2063 presencium
1316 1977 1623 2043 noticiam
1665 1977 1983 2046 habituris
2024 1979 2304 2046 salutem
2337 1976 2403 2044 in
2439 1979 2720 2046 omnium
2753 1979 2968 2046 salua-

706 2090 865 2150 tore.
917 2083 1301 2150 Contractus
1338 2090 1667 2152 sumentes
1723 2085 1985 2152 inicium
2040 2086 2126 2151 ab
2168 2086 2416 2171 origine
2450 2087 2778 2172 equitatiS,
2825 2108 2968 2172 pre·

710 2191 936 2257 sertim
970 2192 1079 2273 qui
1101 2192 1169 2257 in
1191 2211 1452 2258 causam
1474 2192 1796 2260 accedunt
1814 2214 1929 2260 seu
1951 2194 2222 2262 ueniunt
2243 2193 2533 2281 iudicati,
2567 2192 2972 2260 auctoritatis

710 2306 774 2366 et
803 2299 1288 2367 ratihabicionis
1352 2298 1591 2368 debent
1647 2321 1913 2369 munere
1964 2322 2044 2369 ac
2093 2302 2537 2369 munimimine
2575 2302 2842 2369 solidari
2887 2301 2970 2368 de

718 2405 947 2486 gracia
1011 2405 1410 2490 presidentis
1445 2431 1459 2470 ε
1545 2427 1690 2473 cum
1754 2408 2200 2475 ecclesiastice
2264 2408 2703 2476 moderacioni
2774 2408 2972 2476 omni-

710 2534 795 2581 no
827 2514 1222 2581 conveniens
1255 2513 1650 2602 dinoscatur,
1702 2522 1774 2582 ut
1813 2535 1938 2598 que
1977 2515 2460 2583 racionabiliter
2493 2515 2793 2583 ordinata
2825 2523 2974 2583 sunt

712 2629 777 2686 et
807 2620 1231 2705 solempniter
1279 2620 1613 2708 diffinata,
1659 2622 1843 2690 nulla
1882 2622 2300 2709 imposterum
2343 2624 2794 2708 refragacione
2828 2646 2974 2709 pos·

712 2730 881 2816 sint,
950 2729 1055 2794 uel
1106 2728 1390 2795 debeant
1423 2730 1822 2815 perturbari;
1871 2728 1985 2797 sed
2038 2731 2206 2797 sicut
2238 2750 2354 2817 ea,
2424 2751 2551 2814 que
2590 2731 2763 2816 juris
2796 2732 2976 2799 racio

715 2837 1041 2921 exigebat,
1094 2837 1340 2905 utiliter
1373 2841 1656 2923 oportuit
1688 2838 2007 2925 stabiliri,
2055 2829 2601 2925 ita'inposterum,
2650 2859 2773 2923 que
2794 2839 2976 2922 juste

718 2944 1014 3011 diffinata
1075 2951 1267 3033 sunt,
1331 2952 1657 3030 nequeant
1707 2967 1823 3031 per
1875 2946 2162 3014 recidiue
2211 2947 2572 3033 questionis
2610 2946 2976 3032 scrupulum

717 3052 977 3117 uiolari.
1056 3051 1230 3120 Sane
1281 3053 1347 3117 in
1399 3061 1623 3120 nostra
1662 3052 1842 3121 curia
1874 3053 2371 3139 presencialiter
2434 3059 2498 3119 et
2547 3055 2978 3140 personaliter

718 3159 1081 3225 constitutis
1142 3159 1345 3227 nobili
1407 3161 1548 3227 uiro
1599 3160 1844 3244 Vgrino
1897 3161 2033 3227 filio
2081 3162 2253 3228 Pous
2305 3159 2575 3228 Comitis
2626 3161 2708 3228 de
2739 3180 2979 3244 genere

721 3263 927 3351 Chak,
970 3266 1282 3350 Magistro
1317 3268 1830 3335 Tauarnicorum
1865 3266 2110 3333 domiui
2142 3267 2436 3334 Ladizlai
2467 3268 2746 3335 Illustris
2777 3268 2980 3352 Regis

720 3373 1006 3476 Vngarie
1058 3396 1140 3441 ex
1191 3396 1320 3442 una
1374 3384 1593 3460 parte3
1642 3383 1708 3443 et
1756 3375 2051 3444 discretis
2102 3376 2262 3442 uiris
2296 3374 2631 3460 Magistris
2660 3374 2979 3442 Ladizlao

724 3477 1189 3563 strigoniensis
1227 3489 1290 3549 et
1329 3480 1672 3567 Reynaldo
1712 3481 1933 3549 Sancti
1966 3481 2214 3549 Thome
2246 3481 2313 3549 in
2343 3482 2785 3549 Promontorio
2819 3482 2978 3550 Stri-

725 3587 1025 3669 goniensi
1060 3589 1418 3674 Prepositis
1443 3641 1461 3675 ,
1507 3589 2038 3676 procuratoribus
2071 3589 2362 3657 Ecclesie
2397 3588 2863 3672 Strigoniensis
2897 3593 2980 3655 ex'

644 3691 650 3698 ’
725 3695 970 3781 altera3
1020 3696 1190 3763 idem
1244 3697 1555 3783 Magister
1605 3699 1892 3783 Vgrinus
1933 3698 2142 3766 libera
2203 3704 2267 3763 et
2326 3697 2589 3783 propria
2627 3698 2983 3781 uoluntate,

726 3804 942 3873 sciens
975 3826 1045 3873 se
1077 3807 1162 3873 ad
1197 3807 1617 3893 infrascripta
1638 3825 1771 3872 non
1790 3806 2014 3890 teneri,
2050 3806 2165 3874 sed
2200 3827 2280 3873 ex
2313 3811 2492 3874 certa
2523 3805 2806 3873 sciencia
2839 3826 2982 3889 sua,

728 3919 959 3997 sponte
995 3911 1301 4000 uendidit,
1332 3914 1624 3995 tradidit,
1657 3921 1722 3981 et
1754 3914 2092 4000 concessit,
2131 3911 2324 3999 dedit,
2355 3913 2550 3980 cessit
2583 3919 2778 3997 atque
2811 3934 2987 3979 man-

728 4019 930 4104 dauit,
977 4042 1091 4088 seu
1125 4022 1193 4087 in
1224 4021 1503 4089 solutum
1547 4022 1731 4091 dedit
1770 4022 2081 4107 predictis
2113 4021 2492 4106 Prepositis,
2543 4022 2988 4106 procuratorio

729 4130 987 4195 nomine
1020 4131 1228 4217 ipsius
1261 4131 1727 4215 strigoniensis
1764 4130 2061 4198 Ecclesie
2093 4128 2557 4214 recipientibus
2590 4135 2655 4195 et
2674 4129 2988 4215 stipulari·
3021 4129 3024 4134 ’

735 4236 905 4305 tibus
969 4260 1084 4324 pro
1149 4240 1450 4326 Capitulo
1484 4239 1774 4307 eiusdem
1829 4236 2302 4322 strigoniensis
2335 4237 2632 4318 Ecclesie
2663 4234 2992 4320 quoddam

734 4345 1060 4429 palacium
1093 4399 1111 4433 ,
1193 4348 1367 4434 quod
1418 4346 1584 4415 idem
1638 4348 1925 4432 Vgrinus
1955 4345 2243 4413 habebat
2289 4347 2356 4412 in
2388 4344 2651 4411 ciuitate
2681 4343 2992 4428 Strigoni·

735 4453 873 4518 ensi
906 4474 1102 4539 super
1134 4457 1342 4523 locum
1376 4455 1496 4522 fori
1520 4507 1538 4539 ,
1586 4477 1729 4522 cum
1767 4455 2062 4521 omnibus
2096 4453 2415 4538 domibuS,
2468 4452 2665 4536 curijs
2698 4474 2776 4518 ac
2809 4472 2992 4518 casa·

740 4561 995 4648 mentis,
1048 4564 1267 4632 fundis
1333 4571 1398 4631 ct
1460 4563 1668 4647 areis;
1740 4562 1917 4631 cuia
1950 4567 2137 4647 parte
2189 4558 2699 4646 septemtrionali
2732 4557 2995 4641 quidam

740 4668 1002 4736 strictus
1035 4670 1213 4738 vicus
1248 4670 1520 4756 coheret,
1573 4691 1691 4755 per
1727 4690 1914 4756 quem
1958 4669 2372 4738 descenditur
2402 4686 2605 4753 usque
2636 4664 2723 4731 ad
2756 4667 2996 4733 flumen
