3319 5249
1855 389 1987 458 418
2043 348 2054 357 ’

784 597 933 657 sunt
952 586 1045 673 hij
1071 612 1087 653 ε
1110 585 1425 654 Dominus
1462 584 1676 650 Dessa
1705 582 2046 669 Amblasij,
2083 584 2379 653 dominus
2429 586 2814 656 Valentinus
2852 586 3038 655 Casa·

778 698 937 785 riza‚
990 694 1287 764 dominus
1323 692 1644 774 Georgius
1679 692 1877 776 Cega,
1911 691 2215 758 dominus
2245 692 2539 778 Duymus
2571 692 2904 782 Domieho,
2937 695 3038 761 do·

780 806 991 871 minus
1027 802 1343 870 Siluester
1386 801 1470 867 de
1500 799 1794 886 Mengas,
1830 797 2126 866 dominus
2159 799 2443 867 Thomas
2473 802 2813 889 Janniehe,
2847 802 3036 871 domi·

782 932 903 978 nus
932 910 1230 979 Matheus
1265 906 1510 974 domini
1544 906 1736 992 Luce,
1773 903 2069 973 dominus
2101 905 2315 974 Dessa
2344 906 2554 975 Smiti.

990 1019 1117 1085 Die
1175 1017 1330 1084 lune
1384 1013 1635 1079 XXIII.
1691 1012 1990 1080 Octobris
2039 1017 2452 1099 congregatis
2501 1015 2916 1102 Consilia-ijs
2963 1017 3025 1084 in

779 1126 1041 1216 palacio
1102 1125 1476 1193 Communis
1508 1120 1833 1205 Tragurij,
1900 1122 2071 1188 inter
2119 1142 2279 1206 quos
2330 1122 2632 1191 dominus
2676 1125 3033 1194 Palmerius

778 1234 1019 1304 domini
1041 1233 1222 1300 Falci
1243 1233 1543 1299 Potestas
1576 1230 1868 1317 predicte
1899 1230 2202 1297 Ciuitatis
2233 1231 2591 1317 proposuit,
2626 1233 2798 1318 quod
2830 1232 2922 1299 sit
2950 1229 3026 1299 de

778 1343 1005 1409 Maiori
1058 1339 1344 1409 Consilio
1396 1338 1698 1405 faciendo
1747 1335 2214 1423 prouidendum
2266 1345 2329 1403 et
2380 1338 2770 1426 faciendum,
2805 1346 3027 1423 petens

668 1512 673 1515 .
775 1450 900 1517 sibi
938 1448 1280 1517 eonsilium
1333 1445 1644 1513 exhiberi.
1700 1445 1777 1510 In
1833 1463 1960 1526 quo
2009 1450 2159 1528 post
2208 1446 2448 1513 multas
2491 1446 3021 1513 eonoionaoiones

777 1556 1026 1641 placuit
1074 1555 1304 1620 maiori
1352 1554 1547 1639 parti,
1598 1550 1773 1617 facto
1813 1551 1982 1617 inter
2014 1570 2126 1617 eos
2158 1553 2395 1636 partito
2426 1572 2543 1636 per
2575 1554 2789 1638 ipsum
2823 1552 3017 1618 domi·

776 1682 930 1730 num
960 1662 1383 1743 Potestatem,
1415 1658 1586 1741 quod
1619 1658 1945 1741 eligantur
1979 1658 2065 1723 ad
2096 1678 2364 1742 presens
2395 1658 2833 1744 quadraginta
2874 1660 3030 1727 Con·

777 1768 1031 1852 siliarij.
1054 1767 1177 1845 Qui
1200 1765 1569 1849 Consiliarij
1595 1765 1788 1831 electi
1821 1771 1972 1830 sunt
1991 1763 2084 1849 hij
2121 1765 2592 1849 quadraginta:
2625 1766 2769 1834 Sier
2803 1767 3026 1833 Comes

779 1875 1076 1942 dominns
1105 1871 1457 1955 Jannieha,
1480 1872 1609 1937 sier
1644 1870 1875 1936 Comes
1895 1870 2190 1938 dominus
2212 1872 2469 1957 Luzius,
2501 1872 2630 1939 sier
2663 1872 2892 1940 Comes
2923 1870 3027 1937 do·

777 1982 989 2048 minus
1038 1979 1336 2046 Andreas
1388 1977 1656 2044 Comitis
1688 1976 1946 2061 Marini,
1977 1978 2277 2045 dominus
2309 1978 2524 2046 Dessa
2553 1979 2895 2065 Mor-siche,
2925 1978 3030 2044 do-

775 2089 986 2155 minus
1006 2086 1301 2153 Marinus
1321 2084 1675 2169 Cosariozi,
1711 2083 2014 2151 dominus
2045 2086 2283 2152 Nicola
2318 2084 2622 2169 Casioeti,
2656 2086 2885 2153 Petrus
2918 2086 3035 2151 Va-

777 2194 1031 2280 lentini,
1065 2192 1245 2260 Julla
1275 2191 1478 2277 mati,
1522 2192 1877 2274 Gregorius
1940 2192 2186 2259 domini
2220 2194 2401 2276 Luzi‚
2431 2193 2756 2261 Janninus
2788 2192 3034 2274 Diuoiz,

776 2302 1038 2369 Raddus
1087 2302 1284 2387 Petri,
1319 2298 1633 2381 Georgius
1688 2300 1962 2383 Galuiei‚
2018 2300 2248 2366 Petrus
2282 2300 2481 2385 Celie,
2515 2300 2736 2368 Simon
2771 2298 3034 2368 Comitis

773 2409 1024 2494 Marini,
1044 2409 1276 2475 Petrus
1295 2404 2119 2492 DuymistMaurusStoehi,
2141 2406 2373 2474 Nicola
2394 2408 2675 2491 Longus,
2696 2405 3032 2474 cibrianue

775 2516 1031 2602 Marini,
1082 2513 1455 2581 Amblasius
1508 2512 1793 2596 Martini,
1833 2513 2118 2579 Marinus
2158 2513 2491 2598 Bertanni,
2530 2515 2747 2582 Dessa
2795 2511 3033 2598 Duymi

773 2624 974 2711 Celie,
1028 2621 1306 2708 Suebis,
1359 2619 1723 2689 Gausinnia
1770 2620 2029 2705 Marini,
2083 2619 2457 2706 Stephanus
2506 2620 2748 2706 Doymi
2828 2619 3019 2705 Celie,

772 2732 1069 2818 Doymus
1124 2730 1207 2798 de
1240 2730 1560 2810 Oasarizi‚
1588 2728 1876 2794 Marinus
1910 2726 2249 2813 Stephani,
2283 2729 2541 2795 Temini
2573 2729 2740 2813 Vite,
2772 2727 3027 2811 Redosij

777 2839 860 2906 de
914 2837 1216 2922 Firmino,
1249 2836 1429 2904 Barti
1459 2835 1780 2919 Siluestri,
1806 2834 2102 2902 Matheus
2132 2834 2354 2903 Dobri.

989 2943 1354 3030 Consiliarij
1397 2942 1562 3010 faeti
1600 2943 1705 3009 die
1738 2942 1882 3008 XV.
1919 2942 2253 3029 Octobris3
2284 2943 2498 3010 Dessa
2528 2942 2872 3027 Amblasij,
2907 2944 3030 3008 Va-

771 3052 1078 3120 lentimus
1110 3049 1403 3134 Casariz,
1442 3049 1770 3133 Georguis
1803 3048 2000 3134 Cega,
2034 3048 2329 3133 Duymus
2359 3046 2692 3132 Domiehe,
2724 3050 3033 3116 Siluester

772 3161 854 3226 de
901 3161 1198 3243 nangae,
1249 3157 1534 3225 Thomas
1589 3155 1937 3241 Janniohe,
1989 3154 2287 3223 Matheus
2320 3154 2563 3221 domini
2594 3154 2787 3237 Luce,
2821 3156 3030 3223 Dessa

775 3267 983 3334 Smiti.

983 3370 1395 3456 Infraseripti
1444 3375 1593 3435 sunt
1642 3367 1960 3436 Aduooati
2005 3368 2193 3437 electi
2258 3388 2375 3455 per
2436 3367 2862 3434 Consiliarios
2915 3368 3019 3434 die

770 3478 1089 3568 predicta:
1138 3477 1368 3545 Priula
1417 3476 1726 3563 Oasiooti,
1778 3476 1994 3544 Dessa
2040 3475 2366 3544 Morsiehe
2417 3476 2614 3559 Faue,
2668 3474 3012 3558 Gregorius

778 3586 1027 3655 domini
1056 3582 1236 3671 Luzi‚
1269 3585 1499 3650 Petrus
1530 3583 1775 3667 Duymi
1808 3581 2044 3666 Ceghe.

988 3692 1108 3760 Isti
1143 3699 1295 3760 sunt
1339 3687 1738 3774 Camerarij:
1772 3689 1954 3758 Jnlla
1999 3687 2179 3756 Ploei
2223 3685 2331 3754 die
2360 3687 2664 3772 Mercurij
2701 3687 2905 3756 tercia
2932 3688 3024 3755 iu·

772 3800 967 3888 rauit,
997 3798 1299 3869 Sel-bella
1327 3798 1538 3866 Desse
1569 3796 1682 3866 die
1715 3794 2054 3863 Dominioo
2086 3794 2365 3883 septima
2393 3793 2661 3864 iurauit.

792 4018 942 4070 Trsn
965 4011 1128 4068 viros
1152 4012 1271 4081 regi
1312 4013 1631 4068 statumina
1655 4008 1973 4078 konyvebffl
2015 4010 2223 4064 Lucius
2258 4010 2517 4063 Memorio
2541 4009 2778 4064 storiehe
2803 4008 2860 4062 di
2884 4007 3024 4060 'rm

1778 4099 1902 4151 204.
1929 4096 2014 4167 1.)
