3319 5249
1775 338 1908 410 814

1774 975 1918 1046 224.

683 1203 692 1214 ·
725 1175 788 1245 Α
818 1181 1012 1267 9ῃόνὶ
1037 1179 1496 1269 kdptalannak
1523 1180 1928 1267 uqyanarrdl
1967 1181 2132 1248 szdld
2162 1185 2300 1249 mds
2329 1180 2726 1268 kiadvdnya.
2762 1180 2960 1248 1281.

944 1409 1312 1498 Capitulum
1341 1399 1722 1482 ‘Jauriensis
1754 1411 2040 1481 Ecclesie
2071 1414 2366 1480 omnibus
2400 1411 2634 1481 Christi
2664 1412 2963 1480 fidelibus

729 1522 1062 1607 presentes
1110 1520 1365 1587 litteras
1396 1521 1786 1607 inspecturis
1818 1520 2090 1589 salutem
2111 1524 2173 1590 in
2195 1522 2470 1589 Domino
2490 1522 2963 1606 sempiternam.

724 1626 832 1696 Ad
874 1627 1316 1697 vniuersorum
1367 1629 1670 1698 noticiam
1722 1630 1951 1699 harum
2001 1631 2167 1698 serie
2224 1632 2515 1700 volumus
2575 1629 2963 1718 peruenire3

729 1735 899 1821 quod
948 1756 1092 1804 cum
1141 1736 1475 1824 Nicolaus,
1525 1737 1748 1804 Buzad
1799 1743 1864 1804 et
1894 1737 2226 1805 Feldricns
2259 1738 2369 1823 filij
2406 1737 2731 1822 quondam
2771 1734 2957 1801 Cbak

726 1842 899 1910 Bani
937 1845 1001 1910 in
1032 1854 1257 1912 nostra
1287 1844 1623 1930 presencia
1653 1846 2075 1933 personaliter
2115 1846 2440 1913 constituti
2475 1846 2785 1930 quasdam
2816 1863 2966 1929 pos·

728 1952 1054 2018 sessiones
1118 1972 1270 2019 suas
1332 1952 1687 2037 Hydegsed
1749 1962 1814 2021 et
1897 1953 2132 2038 Honky
2191 1961 2454 2021 vocatas
2515 1953 2582 2018 in
2645 1951 2967 2019 Comitatu

729 2056 1160 2146 Supruniensi
1208 2060 1560 2129 existentes
1609 2061 1958 2129 secundum
2002 2063 2269 2128 formam
2305 2060 2772 2128 memorialium
2801 2059 2969 2125 litte·

669 2201 672 2206 ·
728 2185 946 2233 rarum
997 2175 1363 2235 nostrarum
1415 2169 1729 2253 Gregorio
1778 2181 1841 2236 et
1888 2169 2149 2238 Andrec
2198 2170 2346 2254 filijs
2392 2171 2561 2237 Petri
2614 2169 2694 2234 de
2726 2184 2968 2252 genere

732 2272 866 2356 Osl,
902 2295 979 2343 ac
1013 2276 1325 2363 Dyonisio
1361 2277 1491 2343 tilio
1527 2278 1965 2345 Bai-tholomei
2000 2279 2079 2348 de
2109 2278 2409 2348 Vezeken
2442 2276 2799 2344 comitibus
2850 2294 2968 2361 pro

731 2382 1029 2450 ducentis
1091 2384 1348 2471 marcis,
1411 2405 1536 2470 que
1597 2388 1664 2451 in
1722 2385 2006 2469 denar-ijs
2070 2386 2542 2453 Viennensibus
2607 2405 2736 2450 non
2799 2383 2966 2450 rasis

729 2488 995 2559 fuerunt
1022 2494 1350 2576 pei-solute
1383 2513 1596 2560 coram
1628 2495 1834 2578 nobis,
1857 2514 2056 2579 usque
2078 2502 2317 2562 certum
2337 2494 2677 2562 terminum
2704 2490 2967 2579 pignori

734 2598 1155 2686 obligassent,
1206 2621 1324 2668 nec
1373 2600 1632 2669 easdem
1665 2603 2108 2689 possessiones
2138 2622 2292 2670 suas
2323 2603 2389 2668 in
2423 2601 2649 2688 primo,
2686 2598 2966 2668 secundo

733 2716 798 2773 et
829 2707 1029 2775 tercio
1062 2708 1353 2775 terminis
1386 2729 1499 2795 per
1532 2706 1932 2795 Goegorium,
1980 2709 2305 2778 Andream
2337 2718 2401 2776 et
2433 2708 2812 2792 Dyonisium
2844 2708 2966 2776 Co·

738 2816 926 2883 mites
975 2823 1107 2883 tam
1159 2816 1584 2884 amicabiliter
1616 2839 1807 2901 quam
1838 2817 2337 2886 misericorditer
2370 2804 2544 2883 ultra
2576 2817 2736 2883 duos
2767 2835 2974 2882 annos

736 2926 1102 3008 prorogatis
1154 2925 1466 2999 redimere
1512 2929 1916 3011 potuissent3
1951 2927 2207 2993 tandem
2241 2946 2358 3011 per
2391 2933 2603 3013 partes
2638 2926 2819 3011 probi
2851 2924 2963 2989 bo·

734 3030 938 3099 mines
991 3032 1077 3099 ad
1126 3033 1551 3101 estimandum
1603 3034 1799 3120 ducti,
1851 3042 2149 3121 presente
2200 3041 2419 3102 nostro
2461 3034 2717 3101 homine
2751 3053 2973 3100 secun·

735 3140 881 3205 dum
918 3139 1395 3209 ordinacionem
1427 3143 1716 3228 parcium
1747 3165 1863 3228 per
1911 3162 2031 3210 nos
2062 3143 2276 3226 misso,
2308 3142 2975 3228 dicte-possessiones,

736 3256 932 3332 prout
961 3256 1181 3333 partes
1214 3250 1673 3316 estimaciones
1708 3258 1772 3318 et
1803 3258 2020 3319 noster
2051 3250 2242 3318 homo
2272 3250 2359 3316 ad
2393 3270 2507 3318 nos
2539 3251 2780 3317 reuersi
2813 3256 2976 3315 retn—

715 3357 964 3441 lerunt,
1015 3376 1132 3442 pro
1182 3358 1482 3425 trecentis
1515 3358 1747 3424 marcis
1781 3358 2034 3426 fuerunt
2070 3359 2401 3443 estimate;
2435 3378 2551 3444 pro
2582 3359 2815 3443 quibus
2847 3366 2969 3425 tre·

730 3465 934 3535 centis
965 3466 1204 3533 marcis
1234 3465 1412 3552 prius
1444 3476 1662 3534 tamen
1694 3468 2071 3535 sufficenter
2099 3466 2472 3535 satisfaccio
2493 3488 2609 3554 per
2630 3464 2975 3550 Andream,

730 3572 1119 3658 Gregorium
1150 3579 1214 3639 et
1243 3573 1626 3660 Dyonisium
1662 3574 1941 3643 Comites
1985 3572 2066 3640 de
2095 3575 2234 3642 illis
2266 3581 2521 3641 centum
2553 3575 2807 3659 marcis,
2844 3592 2971 3657 que

726 3684 799 3754 in
834 3680 1256 3750 estimacione
1305 3691 1724 3751 exercuerant
1770 3704 1969 3769 supra
2017 3682 2330 3751 ducentas
2377 3702 2633 3750 marcas
2682 3690 2970 3767 tempore

727 3790 1304 3875 impignoracionis
1356 3790 1631 3876 habitas,
1687 3792 1842 3858 dicti
1891 3793 2214 3876 Nicolaus,
2268 3788 2488 3858 Bu'zad
2540 3802 2602 3860 et
2633 3792 2976 3861 Feldricns

730 3898 847 3985 filij
904 3897 1228 3984 quondam
1278 3898 1464 3967 chak
1513 3901 1682 3967 Bani
1734 3899 1818 3967 ad
1858 3906 2142 3967 nostram
2176 3896 2516 3969 redeuntes
2547 3902 2974 3986 presenciam,

709 4009 858 4077 ¹iam
913 4007 1134 4074 dictas
1173 4009 1619 4094 possessiones
1670 4029 1825 4076 suas
1879 4008 2228 4094 Hydegsed
2284 4015 2347 4077 et
2398 4007 2641 4097 Honky
2683 4018 2972 4088 vocatas,

732 4139 879 4187 cnm
914 4116 1209 4185 omnibus
1239 4117 1634 4187 vtilitatibus
1667 4126 1732 4187 et
1763 4119 2182 4205 pertinencijs
2215 4118 2373 4208 suis,
2397 4119 2660 4187 clausas
2694 4119 2988 4202 antiquis

731 4226 918 4294 metis
953 4233 1017 4292 et
1048 4224 1357 4312 terminis,
1384 4226 1653 4313 prefatis
1685 4225 1962 4310 Andree‚
2000 4224 2309 4310 Gregorio
2343 4232 2406 4292 et
2436 4226 2749 4313 Dyonisio
2770 4228 2987 4295 Comi·

727 4336 901 4403 tibus
953 4355 1033 4403 ac
1085 4351 1302 4400 eorum
1353 4332 1697 4403 heredibus
1735 4333 2168 4420 heredumque
2201 4336 2682 4404 successoribus
2713 4355 2973 4403 concor-

728 4443 894 4511 diter
944 4443 1370 4531 tradiderunt,
1424 4444 1853 4515 uendiderunt
1902 4452 1967 4511 et
2016 4444 2332 4512 dederunt
2378 4444 2518 4514 iure
2562 4453 2876 4532 perpetuo
2904 4452 2972 4511 et

727 4552 1255 4625 inreuocabiliter
1302 4553 1754 4642 possidendas.
1805 4553 1947 4622 Hoc
1993 4552 2268 4639 adiecto,
2316 4554 2490 4639 quod
2542 4554 2599 4621 si
2640 4554 2970 4640 quispiam

729 4673 1095 4762 temporum
1144 4683 1458 4761 processu
1497 4673 1695 4741 nacta
1726 4664 1950 4756 aliqua.
1981 4663 2324 4741 occasione
2354 4664 2515 4735 eosd
2530 4685 2631 4737 em
2663 4670 2989 4787 emptores
