3319 5249
1815 349 1943 413 136

746 545 1033 629 cerdote,
1091 544 1454 629 DamianO,
1523 544 1693 631 Elya
1745 552 1807 610 et
1859 546 2189 631 Stephano
2221 545 2572 633 Magistris,
2640 548 3004 632 ceterisque

748 652 1093 720 Canonicis
1127 653 1567 721 existentibus.

963 764 1167 827 Kivz'zl
1200 786 1220 826 .·
1266 762 1509 827 Littere
1560 783 1849 828 sororum
1903 763 1984 830 de
2017 761 2244 828 Insula
2283 762 2520 830 Sancte
2552 765 2757 830 Marie
2807 783 3001 849 super

751 867 1001 934 duabus
1033 869 1213 934 villis
1245 869 1488 955 Symog
1524 877 1588 936 et
1621 868 1940 955 Symodor
1971 870 2236 937 vocatis.

751 1047 1024 1111 (Eredetie
1062 1046 1411 1115 borhartyf'tn,
1451 1067 1484 1101 a
1512 1048 1664 1102 hatul
1704 1051 1806 1101 oda
1834 1056 2078 1115 nyomott
2113 1050 2298 1118 pecset
2323 1055 2602 1116 elvcszctt‚
2639 1068 2673 1104 a
2700 1052 2867 1102 budai
2897 1051 3010 1103 kir.

1560 1142 1804 1191 kamarai
1832 1138 2208 1206 leveltarban.)

1665 1392 2094 1402 -.-——-——-—

1828 1729 1934 1794 90.

2536 1932 2822 1949 ,,,,,

1368 2042 1573 2123 yyazd
1606 2037 2150 2121 bizonysciylevele.
2219 2040 2254 2100 1
2263 2041 2348 2103 27
2351 2041 2413 2102 4.

974 2252 1343 2338 Capitulum
1378 2250 1672 2317 Ecclesie
1720 2250 2028 2318 Albensis
2079 2251 2374 2317 omnibus
2419 2249 2661 2316 Christi
2712 2248 3014 2315 fidelibus

758 2368 1092 2448 presentes
1141 2358 1395 2425 litteras
1455 2358 1849 2443 inspecturis
1899 2359 2180 2425 salutem
2231 2359 2297 2424 in
2349 2358 2626 2424 Domino
2679 2358 3016 2441 sempiter-

760 2493 932 2537 nam.
985 2470 1092 2536 Ad
1127 2469 1574 2536 vniuersorum
1622 2468 1932 2533 noticiam
1981 2473 2205 2536 tenore
2254 2468 2657 2555 presencium
2716 2466 3017 2533 volumus

760 2579 1137 2665 peruenire;
1188 2574 1360 2662 quod
1412 2573 1582 2642 Onth
1633 2574 1804 2641 filius
1839 2573 2106 2641 Comitis
2157 2574 2328 2643 Onth
2379 2576 2460 2644 de
2500 2595 2733 2659 genere
2761 2572 3017 2641 Zolonk

764 2691 845 2754 ab
878 2708 1008 2752 una
1039 2693 1230 2771 parte
1252 2738 1269 2767 ,
1318 2684 1720 2750 Laurencius
1772 2690 1833 2750 et
1884 2685 2193 2768 Magister
2223 2685 2554 2753 Johannes
2585 2684 2702 2767 filij
2741 2683 3017 2750 Comitis

762 2793 1051 2878 Chepani
1104 2791 1182 2858 de
1217 2794 1548 2878 Kunmaty
1580 2811 1662 2858 ex
1696 2791 1906 2858 altera
1939 2812 2158 2858 coram
2192 2790 2376 2860 nobis
2411 2793 2748 2859 constituti
2782 2789 3017 2858 retule-

764 2907 911 2968 runt
945 2924 960 2965 ε
1012 2900 1185 2984 quod
1218 2900 1296 2965 de
1328 2907 1499 2966 terra
1550 2898 2170 2967 condicionariorum
2221 2900 2465 2967 domini
2498 2901 2692 2984 Regis
2725 2899 2807 2966 de
2837 2901 3017 2966 Ezen

760 3008 1065 3096 predictis
1118 3007 1483 3073 Laurencio
1535 3014 1600 3073 et
1630 3007 1944 3090 Magistro
1978 3009 2262 3075 ,Iohanni
2314 3029 2355 3075 a
2395 3007 2653 3075 domino
2682 3011 2897 3093 Rege,
2943 3016 3020 3074 ut.

764 3116 1089 3201 dixerunt,
1136 3115 1394 3198 collata,
1444 3121 1684 3181 terram
1736 3114 1887 3183 dicti
1921 3118 2094 3183 Onth
2143 3117 2610 3184 hereditariam
2660 3123 2724 3183 ct
2772 3136 2853 3183 ex
2885 3118 3017 3183 col·

761 3226 1013 3290 lacionc
1044 3223 1247 3305 Regia
1276 3242 1645 3307 possessam
1669 3273 1688 3306 ,
1739 3245 1864 3307 que
1896 3225 2153 3293 mixtim
2204 3227 2388 3311 prius
2433 3246 2577 3292 cum
2614 3233 2785 3290 terra
2816 3223 3019 3292 dicto-

764 3353 903 3396 rum
936 3331 1562 3397 condicionariorum
1588 3331 1835 3397 domini
1863 3335 2060 3416 Regis
2092 3335 2160 3399 in
2192 3335 2365 3400 Ezen
2400 3332 2791 3400 adiacebant
2823 3331 3018 3419 (igy),

764 3447 1184 3528 separassent
1234 3449 1300 3506 ct
1352 3440 1803 3508 distinxissent
1853 3442 1919 3505 in
1972 3439 2094 3526 hys
2127 3440 2366 3507 metis:
2414 3439 2606 3517 Quod
2642 3441 2850 3524 prime
2890 3440 3021 3507 dne

763 3558 931 3616 mete
966 3549 1282 3633 incipiunt
1330 3551 1415 3615 ab
1446 3550 1696 3616 oriente
1747 3568 1789 3615 a
1819 3549 2089 3616 termino
2124 3557 2294 3615 terre
2327 3548 2646 3636 Boyonka
2674 3548 2745 3614 in
2775 3568 3023 3632 magna

764 3660 889 3743 via,
941 3676 1210 3740 quarum
1262 3676 1390 3720 una
1443 3658 1528 3722 ab
1562 3657 1867 3741 aquilone
1919 3663 2019 3723 est
2069 3655 2225 3722 dicti
2256 3655 2449 3738 Onth,
2497 3657 2634 3722 alia
2674 3678 2716 3722 a
2748 3657 3024 3724 meridie

764 3768 1110 3851 Laui-eucij
1165 3773 1227 3830 et
1264 3766 1559 3856 Magistri
1593 3764 1911 3833 Jobannis
1961 3764 2434 3851 predictorum3
2485 3763 2567 3830 de
2606 3765 2841 3846 quibus
2875 3786 3021 3850 pro·

762 3874 1042 3939 tenditur
1074 3874 1141 3938 in
1175 3873 1402 3939 eadem
1435 3873 1546 3938 via
1564 3892 1792 3940 uersus
1825 3874 2247 3959 occidentem,
2284 3878 2348 3938 ct
2380 3871 2640 3937 uenitur
2663 3892 2782 3955 per
2806 3873 3023 3957 ipsam

764 4002 1068 4064 magnam
1102 3981 1275 4046 viam
1328 4000 1533 4062 usque
1583 3976 1671 4044 ad
1700 3979 1969 4045 fundum
2022 3979 2197 4045 curie
2249 3979 2493 4045 domini
2525 3977 2700 4045 Onth
2734 3981 2818 4046 ad
2851 3980 3023 4047 duas

764 4099 968 4155 metas
1020 4090 1264 4172 positas
1317 4090 1382 4154 in
1417 4093 1603 4173 prato
1655 4089 1739 4155 ab
1790 4090 2096 4170 aquilone
2145 4094 2296 4154 ante
2348 4087 2592 4154 curiam
2641 4084 2796 4153 dicti
2830 4084 3030 4156 Onth,

740 4217 1033 4278 -quarum
1058 4217 1187 4262 una
1207 4199 1289 4262 ab
1312 4198 1618 4280 aquilone
1639 4204 1737 4263 est
1756 4195 1913 4263 dicti
1934 4196 2128 4282 Onth,
2162 4196 2299 4262 alia
2319 4217 2362 4262 a
2379 4195 2654 4261 meridie
2672 4196 2994 4260 Laurenci
2989 4197 3023 4279 j

767 4311 830 4369 et
860 4304 1158 4386 Magistri
1209 4304 1560 4388 Johannis3
1615 4310 1681 4370 ct
1731 4304 1810 4370 de
1861 4304 2112 4371 eisdem
2162 4304 2514 4371 reflectitur
2563 4299 2650 4369 ad
2686 4303 3026 4370 meridiem

764 4409 975 4475 eundo
1026 4411 1091 4474 in
1143 4411 1323 4475 breui
1375 4413 1627 4496 spacio,
1687 4412 1863 4478 uenit
1915 4413 2003 4478 ad
2053 4412 2217 4478 duas
2268 4418 2475 4478 metas
2526 4417 2777 4478 erectas
2830 4432 3029 4496 super

765 4518 1024 4582 dumum
1060 4517 1385 4594 sambuci,
1438 4537 1709 4600 quarum
1745 4539 1875 4585 una
1926 4540 1966 4584 a
1998 4518 2460 4604 septemtrione
2506 4525 2604 4585 est
2636 4516 2794 4584 dicti
2827 4516 3026 4602 Onth,

766 4624 904 4690 alia
952 4644 992 4689 a
1042 4623 1312 4690 meridie
1362 4625 1837 4712 predictorum;
1901 4625 1984 4693 de
2036 4626 2268 4710 quibus
2321 4624 2566 4692 directe
2615 4624 2885 4693 inclinat
2933 4626 3028 4692 ad
