3319 5249
1411 316 1492 380 15

316 510 512 594 emulj
548 507 649 575 sui
685 508 909 593 iniqua
942 509 1476 578 confederacione
1524 511 1701 579 falsa
1733 518 2155 596 suggerentes
2207 517 2274 578 et
2305 512 2579 598 instiga-

314 620 497 685 cione
553 616 712 685 fene
779 619 978 704 plena
1039 620 1325 685 animum
1396 626 1690 687 nostrum
1756 620 2230 709 aduertissent,
2301 642 2447 689 eum
2497 622 2579 689 de

313 733 679 792 nostrorum
729 726 1012 794 fidelium
1063 727 1525 814 contubernio,
1581 737 1644 796 et
1679 729 1761 796 de
1794 731 1985 798 domo
2026 738 2250 799 nostra
2292 732 2577 799 occasio-

316 834 558 901 naliter
590 855 717 900 non
754 854 836 901 ex
868 855 1074 903 causa
1105 838 1377 922 effugari
1410 837 1829 923 studuissent,
1868 838 2196 923 priuatum
2230 840 2580 908 honoribus

317 953 378 1010 et
420 944 812 1028 Magistratu
870 943 1369 1032 Dapiferorum,
1419 945 1650 1030 quibus
1703 950 1786 1015 ab
1839 946 2066 1014 eodem
2117 954 2304 1031 patre
2357 956 2579 1015 nostro

319 1052 511 1138 digne
546 1052 765 1120 fuerat
814 1055 1243 1142 sublimatus;
1294 1057 1433 1142 ipse
1465 1057 1533 1123 in
1572 1054 1939 1123 huiusmodi
1990 1055 2402 1124 aduersitate
2434 1078 2579 1125 con-

318 1162 617 1246 stitutus,
687 1164 1028 1232 fidelitatis
1098 1186 1214 1234 sue
1264 1167 1564 1233 meritum
1618 1174 1683 1233 et
1734 1166 2188 1251 obsequiorum
2238 1169 2576 1255 premium,

315 1273 849 1358 frequentemque
882 1274 1222 1358 sanguinis
1254 1276 1355 1342 sui
1390 1274 1770 1342 effusionem
1806 1295 2048 1343 canens
2081 1298 2161 1344 ex
2198 1277 2581 1344 innocencia

318 1383 565 1466 inuoluj
621 1381 970 1449 obliuionis
1041 1382 1267 1450 nubilo
1319 1404 1398 1448 ac
1449 1385 1618 1451 uicio
1687 1384 2174 1468 ingratitudinis
2245 1385 2577 1473 maculari,

322 1511 581 1576 semper
611 1491 853 1558 mansit
901 1491 1088 1558 nobis
1123 1492 1189 1557 in
1224 1491 1478 1558 feruore
1518 1491 1876 1575 fidelitatis,
1927 1499 1991 1558 et
2024 1495 2174 1560 aliis
2207 1514 2370 1577 quos
2401 1478 2579 1561 exal-

319 1608 691 1666 taueramus
738 1599 914 1667 vltra
948 1600 1265 1686 meritum,
1303 1600 1488 1668 nobis
1522 1601 2009 1689 rebellantibuS,
2062 1601 2241 1668 solus
2274 1602 2414 1686 ipse
2448 1603 2579 1669 Ma-

321 1709 525 1793 gister
557 1709 785 1775 Petrus
818 1729 916 1791 ea,
968 1728 1091 1793 que
1143 1710 1267 1777 sibi
1319 1710 1412 1776 sic
1445 1711 1754 1776 iniuriose
1809 1711 2102 1794 irrogata
2136 1709 2414 1797 fuerant,
2465 1732 2581 1795 pro

324 1817 739 1901 beneplacito
772 1817 1128 1883 voluntatis
1176 1824 1415 1906 nostre,
1470 1821 1623 1887 licet
1654 1840 1783 1885 non
1816 1821 2065 1902 absque
2098 1818 2310 1885 cordis
2343 1820 2578 1885 amari-

324 1927 566 2012 tudine,
618 1926 1051 2009 equanimiter
1099 1928 1428 1996 tolcrauit.
1478 1930 1712 1996 Verum
1755 1929 1954 2011 igitur
2002 1933 2275 2013 peracto
2307 1926 2580 1994 alicuius

325 2036 635 2122 temporis
668 2035 1009 2120 curriculo,
1060 2038 1141 2103 ab
1176 2039 1436 2105 illorum
1490 2039 1812 2123 manibus,
1859 2038 1967 2122 qui
2010 2058 2126 2104 nos
2169 2036 2381 2103 minus
2414 2037 2580 2103 bene

324 2144 804 2229 gubernabant,
860 2146 1104 2234 erepti,
1156 2166 1299 2213 cum
1353 2148 1524 2214 inter
1573 2147 1745 2214 alias
1800 2147 2272 2215 sollicitudines
2323 2152 2579 2213 nostras

326 2254 721 2339 cepissemus
755 2255 927 2319 intra
961 2256 1199 2323 mentis
1233 2261 1451 2323 nostre
1485 2255 1774 2323 archana
1808 2256 2157 2342 reuoluere,
2211 2261 2276 2320 et
2306 2273 2581 2339 pensare

325 2364 389 2429 in
421 2363 663 2440 animo,
714 2362 996 2447 qualiter
1042 2363 1217 2431 idem
1251 2363 1568 2447 Magister
1602 2365 1854 2444 Petrus,
1909 2361 2091 2430 euius
2125 2362 2579 2444 obsequiorum

325 2472 772 2539 remuneracio
823 2472 909 2537 ad
961 2479 1250 2558 tempora
1300 2481 1526 2540 nostra
1577 2473 1810 2540 celitus
1859 2471 1979 2538 suit
2033 2477 2383 2556 reseruata,
2438 2472 2581 2537 sine

323 2600 593 2648 excessu
632 2601 749 2648 suo
800 2580 1090 2667 priuatus
1124 2587 1265 2651 erat
1297 2582 1650 2651 honoribus
1683 2589 1748 2649 et
1781 2580 2169 2666 quibusdam
2221 2578 2578 2666 possessio-

324 2689 512 2755 nibus
544 2688 704 2775 suis,
756 2710 837 2756 ae
868 2690 949 2756 de
1000 2690 1187 2759 domo
1218 2697 1443 2761 nostra
1492 2690 2006 2775 occasionaliter,
2063 2689 2227 2754 sicut
2283 2688 2578 2774 premisi-

329 2819 489 2882 mus,
539 2797 888 2884 effugatus,
920 2805 983 2866 ct
1013 2799 1292 2882 qualiter
1324 2800 1691 2868 huiusmodi
1726 2799 2084 2867 vindictam
2133 2798 2375 2876 iniuria
2406 2816 2578 2864 ama·

328 2905 634 2972 titudinis
666 2928 796 2974 non
833 2928 1102 2974 uacuam
1136 2909 1259 2976 sibi
1311 2931 1391 2976 ex
1425 2910 1699 2976 aliorum
1752 2907 2079 2974 mortifera
2131 2906 2354 2972 fraude
2399 2926 2579 2972 exco-

331 3015 602 3096 gitatam
635 3035 752 3100 pro
782 3018 971 3084 nobis
1003 3018 1310 3108 sustinuit
1344 3019 1702 3104 pacientcr3
1735 3016 2184 3085 reuocauimus
2227 3036 2392 3102 eum,
2427 3015 2582 3097 quia

330 3125 396 3188 in
426 3124 613 3189 nullo
647 3131 871 3191 contra
904 3131 1190 3194 nostram
1222 3128 1635 3194 Maiestatem
1670 3127 1976 3212 apparuit
2008 3123 2391 3210 excessisse,
2442 3123 2583 3188 sine

333 3240 485 3298 nota
536 3240 602 3297 et
653 3231 1318 3317 inreprehensibiliter
1371 3233 1785 3301 demorando.
1858 3233 1942 3300 Et
1974 3236 2045 3299 ut
2094 3231 2455 3317 prenotatis
2505 3249 2583 3296 ac

334 3340 552 3407 multis
615 3339 768 3407 aliis
821 3343 1075 3409 actibus
1129 3343 1265 3411 suis
1334 3342 1677 3411 meritoriis
1727 3363 1846 3427 per
1894 3363 2050 3422 nos,
2106 3333 2271 3406 licet
2317 3358 2445 3404 non
2495 3336 2581 3404 ad

333 3449 614 3535 plenum,
653 3448 955 3536 satisfiat,
1006 3451 1388 3518 centulimus
1436 3451 1560 3519 sibi
1601 3459 1666 3517 et
1718 3471 1832 3535 per
1873 3470 2017 3516 cum
2067 3447 2201 3514 suis
2237 3445 2582 3513 heredibus

336 3557 768 3639 heredumque
838 3579 1097 3625 suorum
1167 3560 1648 3628 successoribus
1714 3566 1919 3625 totam
1971 3556 2447 3643 possessionem
2501 3553 2584 3619 de

332 3665 617 3752 Seynthe
652 3685 794 3734 cum
829 3667 1063 3734 tributo
1099 3667 1256 3753 eius,
1314 3675 1376 3734 et
1410 3668 1803 3736 utilitatibus
1837 3667 1970 3733 suis
2005 3663 2301 3733 omnibus
2332 3682 2413 3729 ae
2444 3681 2582 3747 per-

330 3774 631 3841 tinenciis
664 3774 992 3842 Vniuersis
1043 3798 1084 3842 a
1115 3776 1344 3843 Castro
1378 3775 1458 3842 de
1491 3773 1830 3859 Golgouch
1865 3778 1929 3841 et
1960 3773 2100 3841 eius
2134 3770 2584 3840 iurisdiccione

336 3889 675 3969 exceptam
728 3885 813 3950 ab
863 3885 1132 3967 antiquo
1185 3884 1443 3970 penitus
1514 3890 1576 3950 ct
1628 3888 2036 3968 exemptam,
2094 3879 2233 3948 iure
2281 3882 2586 3962 perpetuo

330 3990 860 4060 inreuocabiliter
928 3991 1191 4076 pacifice
1252 3992 1755 4078 possidendam,
1808 3989 1976 4056 sicut
2028 3988 2232 4054 eciam
2287 3984 2586 4070 primitus

330 4100 808 4185 possessionem
840 4100 1111 4166 eandem
1146 4100 1461 4185 Magister
1479 4097 1833 4167 Mauricius
1861 4104 2152 4182 tempore
2183 4095 2341 4162 Bele
2375 4093 2581 4178 inclitj

330 4210 436 4295 anj
476 4212 680 4295 nostrj
719 4211 896 4276 clare
929 4210 1238 4275 memorie
1285 4209 1487 4275 tenuit
1536 4209 1782 4293 pariter
1820 4213 1884 4273 et
1911 4203 2224 4290 possedit.
2272 4201 2358 4267 Vt
2389 4201 2589 4287 igitur

331 4318 449 4384 hcc
503 4327 730 4385 nostra
779 4317 1053 4384 collaeio
1105 4319 1296 4383 robur
1344 4317 1635 4384 obtineat
1684 4319 1996 4400 perpetue
2047 4308 2406 4394 firmitatis,
2465 4327 2587 4375 nec

334 4446 450 4512 per
483 4426 855 4510 quempiam
906 4424 1097 4510 lapsu
1133 4430 1498 4510 temporum
1531 4423 1753 4491 valeat
1801 4420 2179 4505 aliqualiter
2209 4416 2588 4502 retractari3

337 4543 675 4620 presentes
743 4531 1178 4601 concessimus
1229 4532 1480 4599 litteras
1540 4530 1818 4617 duplicis
1870 4530 2090 4615 sigilli
2127 4525 2332 4596 nostri
2384 4525 2590 4591 muni-

336 4645 507 4708 mine
560 4641 914 4709 roboratas.
984 4641 1228 4708 Datum
1284 4661 1401 4725 per
1450 4660 1684 4707 manus
1719 4638 2015 4722 Magistri
2058 4634 2396 4718 Benedictj
2431 4632 2588 4700 Oro·
