3319 5249
1339 366 1426 430 65

222 557 559 625 dimicauit
592 559 917 642 quendam
955 559 1221 627 militem
1245 558 1688 644 Teutonicum,
1726 558 2277 643 consanguineum
2310 559 2488 626 vide·

224 666 371 733 licet
423 668 705 735 Comitis
736 670 1153 754 Kyrunguert
1203 668 1617 756 captiuando,
1672 670 1970 752 aliosque
2023 689 2217 751 quam
2270 668 2488 753 plures

224 776 608 844 uulnerauit.
654 779 729 844 In
770 798 897 859 quo
932 778 1137 843 eciam
1190 777 1362 844 bello
1395 775 1595 862 ijdem
1629 776 1919 843 Barones
1954 774 2159 843 nostri
2192 782 2335 842 octo
2367 779 2484 844 Ba·

231 905 408 952 rones
465 886 682 972 ipsius
734 886 932 969 Regis
962 886 1350 952 Boemorum
1384 885 1824 970 captiuarunt,
1879 888 1944 950 et
1975 885 2165 952 nobis
2196 884 2484 953 adduxe·

229 1002 365 1060 runt
395 995 787 1080 captiuatos.
837 991 912 1061 In
946 995 1179 1079 quibus
1215 995 1473 1079 quidem
1508 993 1702 1060 bellis
1737 1001 1800 1061 et
1831 994 2248 1080 processibus
2280 996 2487 1062 multa

229 1101 512 1190 uulnera,
540 1109 605 1170 et
625 1103 1001 1192 specialiter
1031 1104 1153 1171 sub
1176 1101 1349 1170 dicto
1381 1110 1594 1169 castro
1617 1100 1998 1169 Zombothel
2017 1101 2218 1169 letale
2249 1103 2487 1170 uulnus

229 1213 288 1276 in
321 1234 521 1280 manu
556 1215 791 1280 dextra
837 1215 976 1298 ipse
1010 1214 1324 1297 Magister
1362 1212 1676 1279 Nicolaus
1710 1232 1827 1297 per
1879 1214 2174 1280 lanceam
2217 1214 2488 1297 pertulit

231 1328 288 1386 et
316 1322 618 1408 excepit3
668 1327 854 1407 prout
886 1322 1239 1407 premissas
1280 1321 1630 1388 fidelitates
1671 1328 1734 1387 et
1777 1320 2193 1388 seruiciorum
2228 1340 2486 1389 suorum

231 1431 450 1497 merita
505 1431 877 1497 nominatus
927 1431 1237 1512 Magister
1268 1428 1639 1515 Joachinus,
1688 1435 1753 1495 et
1790 1427 1902 1515 alij
1939 1426 2165 1497 fideles
2194 1430 2486 1497 Barones

233 1541 425 1606 nostri
460 1540 654 1607 nobis
686 1539 949 1605 oraculo
1000 1537 1146 1604 vine
1196 1538 1378 1605 uocis
1408 1538 1786 1605 retulerunt.
1854 1534 2143 1622 Cumque
2174 1540 2313 1625 ipsc
2353 1547 2485 1611 Ma-

231 1647 426 1728 gister
458 1648 775 1714 Nicolaus
810 1655 1070 1733 propter
1120 1645 1490 1714 huiusmodi
1537 1633 1762 1730 fidelia
1813 1648 2090 1715 seruicia
2129 1672 2247 1716 sua
2288 1673 2483 1734 quan-

235 1751 374 1820 dam
427 1761 673 1823 terram
726 1776 910 1822 suam
952 1756 1160 1841 Sytke
1208 1762 1527 1838 uocatam,
1578 1775 1770 1838 quam
1823 1776 1939 1842 per
1988 1757 2315 1826 dominam
2351 1763 2483 1828 Ma-

232 1863 380 1930 riam
434 1864 756 1946 Reginam
809 1865 1183 1949 Hungarie,
1241 1883 1431 1930 auam
1499 1871 1790 1930 nostram
1840 1864 2256 1936 karissimam
2308 1872 2484 1938 clare

237 1973 726 2048 recordacionis,
764 1980 1088 2059 receptam
1130 1994 1273 2041 esse
1324 1974 1584 2041 dicebat
1615 1975 1901 2043 indebite
1953 1987 2014 2045 et
2045 1980 2300 2067 iniuste,
2352 1987 2482 2053 sibi

236 2082 478 2147 restitui
557 2082 936 2166 petiuisset;
1026 2103 1141 2149 nos
1192 2081 1429 2149 sactum
1485 2090 1654 2150 terro
1724 2084 2011 2153 eiusdem
2075 2089 2486 2174 inquisicioni

237 2188 525 2256 Mauricii
578 2189 656 2258 de
690 2189 876 2256 Deed
929 2190 1206 2258 hominis
1260 2194 1463 2258 nostri
1497 2194 1616 2259 sub
1651 2193 2025 2262 testimonio
2060 2199 2343 2284 Capituli
2377 2205 2482 2268 Al-

238 2297 446 2364 bensis
498 2297 800 2366 duximus
853 2297 1398 2365 committendam.
1451 2298 1639 2375 Quod
1680 2303 1939 2386 quidem
1974 2305 2343 2391 Capitulum
2377 2332 2484 2377 no·

238 2405 329 2471 bis
378 2406 788 2491 postmodum
843 2407 1314 2492 rescripserunt
1366 2409 1430 2472 in
1486 2407 1654 2475 hunc
1710 2411 1989 2496 modum,
2041 2422 2109 2480 ut
2160 2416 2481 2485 hominem

240 2514 511 2598 ipsorum
566 2515 822 2582 fidelem
893 2535 1171 2582 unacum
1223 2516 1535 2584 Mauricio
1603 2518 1862 2586 homine
1922 2530 2142 2587 nostro
2197 2525 2483 2607 predicto

239 2626 778 2709 transmittentes,
847 2623 1083 2692 uicinis
1136 2631 1201 2690 et
1252 2626 1711 2693 commetaneis
1765 2629 2061 2696 omnibus
2114 2637 2483 2702 conuocatis

241 2732 735 2816 reambulandO,
784 2732 994 2817 ipsam
1044 2738 1285 2799 terram
1340 2732 1512 2801 idem
1565 2735 1753 2801 homo
1806 2744 2024 2803 noster
2054 2742 2390 2810 statuisset
2419 2754 2487 2811 et

242 2843 633 2924 assignasset
681 2841 990 2925 Magistro
1043 2840 1317 2908 Nicolao
1370 2841 1724 2928 antediem,
1780 2844 1961 2910 nullo
2014 2849 2483 2921 contradictore

244 2950 484 3030 penitus
536 2947 878 3015 existente.
946 2951 1081 3016 Nos
1112 2949 1317 3033 igitur
1367 2950 1795 3017 consideratis
1848 2960 1943 3020 tot
1983 2962 2046 3021 et
2098 2959 2292 3024 tantis
2334 2962 2476 3029 fide·

241 3054 389 3122 libus
453 3062 521 3120 et
584 3056 932 3140 meritorijs
1014 3042 1312 3140 seruiciJs
1378 3059 1662 3143 ipsorum
1747 3060 2041 3143 Magistri
2103 3064 2356 3144 Nicolai
2420 3080 2486 3138 et

243 3162 541 3249 Ladizlai,
591 3163 863 3231 eandem
912 3172 1154 3231 terram
1189 3165 1400 3251 Sytke
1447 3186 1592 3233 cum
1640 3167 1937 3235 omnibus
1986 3172 2370 3244 utilitatibus
2420 3190 2485 3246 et

243 3271 647 3356 pertinencijs
698 3273 873 3359 suis,
924 3271 1169 3340 eisdem
1204 3275 1535 3358 Magistris
1586 3275 1862 3343 Nicolao
1905 3267 2349 3372 et'Ladizlao,
2407 3308 2485 3352 ac

243 3396 337 3463 per
381 3400 497 3447 eos
551 3380 847 3448 Teodoro
898 3380 1091 3448 fratri
1149 3403 1370 3449 eorum
1443 3382 1818 3466 reliquimus
1878 3391 1942 3451 et
1992 3387 2355 3461 dimisimus
2409 3417 2485 3463 ac

243 3487 429 3554 eciam
479 3487 866 3555 contulimus
915 3490 1054 3557 iure
1107 3497 1416 3576 perpetuo
1470 3498 1533 3557 et
1583 3494 1848 3577 pacifice
1901 3499 2361 3581 possidendam
2405 3505 2483 3573 de

244 3602 446 3660 nostra
497 3596 724 3679 gracia
773 3595 969 3681 pleno
1029 3598 1187 3665 iure.
1270 3599 1352 3663 Vt
1403 3600 1595 3683 igitur
1648 3600 1838 3669 huius
1890 3606 1982 3670 rei
2034 3608 2235 3675 series
2289 3614 2483 3681 robur

242 3703 518 3785 optineat
568 3711 876 3791 perpetue
926 3707 1290 3793 firmitatis,
1360 3716 1424 3774 et
1472 3728 1554 3774 ne
1603 3731 1911 3796 processu
1964 3722 2321 3802 temporum
2371 3743 2488 3807 per

245 3811 599 3896 quempiam
652 3813 862 3895 possit
908 3814 1017 3880 vel
1053 3814 1286 3882 debeat
1335 3815 1401 3881 in
1436 3816 1685 3883 irritum
1733 3824 2106 3909 retractari,
2152 3838 2487 3912 presentes

245 3916 666 3985 concessimus
715 3919 968 3989 litteras
1018 3921 1348 4008 dupplicis
1396 3924 1601 4006 sigilli
1651 3928 1856 3995 nostri
1905 3934 2260 4001 munimine
2304 3938 2483 4003 robo-

243 4030 420 4091 ratas.
489 4027 732 4092 Datum
781 4046 900 4112 per
951 4049 1180 4095 manus
1232 4030 1529 4115 Magistri
1581 4035 1918 4104 Benedicti
1973 4039 2208 4108 Sancte
2242 4044 2483 4130 Sti-igo-

244 4130 471 4200 niensis
527 4134 821 4202 Ecclesie
855 4136 1083 4221 Electi,
1138 4138 1428 4206 eiusdem
1479 4142 1604 4207 loci
1653 4141 1921 4212 Comitis
1970 4153 2288 4236 perpetui,
2337 4156 2487 4221 aule

245 4249 445 4309 nostre
482 4241 1064 4330 vice-Cancellarij
1102 4247 1427 4330 Prepesiti
1461 4249 1823 4338 Budensis,
1884 4255 2105 4325 dilecti
2160 4267 2222 4327 et
2275 4263 2483 4330 fidelis

246 4351 451 4435 nostri,
487 4371 662 4417 anno
697 4353 952 4418 Domini
987 4354 1331 4422 millesimo
1363 4358 1705 4424 CC⁰LXX⁰
1739 4370 1987 4452 quarto,
2028 4368 2237 4452 Regni
2270 4379 2485 4438 autem

250 4457 432 4521 nostri
504 4479 679 4525 anno
729 4462 1050 4546 secunde,
1126 4464 1255 4529 II·o
1305 4464 1532 4532 Nonas
1584 4469 1898 4557 Augusti,
1962 4473 2336 4543 Indiccioue
2384 4500 2483 4546 se·

247 4564 456 4630 cunda.
491 4566 986 4635 Venerabilibus
1024 4572 1317 4654 patribus
1353 4574 1685 4660 Stephano
1720 4577 2056 4648 Colocensi
2089 4589 2153 4648 et
2183 4583 2484 4653 Johanne

250 4668 599 4754 spalatensi
630 4675 1172 4764 Archiepiscopis,
1226 4680 1569 4769 Lamperto
1602 4683 1936 4775 Agriensi,
1986 4689 2189 4756 Paulo
2229 4692 2485 4777 Vespri·

325 4806 518 4845 xoxma.
550 4810 717 4850 nuno.
751 4812 889 4850 mer.
927 4822 1006 4834 -—
1044 4814 1263 4858 menon.
1320 4815 1390 4858 17.
2118 4801 2160 4869 5
