3319 5249
1395 311 1515 377 151

318 501 397 569 de
432 503 657 569 Insula
687 505 886 571 Beate
910 503 1199 589 Uirginis
1219 507 1356 573 iure
1378 514 1691 593 perpetuo
1732 515 1796 573 et
1827 509 2095 592 pacifice
2115 510 2578 596 possidendam

316 632 391 679 eo
426 612 569 678 iure
586 662 606 698 ,
657 631 864 696 eaque
896 612 1297 698 plenitudine
1316 667 1336 703 ,
1385 618 1619 701 quibus
1669 616 1936 683 domina
1966 618 2042 683 E.
2075 619 2331 702 Regina
2370 618 2579 686 karis-

314 721 484 786 sima
515 738 739 786 socrus
792 725 1013 787 nostra
1067 721 1311 789 eisdem
1375 724 1706 793 sororibus
1759 724 2162 810 dignoscitur
2224 723 2579 792 contulisse

313 828 525 910 ipsam
550 835 810 894 terram.
856 829 1096 895 Datum
1130 828 1197 895 in
1230 831 1459 898 Insula
1491 833 1694 899 Beate
1725 832 2017 917 Uirginis
2056 830 2350 919 predicta
2381 834 2578 899 tercio

314 934 420 1001 die
481 937 635 1020 post
691 936 927 1003 festum
1007 936 1246 1004 Sancte
1327 939 1641 1006 Katerine
1723 940 2012 1025 Uirginis
2074 960 2246 1008 anno
2308 940 2575 1006 Domini

313 1040 761 1119 M⁰CC⁰LXX⁰
800 1050 1010 1110 sexto.

313 1223 591 1285 (En-detio
618 1219 964 1293 bothartyan,
1009 1241 1044 1276 a
1071 1223 1222 1277 hatul
1268 1226 1371 1277 oda
1416 1234 1662 1293 nyomott
1711 1226 1896 1293 pcc-set
1939 1227 2192 1281 toredeke
2238 1243 2506 1295 megvan3
2543 1242 2576 1277 a

965 1317 1134 1369 budai
1160 1317 1262 1368 kir.
1290 1317 1537 1369 kamarai
1564 1314 1949 1387 leveltarban.)

1380 2032 1528 2100 103.

329 2234 394 2300 V.
428 2235 944 2321 Inczepa'pcinak
974 2234 1252 2319 bulldja,
1298 2234 1587 2321 melylyel
1617 2258 1661 2297 a
1693 2235 2067 2322 nyt'dsziqeti
2104 2236 2579 2321 apa'czaza'rda't

388 2366 468 2407 az
501 2343 784 2429 apostoli
814 2343 1074 2407 szeknek
1105 2342 1371 2407 hillones
1397 2342 1922 2429 pdrtfoqudban
1952 2345 2251 2410 rdszestti.
2305 2345 2501 2410 1276.

531 2520 947 2588 Innocentius
985 2520 1352 2606 Episcopus
1402 2539 1631 2588 seruus
1681 2540 2021 2588 seruorum
2064 2520 2186 2588 Dei
2219 2519 2478 2587 dilectis
2511 2520 2576 2585 in

323 2629 580 2697 Christo
613 2630 899 2697 filiabus.
928 2679 981 2695 ..
1018 2627 1336 2697 Priorisse
1367 2630 1745 2715 Monasterij
1768 2630 2005 2698 Sancte
2027 2629 2230 2698 Marie
2249 2629 2332 2696 dc
2352 2629 2578 2695 Insula

318 2737 603 2822 Danubij
625 2789 644 2824 ,
697 2739 965 2821 eiusque
1027 2738 1353 2805 sororibus
1418 2744 1550 2803 tam
1614 2738 2025 2823 presentibus
2088 2757 2285 2820 quam
2349 2737 2580 2803 futuris

318 2846 681 2931 regularem
713 2846 923 2914 vitam
949 2845 1258 2932 professis
1281 2845 1349 2912 in
1369 2852 1767 2932 perpetuum.
1800 2845 2200 2929 Religiosam
2233 2846 2433 2911 uitam
2469 2845 2578 2912 eli-

317 2955 620 3040 gentibus
668 2955 1112 3040 Apostolieum
1167 2953 1472 3021 conuenit
1532 2953 1761 3021 adesse
1813 2952 2204 3039 presidium,
2274 2973 2354 3018 ne
2406 2952 2574 3019 forte

318 3062 665 3130 cuiuslibet
726 3061 1109 3131 temeritatis
1170 3064 1471 3130 incursus
1522 3069 1641 3152 aut
1689 3083 1799 3128 eas
1832 3083 1874 3128 a
1907 3062 2240 3147 proposito
2305 3066 2580 3144 reuocet,

318 3179 431 3239 aut
462 3174 696 3256 robur,
745 3171 917 3254 quod
966 3171 1181 3257 absit,
1231 3190 1418 3236 sacre
1456 3168 1793 3253 religionis
1843 3178 2120 3236 eneruet.
2187 3170 2578 3254 Eapropter,

319 3280 553 3346 dilecte
584 3281 655 3344 in
690 3277 950 3345 Christo
976 3278 1126 3366 filie,
1163 3276 1398 3346 uestris
1428 3276 1617 3345 iustis
1654 3278 2203 3363 postulationibus
2227 3278 2582 3342 clementer

316 3387 716 3473 annuimus,
766 3395 831 3454 et
862 3386 1325 3455 Monasterium
1377 3389 1617 3454 Sancte
1668 3386 1870 3452 Marie
1907 3386 1986 3453 de
2018 3386 2246 3454 Insula
2295 3384 2579 3470 Danubij

318 3494 815 3582 vesprimiensis
865 3496 1201 3581 Dioccsis,
1251 3495 1317 3560 in
1374 3515 1498 3578 quo
1548 3493 1790 3561 Diuino
1843 3494 2003 3560 estis
2043 3493 2352 3577 obsequio
2405 3513 2579 3558 man·

317 3604 574 3690 cipate,
622 3602 744 3669 sub
775 3602 959 3670 Beati
993 3600 1169 3669 Petri
1223 3607 1286 3668 et
1334 3609 1560 3668 nostra
1610 3601 2010 3687 protectione
2043 3600 2469 3686 suscipimus,
2517 3606 2582 3665 et

316 3709 637 3796 presentis
670 3711 892 3795 scripti
945 3710 1292 3796 priuilegio
1345 3708 1850 3776 communimus..
1883 3709 1953 3772 In
1997 3706 2223 3793 primis
2257 3704 2577 3790 siquidem

316 3826 720 3907 statuentes,
768 3826 840 3886 ut
872 3818 1027 3885 ordo
1062 3819 1408 3886 canonieus
1427 3869 1445 3904 ,
1497 3818 1609 3902 qui
1663 3815 2015 3884 secundum
2049 3817 2262 3881 Deum
2295 3823 2361 3882 et
2396 3814 2577 3880 Beati

314 3925 670 4011 Augustini
698 3927 1012 4012 regulam,
1048 3931 1243 4009 atque
1275 3924 1744 3991 institutionem
1793 3924 2061 3990 fratrum
2094 3921 2578 3989 Predieatorum

315 4037 383 4103 in
417 4036 645 4103 eodem
679 4034 1076 4101 Monasterio
1129 4032 1459 4100 institutus
1494 4053 1640 4102 esse
1673 4031 2060 4116 dinoscitur,
2097 4029 2425 4116 perpetuis
2461 4028 2581 4094 ibi-

318 4146 465 4214 dem
498 4144 899 4230 temporibus
949 4143 1417 4210 inuiolabilitcr
1482 4144 1884 4209 obseruetur.
1933 4142 2236 4207 Preterea
2266 4156 2583 4221 quascun-

318 4276 442 4340 que
476 4253 929 4339 possessiones
990 4260 1055 4319 et
1114 4272 1496 4337 quecunque
1545 4251 1718 4318 bona
1768 4251 1937 4317 idem
1972 4248 2428 4317 Monasterium
2463 4246 2577 4311 im·

318 4362 809 4450 presenciarum
843 4360 1011 4428 iuste
1041 4379 1119 4427 ac
1151 4361 1463 4426 canonice
1501 4358 1815 4445 possidet,
1871 4365 1986 4425 aut
2017 4355 2084 4423 in
2119 4357 2402 4423 futurum
2437 4374 2581 4420 eon-

326 4469 626 4537 cessione
667 4467 1087 4555 Pontificum,
1135 4467 1488 4553 largitione
1535 4469 1784 4552 Regum
1815 4464 1921 4533 uel
1952 4464 2364 4551 Principum,
2409 4460 2584 4529 obla-

319 4580 494 4647 tione
535 4575 847 4663 fidelium,
879 4597 994 4645 seu
1024 4576 1172 4664 alijs
1206 4575 1397 4645 iustis
1429 4574 1640 4643 modis
1664 4580 1992 4660 prestante
2025 4573 2303 4641 Domino
2341 4569 2583 4657 poterit
