3319 5249
1305 324 1431 397 241

246 529 473 597 nostris
503 528 845 610 Preposito
897 533 962 592 et
1013 525 1377 595 Conuentui
1414 528 1495 592 de
1546 528 1741 594 Lelez
1782 528 2020 594 nostris
2061 526 2357 596 dedimus
2390 524 2491 594 lit·

250 638 400 702 teris
431 635 498 701 in
533 634 898 720 mandatis,
976 640 1046 699 vt
1095 656 1239 701 cum
1292 634 1610 717 Gregorio
1673 633 1807 701 filio
1859 634 2171 702 Zelemen
2233 636 2492 702 homine

247 758 463 812 nostro
514 741 957 808 testimonium
1009 740 1298 827 ipsorum
1353 740 1678 807 mitterent
1728 740 2073 827 idoneum,
2120 763 2334 810 coram
2368 766 2494 828 quo
2575 808 2584 815 .

245 852 410 920 idem
443 850 633 916 homo
665 855 889 915 noster
921 848 1245 935 prefatam
1278 856 1516 917 terram
1548 850 1959 936 presentibus
1993 852 2290 918 omnibns
2326 871 2493 918 eom-

246 961 559 1026 metaneis
595 965 659 1024 et
689 958 923 1025 vicinis
956 959 1392 1026 reambularet
1450 964 1514 1025 et
1545 957 1788 1026 eisdem
1824 963 2228 1045 restitueret,
2276 960 2333 1025 si
2368 981 2496 1027 non

247 1067 418 1134 fieret
469 1066 964 1133 contradictum.
1013 1066 1138 1143 Qui
1194 1066 1456 1149 quidem
1489 1066 1902 1151 postmodum
1934 1068 2123 1134 nobis
2157 1069 2496 1155 rescripse-

252 1184 431 1260 runt,
514 1174 686 1257 quod
737 1172 1060 1257 prefatam
1103 1180 1346 1240 terram
1380 1174 1791 1259 presentibus
1823 1175 2120 1242 omnibus
2154 1184 2497 1244 commeta·

250 1284 383 1350 neis
414 1290 482 1348 et
511 1281 749 1349 vicinis
781 1282 1278 1366 reambulasset‚
1327 1290 1391 1349 et
1429 1282 1636 1349 eidem
1673 1283 1930 1349 Andree
1966 1289 2030 1350 et
2062 1285 2267 1351 Jaeou
2299 1286 2499 1367 magi-

256 1394 399 1459 stris
453 1392 847 1460 restituisset
900 1392 1081 1459 nullo
1133 1392 1610 1459 contradictore
1661 1399 2036 1479 apparente.
2105 1394 2239 1461 Nos
2279 1394 2496 1478 igitur,

258 1501 403 1583 quia
454 1499 801 1582 vnicuique
847 1499 914 1564 in
966 1519 1087 1566 sua
1119 1499 1394 1583 justicia
1427 1500 1650 1568 deesse
1683 1522 1812 1567 non
1844 1499 2173 1587 debemus,
2214 1500 2502 1568 conside·

254 1616 595 1692 rantesque
628 1607 905 1675 seruicia
936 1614 999 1675 et
1017 1607 1363 1675 fidelitates
1387 1609 1759 1689 eorundem,
1792 1628 1917 1690 que
1953 1608 2186 1694 vbique
2206 1608 2501 1675 locorum

256 1718 431 1783 nobis
483 1737 629 1782 cum
680 1715 932 1783 feruore
974 1737 1270 1802 snmpme
1317 1717 1650 1783 fidelitatis
1686 1715 2063 1802 impendere
2094 1725 2503 1803 eurauerunt,

260 1833 317 1891 et
345 1823 717 1909 specialiter
749 1826 813 1890 in
852 1827 1142 1892 exercitu
1177 1833 1399 1891 nostro
1435 1826 1768 1913 generali,
1817 1825 1879 1891 in
1932 1846 2056 1908 quo
2089 1825 2266 1908 Rege
2295 1824 2502 1893 Bohe·

260 1934 374 1998 mie
425 1932 692 1999 inimico
744 1940 967 2001 nostro
1019 1934 1286 2020 capitali
1348 1935 1736 2018 interempto
1791 1933 2036 1999 Diuina
2087 1932 2504 2018 permittente

264 2041 478 2123 gracia
540 2040 821 2108 feliciter
882 2042 1218 2108 victoriam
1283 2056 1502 2109 sumus
1568 2039 1935 2123 consecuti,
2002 2039 2502 2124 impenderunt;

265 2149 570 2232 prefatam
605 2157 846 2217 terram
881 2170 1022 2216 cum
1058 2151 1358 2217 omnibus
1395 2149 1786 2216 vtilitatibus
1821 2155 1884 2216 et
1915 2148 2332 2234 pertinenciis
2365 2149 2505 2215 vni-

264 2256 502 2342 uersis,
553 2256 786 2339 quibus
836 2277 951 2343 per
1001 2258 1261 2325 eosdem
1311 2258 1495 2342 prius
1546 2256 1669 2323 rite
1711 2276 1832 2323 -seu
1873 2256 2160 2341 legitime
2202 2275 2505 2342 possessa

265 2360 483 2444 fuerat,
540 2365 936 2432 restituimus
1000 2371 1065 2431 et
1125 2365 1528 2432 reddidimus
1581 2364 1824 2432 eisdem
1878 2372 1941 2432 et
1989 2365 2129 2433 suis
2160 2363 2506 2434 heredibus

264 2469 696 2556 heredumque
738 2492 997 2539 suorum
1030 2473 1515 2540 successoribus
1535 2472 1693 2555 jure
1725 2477 2034 2558 perpetuo
2084 2480 2146 2539 et
2184 2473 2505 2541 irreuoca·

268 2578 478 2648 biliter
512 2581 994 2666 possidendam.
1046 2585 1121 2649 In
1173 2584 1354 2649 cuius
1408 2580 1503 2649 rei
1563 2582 1938 2648 memoriam
2003 2589 2510 2668 perpetuamque

274 2686 634 2756 firmitatem
666 2697 1005 2776 presentes
1026 2690 1463 2756 concessimus
1481 2688 1734 2756 litteras
1756 2688 2048 2774 duplicis
2067 2690 2272 2775 sigilli
2304 2689 2511 2759 nostri

269 2797 612 2865 munimine
661 2798 1017 2865 roboratas,
1067 2798 1304 2865 Datum
1359 2817 1475 2893 per
1506 2817 1735 2863 manus
1768 2796 2028 2863 discreti
2058 2798 2182 2862 viri
2214 2797 2511 2882 Magistri

267 2905 519 2973 Nicolai
574 2905 881 2974 Albensis
932 2907 1223 2973 Ecclesie
1273 2904 1483 2973 Electi
1532 2906 1679 2971 aule
1728 2912 1942 2972 nostre
1992 2904 2512 2972 vice-Cancella-

267 3013 342 3096 rij
395 3014 617 3082 dilecti
668 3023 733 3081 et
769 3014 986 3081 fidelis
1027 3014 1266 3098 nostri,
1321 3035 1492 3081 anno
1543 3014 1805 3081 Domini
1840 3016 1928 3079 Μο
1952 3012 2289 3080 CC⁰LXX⁰
2322 3037 2515 3101 non0,

266 3120 469 3204 Regni
502 3129 717 3188 autem
748 3122 951 3189 nostri
985 3144 1155 3190 anno
1188 3124 1482 3209 septimo.

266 3298 435 3362 (XVI.
462 3297 768 3354 szkzadbeli
812 3304 1005 3355 hiteles
1050 3302 1280 3356 masolat
1307 3302 1455 3356 utan.
1496 3307 1573 3356 Az
1601 3297 1839 3367 okma'tny
1866 3298 2148 3354 kivonatit
2187 3297 2307 3352 lasd
2333 3298 2518 3366 Fejer·

779 3392 885 3472 ‚nel
914 3395 1040 3446 eod.
1070 3395 1215 3460 Dipl.
1244 3397 1309 3447 V.
1338 3398 1391 3446 k.
1418 3399 1469 3447 2.
1498 3412 1538 3446 r.
1570 3397 1692 3445 563.
1721 3394 1780 3459 1.)

350 4757 691 4811 uertuntur».
720 4769 884 4809 nune.
917 4770 1057 4808 mar.
1094 4776 1173 4787 —-
1210 4769 1353 4804 met„
1390 4747 1463 4806 17'.
2129 4734 2207 4809 16
