3319 5249
1733 296 1822 362 90

1731 830 1837 897 52.

652 1030 751 1096 Az
830 1032 1196 1117 cszterya‘mi
1257 1031 1700 1116 ka'ptalannak
1760 1029 2285 1115 bizonysa'qlevelc
2304 1043 2355 1111 ,'
2387 1036 2553 1116 hoqy
2614 1027 2914 1114 Stefania

651 1140 892 1206 Kozma
923 1136 1120 1204 bauai
1145 1138 1423 1225 fliispa'n
1473 1147 1735 1223 ‘o'zveqye
1774 1137 1992 1202 Oncha
2040 1137 2401 1225 helyse'yben
2452 1140 2587 1204 le'vo·
2636 1136 2916 1202 birtokdc

1361 1249 1879 1333 elzciloqositotta.
1913 1248 2104 1312 1274.

866 1443 1002 1509 Nos
1052 1441 1419 1528 Capitulum
1471 1443 1767 1510 Ecclesie
1819 1439 2282 1526 Strigoniensis
2333 1438 2564 1509 damus
2618 1460 2734 1526 pro
2782 1461 2907 1506 me·

652 1552 891 1636 moria;
958 1551 1133 1635 quod
1185 1550 1451 1617 domina
1518 1551 1747 1617 relicta
1796 1549 2064 1617 Comitis
2115 1550 2345 1617 Cosme
2414 1547 2497 1614 de
2545 1550 2728 1615 Bana
2778 1547 2915 1614 filia

654 1659 920 1728 Comitis
953 1658 1197 1726 Samud
1230 1657 1313 1722 de
1342 1679 1583 1743 genere
1613 1660 1865 1744 'romoy
1896 1658 2156 1725 nomine
2187 1658 2545 1744 Stephania
2599 1678 2713 1743 pro
2745 1678 2817 1726 88
2848 1666 2916 1725 et

656 1789 771 1854 pro
821 1768 1205 1835 Petronulla
1253 1786 1471 1833 sorore
1520 1786 1643 1833 sua
1691 1765 1830 1832 filia
1880 1764 2165 1833 eiusdem
2219 1765 2466 1832 Samud
2516 1765 2810 1850 Comitis,
2844 1774 2914 1831 ut

654 1875 935 1961 dicebat,
991 1894 1207 1941 coram
1241 1873 1429 1941 nobis
1464 1873 1809 1940 constituta
1846 1873 2150 1940 confessa
2187 1879 2316 1960 cst,
2369 1873 2543 1957 quod
2575 1879 2707 1939 tam
2740 1874 2915 1959 ipsa,

657 2002 854 2065 quam
906 1978 1198 2066 predicta
1250 1979 1514 2046 domina
1564 1980 1947 2047 Petronulla
2008 1988 2245 2047 terram
2297 2000 2481 2047 811818
2532 1979 2757 2048 0118118
2804 2001 2914 2046 uo-

662 2097 895 2172 catam,
947 2107 1140 2172 quam
1182 2087 1328 2173 ipsa
1358 2087 1622 2154 domina
1651 2088 2035 2173 Stephanya
2065 2086 2234 2154 dixit
2283 2108 2427 2155 esse
2479 2088 2547 2153 18
2589 2089 2914 2174 Wagkuz‚

656 2216 852 2280 quam
888 2197 1092 2262 eciam
1143 2195 1230 2260 ad
1264 2196 1494 2280 ipsam,
1552 2203 1616 2261 et
1666 2214 1781 2281 per
1812 2195 2059 2262 dictam
2108 2196 2436 2263 dominam
2472 2195 2913 2262 Petronullam

656 2325 698 2370 a
732 2304 890 2370 Pete
923 2310 986 2369 et
1018 2303 1407 2370 Lcustachio
1443 2303 1753 2371 fratribus
1786 2323 2006 2371 eorum
2056 2304 2126 2369 in
2158 2311 2451 2386 quartam
2485 2305 2770 2392 ipsarum
2806 2304 2912 2370 de·

655 2411 942 2477 uolutam
997 2417 1062 2477 ct
1112 2412 1512 2497 assignatam
1578 2410 1781 2478 fuisse
1821 2412 2119 2498 asseruit,
2166 2412 2605 2496 obligauerint
2653 2410 2909 2497 pignori

657 2517 887 2585 Comiti
924 2519 1098 2586 0888
1147 2526 1423 2603 cognato
1476 2539 1699 2586 earum
1751 2538 1953 2603 usque
2006 2519 2243 2587 festum
2276 2519 2655 2587 Natiuitatis
2686 2520 2911 2585 Sancti

658 2626 977 2694 Johannis
1009 2627 1305 2714 Baptiste
1355 2628 1652 2713 proxime
1685 2634 2025 2694 uenturum
2058 2649 2179 2712 pro
2211 2629 2446 2713 uiginti
2482 2630 2718 2696 marcis
2749 2628 2914 2694 finiti

657 2736 950 2822 argenti,
993 2754 1162 2818 ‘quas
1216 2737 1296 2802 ab
1348 2736 1576 2803 eodem
1609 2735 1860 2803 Gemite
1892 2736 2100 2822 0888,
2156 2737 2267 2820 qui
2307 2757 2389 2804 ex
2423 2735 2666 2824 (parte)
2706 2736 2916 2802 altera

658 2862 878 2908 coram
931 2843 1119 2911 nobis
1171 2843 1549 2929 comparuit,
1604 2845 1751 2929 ipsa
1783 2843 2044 2910 domina
2074 2844 2440 2929 Stephania
2488 2865 2562 2912 se
2593 2851 2658 2910 et
2688 2844 2910 2910 Petro·

657 2951 908 3016 nullam
961 2971 1245 3018 sororem
1300 2969 1484 3018 suam
1536 2950 1705 3017 dixit
1754 2953 2047 3037 plenarie
2099 2952 2460 3038 recepisse:
2510 2954 2603 3020 ita
2652 2950 2824 3038 quod
2854 2953 2912 3019 si

657 3058 798 3143 ipse
843 3057 1143 3141 domine,
1200 3061 1306 3127 uel
1353 3061 1512 3126 Pete
1564 3068 1629 3127 et
1656 3060 2086 3128 Leustachius
2137 3062 2369 3127 fratres
2423 3080 2643 3129 earum
2693 3081 2914 3148 supra-

660 3152 862 3251 dicti,'
888 3165 1098 3250 ipsam
1150 3172 1386 3232 terram
1419 3166 1487 3232 in
1518 3166 1812 3252 predicto
1851 3168 2016 3235 festo
2050 3167 2491 3257 (Natiuitatis)
2526 3170 2749 3236 Sancti
2801 3169 2911 3236 Jo-

659 3272 893 3340 hannis
926 3274 1224 3358 Baptiste
1275 3296 1404 3341 non
1438 3273 1827 3343 redimerent
1879 3296 2096 3344 coram
2126 3277 2334 3361 nobis,
2406 3285 2643 3343 extunc
2683 3276 2913 3343 eadem

658 3388 836 3448 terra
866 3402 1012 3448 cum
1044 3383 1344 3450 omnibus
1377 3382 1776 3450 utilitatibus
1827 3390 1892 3450 et
1924 3384 2349 3469 pertinencijs
2381 3385 2516 3452 suis
2548 3392 2916 3452 remaneret

660 3488 891 3555 Comiti
925 3490 1098 3556 0888
1129 3511 1244 3576 pro
1277 3489 1505 3556 eadem
1538 3490 1818 3574 pecunia
1847 3497 2160 3576 perpetuo
2193 3491 2605 3576 possidenda.
2646 3493 2728 3558 Et
2760 3493 2917 3574 quia

661 3616 779 3663 808
810 3597 895 3663 de
926 3597 1170 3664 noticia
1203 3617 1479 3681 persone
1516 3596 1724 3682 ipsius
1773 3597 2030 3666 domine
2062 3598 2413 3686 Stephanie
2444 3599 2914 3686 hesitabamus,

661 3703 1206 3787 quemadmodum
1266 3703 1473 3771 eciam
1536 3705 1922 3791 premissum
1951 3757 1967 3789 ‚
2030 3705 2294 3773 domina
2354 3707 2716 3773 Katherina
2774 3707 2915 3774 filia

662 3812 849 3895 Boya
884 3811 965 3878 de
997 3810 1151 3878 Mok
1204 3811 1720 3880 sanctimonialis
1751 3811 2044 3879 Ecclesie
2076 3814 2316 3880 Sancte
2346 3813 2548 3880 Marie
2578 3814 2661 3880 de
2691 3816 2917 3882 Insula

659 3917 1090 4001 Strigoniensi
1143 3938 1286 3986 cum
1336 3919 1482 4005 ipsa
1532 3918 1796 3985 domina
1851 3919 2213 4005 Stephania
2265 3940 2478 3987 coram
2528 3923 2711 3989 nobis
2751 3943 2916 3989 com·

661 4044 898 4110 parens
948 4027 1333 4093 certificauit
1382 4048 1502 4095 nos
1555 4027 1637 4095 de
1688 4028 1937 4095 eadem.
2001 4029 2241 4095 Datum
2293 4027 2454 4096 feria
2504 4038 2736 4113 quarta
2774 4049 2914 4114 pro·

661 4134 841 4199 xima
889 4139 1038 4219 post
1066 4133 1300 4203 festum
1333 4122 1555 4203 Sancti
1592 4136 1853 4222 Georgij
1903 4136 1969 4201 in
2006 4156 2177 4203 anno
2210 4136 2445 4202 Domin
2478 4136 2916 4205 M⁰CC⁰LXX⁰

661 4251 911 4326 quarto.

663 4404 939 4467 (Eredetie
963 4400 1296 4470 b6rhartyan
1320 4442 1334 4468 ‚
1380 4419 1415 4456 8
1439 4402 1591 4459 hatul
1630 4404 1735 4456 0118
1761 4412 2005 4470 nyomott
2042 4405 2227 4473 pecset
2254 4408 2532 4470 elveszett,
2579 4424 2613 4459 8
2640 4424 2709 4459 m.
2737 4408 2787 4463 b.
2813 4410 2914 4461 Pe·

1394 4492 1547 4560 renyi
1572 4493 1757 4547 8881811
1783 4493 2196 4563 181611ά181188.)
