3319 5249
1382 401 1510 467 219

329 600 597 685 Damsa,
643 598 830 664 iuxta
860 617 1057 683 quam
1090 617 1369 683 uergens
1402 618 1629 667 uersus
1661 598 1984 682 occidens,
2021 606 2085 666 et
2113 598 2178 664 in
2212 597 2440 666 eadem
2472 598 2583 665 via

327 704 690 791 procedens
722 704 1033 790 contingit
1080 716 1289 773 metas
1320 712 1488 773 terre
1536 705 1696 773 ville
1728 704 1984 773 Berend
2005 756 2024 791 ,
2075 714 2139 773 et
2187 704 2308 773 hoc
2342 727 2419 774 ex
2450 726 2584 772 vna

330 821 552 898 parte3
604 833 683 879 ex
732 820 920 899 parte
967 833 1126 882 vero
1178 813 1390 880 altera
1425 813 1654 900 incipit
1686 812 1872 881 iuxta
1905 813 2206 900 capanile
2237 811 2407 901 (igy)
2440 834 2579 899 pre·

332 922 502 989 dicte
536 923 823 1007 ecclesie,
857 929 919 989 et
950 921 1307 1008 procedens
1333 925 1565 990 transit
1594 922 1858 990 fluuium
1893 924 2154 991 Tornua
2185 920 2584 990 antedictum

334 1028 508 1095 infra
557 1029 990 1096 molendinum
1042 1031 1315 1119 Boltha,
1394 1039 1458 1099 et
1509 1030 1825 1116 contingit
1886 1032 2214 1115 quandam
2265 1032 2436 1099 viam
2468 1051 2585 1118 per

335 1160 530 1223 quam
560 1140 692 1205 itur
723 1137 807 1204 ad
840 1138 1097 1206 domum
1128 1138 1373 1225 Hunth,
1422 1146 1485 1207 et
1517 1140 1582 1206 in
1614 1137 1843 1208 eadem
1882 1140 1993 1206 via
2031 1140 2393 1226 procedens
2439 1158 2582 1206 con·

335 1246 526 1331 tingit
576 1247 738 1314 duas
769 1254 977 1315 metas
1035 1249 1214 1314 iuxta
1264 1247 1538 1316 eandem
1579 1251 1750 1315 viam
1785 1247 2134 1316 collocatas
2171 1269 2252 1315 ex
2286 1248 2584 1334 opposito

340 1353 693 1424 molendini
725 1356 1031 1440 ecclesie3
1079 1355 1160 1423 de
1192 1356 1423 1439 quibus
1454 1356 1815 1443 procedens
1846 1375 2071 1423 uersus
2107 1356 2403 1424 occidens
2437 1375 2583 1422 con-

337 1463 530 1548 tingit
576 1464 841 1530 arbores
876 1463 1261 1552 ‘fructiferas
1312 1463 1624 1531 Zomboth
1652 1517 1669 1549 ‚
1716 1464 1825 1531 ubi
1873 1464 1941 1529 in
1980 1462 2264 1546 quadam
2304 1484 2468 1548 pyro
2498 1466 2584 1532 ab

339 1572 646 1656 aquilone
677 1572 983 1638 existenti
1019 1577 1170 1638 sunt
1199 1572 1322 1639 due
1353 1580 1541 1656 mete,
1583 1574 1651 1639 in
1686 1574 1922 1656 qulbus
1951 1571 2354 1640 terminatur.
2405 1572 2586 1657 Gyli-

337 1700 502 1748 anus
533 1687 749 1748 autem
782 1687 848 1747 et
878 1680 1119 1747 Boltha
1156 1679 1470 1767 sepedicti
1501 1680 1861 1766 predictum
1893 1679 2343 1749 concambium
2376 1686 2587 1747 ratum

338 1790 691 1873 habentes,
740 1796 1232 1874 assumpserunt
1275 1789 1489 1875 ipsum
1539 1788 1852 1856 Comitem
1890 1788 2169 1857 Paulum
2201 1808 2401 1875 super
2432 1788 2586 1856 duo-

338 1894 551 1963 decim
582 1896 913 1979 iugeribus
944 1903 1114 1962 terre
1145 1896 1302 1983 filijs
1332 1897 1550 1962 Pousa
1577 1902 1641 1962 et
1672 1897 1933 1963 Lucach
1953 1895 2370 1980 assignandis
2389 1904 2588 1980 atque

340 2006 583 2073 dandis
633 2004 716 2071 de
763 2004 1045 2090 ipsorum
1090 2004 1507 2089 porcionibus
1560 2003 1886 2091 expedire.
1934 2002 2332 2072 Adiecerunt
2381 2002 2586 2071 eciam

340 2115 482 2200 ipse
512 2120 753 2200 partes,
800 2113 972 2197 quod
1006 2115 1064 2179 si
1101 2133 1224 2197 quc
1253 2114 1541 2199 ipsarum
1573 2111 1744 2180 hanc
1777 2113 2257 2180 ordinacionem
2289 2132 2589 2181 successu

340 2230 697 2308 temporum
770 2227 1125 2290 retractare
1186 2229 1560 2305 conaretur,
1638 2226 1793 2288 ante
1856 2220 1992 2287 litis
2040 2220 2405 2304 ingressum
2456 2228 2586 2289 tres

340 2349 594 2396 marcas
643 2329 819 2414 parti
868 2328 1055 2397 alteri
1103 2330 1352 2398 soluere
1399 2335 1766 2413 teneretur,
1841 2328 2053 2414 ipsam
2105 2328 2585 2397 ordinacionem
2681 2337 2690 2341 ’

336 2437 702 2507 sustinenti.
775 2437 1153 2504 Petiuerunt
1201 2443 1503 2525 preterea
1555 2458 1700 2505 cum
1752 2437 2109 2522 instancia,
2160 2435 2331 2520 quod
2371 2442 2587 2504 nostro

335 2547 683 2633 priuilegio
732 2565 1000 2632 presens
1052 2545 1291 2613 factum
1342 2544 1593 2612 munire
1626 2543 2076 2631 dignaremur;
2127 2542 2300 2630 quod
2333 2563 2450 2610 nos
2490 2544 2584 2609 fa-

328 2664 545 2724 cturos
594 2654 1011 2740 promisimus
1040 2708 1059 2741 ‚
1127 2657 1183 2721 si
1237 2659 1570 2737 presentes
1621 2653 1809 2721 nobis
1843 2658 2263 2739 reportentur.
2344 2656 2584 2721 Datum

326 2783 499 2831 anno
531 2762 798 2831 Domini
830 2761 1265 2830 M⁰CC⁰LXX⁰
1299 2767 1563 2846 octau0,
1604 2760 1671 2828 in
1704 2761 1870 2828 festo
1899 2760 2088 2828 Beati
2121 2760 2586 2829 Panthaleonis

331 2872 639 2938 martiris.

330 3070 605 3123 OEredctio
654 3066 1003 3136 borhfirtyim
1064 3086 1099 3121 a
1149 3065 1343 3122 hathra
1389 3074 1637 3136 nyomott
1685 3066 1877 3136 peccet
1901 3067 2195 3150 elueszetm
2236 3068 2382 3121 kozli
2409 3070 2586 3135 Thaly

1318 3155 1591 3224 Kfilman.)
