3319 5249
1207 287 1425 386 Q-453
1496 380 1527 385 „

217 480 437 546 lntem
470 481 538 546 in
570 484 850 548 omnium
883 485 1232 549 saluatore.
1255 482 1527 566 Equitas
1550 484 1780 551 suadet
1814 489 1881 551 et
1914 485 2200 567 requirit,
2239 491 2308 550 ut
2329 484 2501 568 quod

216 586 471 669 cuique
500 588 688 655 iustis
720 596 783 655 et
833 590 1146 672 legitimis
1188 590 1563 657 racionibus
1618 591 1809 657 datur
1859 592 1965 658 uel
1997 590 2402 677 relinquitur,
2436 592 2502 656 id

214 694 518 761 solidum
549 695 782 763 debeat
812 704 1121 783 perpetuo
1154 717 1549 782 permanere.
1613 698 1905 765 Proinde
1937 698 2024 763 ad
2046 698 2498 765 uniuersorum

221 807 370 868 tam
416 804 818 887 presencium
852 824 1043 888 quam
1093 804 1446 872 futurorum
1481 805 1791 873 noticiam
1837 814 2058 872 tenore
2089 807 2497 889 presencium

217 907 464 975 harum
498 912 666 977 serie
695 913 996 980 uolumus
1026 914 1362 998 peruenire
1385 938 1399 997 3
1425 911 1597 997 qnod
1618 933 1734 980 nos
1757 912 2187 980 consideratis
2219 912 2499 979 fidelita-

220 1016 412 1084 tibus
462 1024 529 1084 et
559 1020 970 1087 seruiciorum
1006 1022 1251 1086 meritis
1287 1021 1555 1088 Comitis
1586 1022 1783 1105 Petri,
1842 1021 1958 1105 filij
2016 1021 2315 1103 Magistri
2365 1020 2498 1106 Ny-

222 1125 424 1212 colai‚
475 1128 731 1212 nepotis
763 1127 1024 1215 Weech,
1086 1147 1209 1212 que
1260 1128 1447 1195 nobis
1502 1128 1572 1193 in
1624 1127 1904 1194 diuersis
1956 1126 2497 1210 expedicionibus

224 1232 448 1317 Regni
483 1235 686 1303 nostri
720 1242 850 1301 tam
884 1236 1527 1320 generalibustquam
1563 1234 2068 1321 particularibus
2101 1234 2491 1327 fideliterin·

226 1341 466 1427 pendit
500 1350 565 1408 et
624 1341 969 1426 indefesse,
1005 1343 1332 1428 quandam
1356 1352 1588 1410 terram
1642 1343 2025 1426 Reginalem
2075 1342 2284 1407 Burus
2337 1341 2498 1408 Bela

227 1458 544 1517 uocatam
577 1451 643 1516 in
695 1444 1021 1518 Comitatu
1083 1451 1517 1534 Strigoniensi
1580 1450 1993 1535 existentem,
2027 1467 2142 1533 per
2176 1446 2500 1513 dominam

228 1558 304 1625 E.
331 1565 702 1624 consortem
721 1564 1010 1626 nostram
1031 1559 1449 1624 karissimam
1485 1557 1812 1625 mediante
1833 1556 2185 1640 priuilegio
2208 1554 2497 1621 eiusdem

230 1664 455 1730 eidem
496 1664 804 1730 donatam
827 1671 891 1731 et
921 1665 1249 1753 collatam,
1284 1665 1577 1732 dedimus
1610 1673 1676 1731 et
1708 1664 2085 1754 reliquimus
2120 1681 2264 1727 cum
2299 1663 2495 1728 omni·

230 1773 361 1838 bus
422 1768 814 1838 utilitatibus
844 1773 978 1838 suis
1010 1780 1073 1837 et
1101 1773 1528 1858 pertinenciis
1563 1771 2002 1841 dicto-Comiti
2035 1772 2251 1852 Petr0,
2286 1776 2349 1832 et
2381 1788 2497 1853 per

233 1899 385 1946 eum
410 1880 549 1946 suis
570 1878 877 1947 fratribus
898 1887 1210 1966 perpetuo
1252 1880 1706 1966 possidendam
1731 1906 1746 1966 3
1769 1902 1845 1946 eo
1867 1888 2082 1945 tamen
2119 1876 2310 1942 modo
2345 1885 2408 1942 et
2429 1898 2508 1943 ea

235 1987 675 2075 plenitudine,
701 1988 1237 2073 quemadmodum
1259 1989 1406 2073 ipsa
1428 1997 1597 2055 terra
1618 1988 1943 2054 mediante
1975 1986 2318 2070 priuilegio
2341 1985 2509 2051 dicte

238 2098 568 2163 consortis
600 2103 819 2164 nostre
851 2096 1198 2164 karissime
1229 2119 1344 2182 per
1379 2097 1651 2163 cundem
1677 2096 1988 2162 Comitem
2011 2095 2276 2160 Petrum
2307 2100 2507 2159 antea

239 2204 476 2270 habita
498 2205 713 2272 extitit
732 2212 796 2271 et
814 2224 1139 2290 possessa.
1161 2208 1237 2272 In
1260 2210 1443 2273 cuius
1464 2228 1576 2292 rey
1602 2204 1975 2271 memoriam
1998 2209 2506 2289 perpetuamque

243 2311 622 2378 firmitatem
674 2319 1055 2397 prensentes
1117 2314 1549 2379 concessimus
1612 2312 1934 2397 dupplicis
1997 2310 2201 2391 sigilli
2264 2310 2508 2374 nostri:

241 2420 615 2486 munimine
651 2420 1014 2486 roboratas.
1049 2422 1295 2486 Datum
1348 2441 1460 2505 per
1507 2440 1733 2486 manus
1787 2419 2048 2485 discreti
2104 2417 2225 2482 uiri
2259 2423 2322 2482 et
2374 2418 2502 2480 Ma-

239 2529 432 2611 gistri
463 2527 801 2595 Theodori
836 2530 1002 2613 Prep
1019 2529 1172 2596 ositi
1206 2527 1657 2616 Scybiniensis
1692 2527 1842 2594 aule
1892 2534 2113 2593 nostre
2133 2526 2292 2590 Vice
2342 2523 2506 2590 Can-

243 2663 319 2711 cc
340 2637 526 2727 Ilarij
563 2641 785 2709 dilecti
804 2647 869 2707 et
885 2639 1096 2706 fidelis
1116 2638 1318 2705 nostri
1338 2658 1507 2704 anno
1526 2638 1786 2701 Domini
1808 2635 1872 2700 M
1887 2635 2010 2701 ⁰00
2029 2647 2049 2677 ⁰
2068 2634 2506 2718 octuagesimo

246 2751 559 2837 septim0,
594 2748 801 2832 Regni
834 2754 1053 2814 autem
1088 2747 1292 2813 nostri
1326 2764 1499 2810 anno
1533 2743 1878 2810 sedecimo.

247 2948 529 3012 (Ercdctie
571 2942 919 3011 borbartyan,
948 2961 981 2996 a
1008 2941 1350 3010 sarga-voriis
1377 2939 1840 3006 selyemzsinoron
1883 2943 2099 3004 fiiggdtt
2144 2937 2327 3004 pccset
2370 2935 2511 2986 elve-

755 3041 929 3099 szett3
955 3050 990 3086 a
1018 3035 1184 3085 budai
1212 3032 1317 3085 kir.
1346 3033 1591 3082 kamarai
1621 3025 2007 3090 leveltarban.)

1166 3287 1597 3298 ——-—-—-—

1310 3729 1464 3797 324.

256 3934 378 3999 IV.
414 3909 643 3999 Εάέκίό
675 3933 900 4016 kirdly
932 3931 1241 3996 rendelete
1287 3929 1485 3992 Bada
1537 3930 1727 3991 v‘iros
1759 3925 2327 4012 eldb'cirdsciycihoz,
2359 3922 2519 4002 h'oyy

254 4066 295 4105 a
330 4043 710 4129 nytilaziqeti
761 4039 1221 4124 apciczazcirda
1269 4041 1569 4102 szdmdra
1602 4060 1642 4099 α
1680 4036 2122 4100 zala'nkemeni
2153 4034 2213 4096 ἑο
2241 4028 2521 4110 zimonyc‘

720 4146 1178 4212 kercskeclb'ktb'l
1208 4168 1248 4208 a
1288 4150 1491 4210 vdmot
1521 4143 1825 4229 beszedJ‘e.
1861 4143 2056 4206 1287.

474 4341 832 4410 Ladizlaus
862 4307 988 4407 Dei
1024 4342 1246 4424 gracia
1285 4341 1423 4406 Rex
1455 4337 1786 4423 Hungarie
1808 4336 2107 4403 fidelibus
2140 4333 2274 4401 suis
2305 4332 2522 4401 Judici

264 4451 347 4519 de
379 4451 608 4518 Castro
639 4447 935 4515 Budensi
966 4467 1085 4532 pro
1115 4452 1404 4531 tempore
1435 4444 1801 4529 constitum,
1838 4442 2085 4510 Juratis
2120 4447 2183 4504 et
2203 4439 2520 4506 vniuersis

261 4559 515 4627 ciuibus
549 4556 763 4624 Castri
792 4556 1084 4625 eiusdem
1116 4554 1395 4624 salutem
1450 4561 1518 4621 et
1573 4551 1884 4637 graciam.
1934 4548 2117 4619 Dixit
2166 4547 2351 4614 nobis
2400 4546 2511 4616 do-
