3319 5249
1424 351 1511 417 85

340 550 722 629 attemptare
762 546 1262 631 presumpserit;
1312 545 1827 630 indignationem
1863 548 2337 635 Omnipotentis
2369 553 2493 620 Dei
2527 561 2593 621 et

344 653 682 718 Beatorum
715 651 890 718 Petri
948 658 1013 720 et
1040 654 1230 720 Pauli
1262 657 1718 741 Apostolorum
1760 657 1897 724 eius
1949 675 2022 724 se
2070 661 2326 727 nouerit
2372 660 2587 727 incur·

339 779 573 825 surum.
639 760 881 826 Datum
931 761 1231 845 Lugduni
1287 782 1495 830 nonas
1547 764 1870 848 Januarij‚
1920 765 2334 836 Pontificatus
2386 768 2590 837 nostri

341 886 507 933 anno
539 866 762 933 tercio.

495 1049 595 1114 (Aa
622 1049 820 1100 eredeti
847 1046 979 1101 utan
1005 1051 1201 1102 Knauz
1228 1048 1470 1115 Nandor,
1510 1053 1744 1119 Magyar
1772 1055 1898 1106 Sion
1926 1056 2029 1108 111.
2069 1055 2180 1106 kot.
2211 1059 2330 1108 223.
2359 1056 2417 1132 i.)

1251 1321 1674 1333 ψ

1409 1659 1517 1729 48.

345 1855 535 1922 Deum
587 1858 796 1923 midor
844 1861 1051 1945 dtirja
1100 1881 1186 1924 εκ.
1238 1858 1472 1925 La'szld
1525 1859 1874 1947 kircilynak
1924 1884 1967 1924 a
2016 1864 2267 1948 tihanyi
2313 1868 2593 1948 apdtsa'q

641 1968 865 2051 joqait
895 1967 1203 2052 ta'rqyazd
1237 1968 1508 2034 1093-Ῐοί
1529 1970 2039 2053 privileqiunsdt.
2092 1974 2283 2037 1274.

544 2163 679 2228 Nos
711 2161 1049 2229 Dionisius
1088 2162 1447 2247 Palatinus,
1498 2163 1714 2231 Judex
1767 2165 2201 2233 Cumanorum
2254 2173 2320 2233 et
2357 2166 2589 2234 Comes

343 2269 415 2334 de
445 2265 725 2352 Okltich‚
775 2270 1220 2353 significamus
1271 2271 1596 2337 uniuersis
1648 2274 2053 2357 presencium
2110 2295 2224 2358 per
2274 2282 2584 2356 tenorem,

341 2376 499 2458 quod
531 2397 676 2442 cum
709 2377 1012 2444 dominus
1043 2384 1267 2444 noster
1294 2378 1432 2443 Rex
1482 2379 1567 2444 ad
1597 2379 1989 2446 instanciam
2029 2401 2289 2464 precum
2322 2402 2587 2448 venera-

343 2484 553 2549 bilium
588 2492 654 2549 et
683 2485 1133 2570 religiosorum
1166 2486 1445 2551 virorum
1477 2486 1704 2552 Sancti
1736 2487 1994 2554 Martini
2028 2486 2110 2554 de
2141 2488 2340 2556 Sacro
2369 2490 2586 2556 Monte

340 2590 679 2678 Pannonio,
709 2593 1315 2679 Pechuaradiensis,
1341 2592 1816 2678 Saxardiensis,
1850 2594 2310 2683 Tykoniensis,
2344 2604 2581 2664 oetero-

339 2722 598 2787 rumque
646 2704 1069 2788 plurimorum
1121 2703 1653 2770 Monasteriorum
1705 2703 2031 2771 Abbatum
2081 2704 2150 2769 in
2209 2707 2432 2789 Regno
2466 2725 2583 2772 suo

343 2809 784 2895 existeucium,
837 2810 1178 2878 vniuersas
1219 2811 1662 2896 possessiones
1712 2810 2061 2878 eorundem
2110 2821 2259 2898 post
2307 2813 2583 2880 insultus

341 2918 751 2983 Tartarorum
804 2920 1033 3001 quouis
1084 2918 1272 2984 modo
1321 2918 1640 2985 alienatas
1694 2920 1779 2986 ab
1811 2919 2075 3004 eisdem,
2126 2920 2299 3006 apud
2351 2939 2583 2986 manus

342 3043 483 3091 suas
533 3031 599 3090 et
630 3026 907 3092 aliorum
943 3026 1377 3110 quorumlibet
1428 3024 1686 3092 habitas
1720 3026 1802 3091 ob
1834 3026 2186 3092 remedium
2223 3025 2437 3091 anime
2468 3048 2585 3094 sue

342 3143 397 3198 et
440 3141 786 3219 parentum
839 3154 1098 3202 suorum
1163 3133 1502 3201 restituere
1564 3132 1956 3216 decreuerit,
2025 3140 2091 3200 et
2141 3154 2290 3202 ecce
2337 3155 2456 3202 nos
2505 3133 2584 3201 de

341 3242 602 3325 speciali
652 3242 964 3308 mandato
1013 3241 1220 3327 ipsius
1271 3241 1519 3307 domini
1570 3242 1776 3308 nostri
1828 3242 2023 3325 Regis
2073 3243 2158 3309 ad
2196 3241 2583 3313 renidendas

340 3357 397 3413 et
427 3349 864 3417 restituendas
900 3351 1235 3417 vniuersas
1267 3348 1718 3436 possessiones
1751 3358 1815 3415 et
1840 3349 2169 3416 iura-dicti
2202 3350 2577 3433 Monasterij

340 3454 789 3542 Tykoniensis,
823 3456 1081 3526 domino
1130 3457 1394 3525 Andrea
1423 3456 1677 3524 Abbate
1729 3457 2014 3525 eiusdem
2049 3457 2338 3524 Ecclesie
2370 3458 2581 3524 nobis·

339 3586 471 3631 cum
509 3568 942 3652 personaliter
972 3568 1306 3651 existente,
1354 3567 1539 3632 iuxta
1587 3567 1791 3633 series
1839 3565 2323 3650 priuilegiorum
2376 3565 2582 3649 ipsius

344 3673 711 3740 Monasterii
769 3672 854 3740 ad
889 3674 1182 3741 diuersos
1213 3673 1607 3757 Comitatus,
1657 3672 1723 3738 in
1756 3672 1990 3756 quibus
2024 3674 2201 3740 dicta
2234 3672 2586 3760 priuilegia

339 3782 776 3864 possessiones
829 3788 893 3848 et
923 3782 1069 3847 iura
1115 3780 1403 3848 eiusdem
1462 3780 1850 3847 nominatim
1900 3781 2337 3864 adnotabant,
2403 3797 2580 3845 aoce-

341 3888 582 3974 dendo;
630 3888 837 3975 primo
887 3890 973 3955 ab
1003 3889 1299 3956 omnibus
1335 3888 1569 3954 vicinis
1621 3894 1687 3954 et
1718 3889 2178 3956 commetaneis
2233 3886 2582 3973 possessio·

341 4017 482 4063 num
547 3997 898 4063 earundem
962 3996 1302 4064 veritatem
1363 3996 1759 4079 inquirentes
1824 3993 2079 4063 demum
2138 3996 2344 4063 eciam
2394 3992 2585 4060 huius

337 4104 571 4171 noticia
600 4104 913 4172 dictorum
964 4103 1447 4189 priuilegiorum
1487 4103 1868 4187 Monasterij
1930 4101 2241 4169 antedicti
2292 4100 2582 4168 seriatim

337 4211 761 4297 inspectorum
793 4213 1049 4299 plenius
1081 4212 1406 4279 informati
1439 4212 1524 4278 de
1555 4211 1819 4297 eisdem,
1858 4211 2198 4277 vniuersas
2226 4208 2583 4295 possessio·

336 4341 446 4386 nes
478 4328 545 4386 et
577 4322 862 4403 quelibet
892 4322 1038 4387 iura
1070 4320 1357 4387 eiusdem
1391 4318 1742 4386 Monasteri
1740 4320 1770 4404 j
1808 4319 1982 4404 apud
2016 4337 2247 4385 manus
2279 4315 2583 4403 prelibati

336 4428 576 4495 domini
626 4427 825 4512 Regis
876 4436 942 4495 et
991 4428 1266 4495 aliorum
1319 4426 1750 4512 quorumlibet
1799 4426 2059 4492 habitas
2111 4432 2176 4491 et
2223 4422 2587 4491 existencia

338 4543 596 4622 reperta
628 4542 694 4602 et
722 4536 990 4602 inuenta
1021 4536 1204 4603 iuxta
1235 4537 1437 4602 series
1470 4533 1955 4621 priuilegiorum
1992 4534 2216 4601 Sancti
2248 4533 2587 4618 Stephani,

337 4644 595 4713 Andree
645 4651 711 4711 et
760 4644 916 4712 Bele
967 4646 1144 4730 olym
1195 4645 1444 4730 Regum
1496 4642 1836 4727 Hungarie·
1852 4694 1872 4729 ,
1924 4641 2321 4709 venerabilis
2368 4638 2587 4706 Dauid
