3319 5249
1824 255 1956 319 520

754 450 1043 518 indebite
1075 449 1537 534 molestarent3
1605 445 1776 534 quod
1809 447 2124 516 tributum
2161 449 2470 516 dicebant
2524 449 2738 517 eidem
2789 451 3013 517 Mona·

748 559 977 628 strerio
1011 565 1077 625 et
1105 555 1430 625 sororibus
1464 575 1578 642 per
1610 555 1938 623 dominum
1970 555 2196 625 Belam
2229 558 2551 627 illustrem
2569 561 2818 644 Regem
2838 557 3019 625 Hun-

638 711 645 717 -
751 666 937 753 garie
968 685 1165 732 auum
1196 671 1486 732 nostrum
1520 662 1939 732 karissimum
1974 665 2200 731 inclite
2250 666 2728 737 recordacionis
2750 665 3014 733 racione

761 774 1173 842 oblacionum
1206 779 1272 841 et
1304 792 1734 860 expensarum
1769 774 1851 839 (16
1884 793 2007 840 sua
2057 793 2323 842 camera
2370 775 2641 860 propria
2690 775 2772 843 ob
2821 793 3005 840 reue·

760 883 1051 950 renciam
1086 880 1374 966 Virginis
1406 880 1700 949 Gloriose
1729 880 1816 947 ad
1848 901 2030 948 aram
2062 880 2354 949 eiusdem
2416 881 2706 967 Virginis
2770 881 3012 950 deuote

756 989 1231 1057 offerendarum
1254 988 1456 1057 fuisse
1474 988 1698 1055 datum
1720 994 1785 1055 et
1805 989 2116 1057 collatum
2142 1011 2157 1073 3
2179 988 2552 1076 priuilegia,
2577 991 3014 1058 instrumenta

757 1117 869 1165 seu
903 1097 1179 1185 litteras,
1211 1095 1518 1166 videlicet
1550 1103 1684 1163 tam
1719 1096 2012 1164 eiusdem
2049 1096 2294 1164 domini
2325 1098 2485 1166 Bele
2516 1100 2713 1183 Regis
2746 1105 2812 1166 et
2866 1101 3013 1168 Ste-

759 1204 959 1293 phani
991 1205 1198 1291 patris
1228 1207 1451 1291 nostri,
1484 1226 1680 1290 quam
1727 1212 1954 1272 nostra
1987 1226 2182 1292 super
2215 1206 2574 1274 collacione
2608 1216 2738 1274 tam
2789 1206 3014 1275 tributi

755 1313 1111 1382 Pestiensis
1145 1333 1341 1399 quam
1377 1313 1598 1381 tributi
1633 1310 1715 1378 de
1748 1314 1975 1380 Castro
2007 1312 2295 1380 Budensi
2326 1314 2554 1381 habita
2605 1320 2669 1382 et
2700 1316 3013 1400 confecta,

761 1427 983 1490 nostre
1012 1421 1411 1490 celsitudine
1462 1419 1870 1489 exhibentes.
1904 1419 1983 1486 In
2054 1419 2293 1489 litteris
2343 1423 2585 1490 nostris
2635 1426 3012 1510 patentibus

761 1527 982 1613 sigillo
1031 1535 1257 1597 nostro
1288 1528 1625 1595 autentico
1678 1534 1743 1593 et
1794 1527 2025 1595 anuleo
2078 1528 2503 1613 consignatis,
2539 1530 2728 1599 nobis
2779 1530 3011 1597 vltimo

756 1635 1059 1704 exhibitis
1089 1654 1205 1720 per
1257 1633 1515 1702 eosdem
1569 1635 2021 1718 comperimus,
2077 1632 2489 1702 medietatem
2539 1634 2744 1722 ipsius
2793 1637 3015 1704 tributi

752 1743 1114 1813 Pestiensis
1147 1740 1393 1810 eisdem
1430 1741 1813 1810 dominabus
1847 1742 2213 1809 restituisse
2245 1742 2438 1829 pleno
2488 1743 2629 1811 iure
2677 1743 3007 1830 possiden·

756 1852 926 1937 dam,
963 1848 1504 1935 quemadmodum
1538 1849 1603 1916 in
1638 1849 2010 1936 priuilegiJs
2044 1851 2204 1917 Belc
2239 1850 2546 1918 videlicet
2576 1859 2642 1918 et
2693 1850 3011 1937 Stephani

755 1959 1105 2027 illustrium
1141 1960 1387 2044 Regum
1420 1956 1755 2042 Hungarie
1786 1959 2146 2025 continetur
2170 1982 2185 2043 ;
2208 1980 2352 2027 cum
2384 1959 2697 2045 Magister
2732 1958 3012 2027 Michael

658 2058 665 2063 “
754 2074 903 2134 tunc
936 2065 1311 2154 prepositus
1345 2066 1567 2133 Sancti
1600 2064 1849 2132 'rhome
1882 2066 2176 2134 martiris
2206 2067 2294 2133 ad
2326 2067 2611 2135 videnda
2659 2065 3008 2154 priuilegia

759 2175 1080 2242 dictarum
1113 2174 1548 2261 dominarum,
1580 2193 1696 2259 per
1746 2174 2016 2241 fratrem
2067 2175 2502 2259 Augustinnm
2565 2184 2628 2243 et
2694 2175 3009 2242 'rhomam

755 2282 944 2351 nobis
974 2281 1421 2370 exhibuerant,
1453 2301 1577 2349 nec
1607 2280 1830 2350 venire
1862 2302 1985 2351 nec
2015 2282 2289 2371 mittere,
2327 2304 2446 2351 nec
2476 2303 2597 2351 sua
2629 2290 2693 2351 et
2714 2284 3011 2352 Ecclesic

755 2411 874 2461 sue
905 2392 1335 2459 instrumenta
1366 2389 1431 2458 in
1462 2390 1739 2458 termino
1762 2391 2194 2477 peremptorio
2225 2398 2291 2459 et
2321 2391 2540 2459 deciso
2570 2396 2866 2458 curasset
2902 2410 3004 2457 ex-

754 2499 997 2567 hibere.
1030 2498 1235 2584 Igitur
1265 2519 1385 2567 nos
1419 2518 1500 2566 ex
1531 2499 1748 2568 officio
1771 2499 2054 2586 suseepti
2089 2498 2429 2583 regiminis
2462 2519 2505 2566 a
2526 2500 2686 2587 Deo,
2717 2500 3003 2586 ipsorum

758 2603 928 2695 (igy)
960 2607 1102 2694 pias
1136 2605 1523 2676 elemosinas
1554 2627 1672 2676 seu
1705 2605 2149 2676 ordinaciones
2180 2606 2395 2676 licitas
2428 2613 2494 2677 et
2542 2607 2852 2676 honestas
2878 2606 3000 2695 ipsi

758 2712 1146 2782 Monasterio
1179 2716 1385 2783 Beate
1416 2715 1715 2799 Virginis
1749 2715 1831 2784 de
1862 2717 2089 2785 Insula
2120 2736 2199 2783 ac
2228 2717 2561 2784 sororibus
2596 2713 2834 2784 deuote
2865 2715 3003 2782 Deo

758 2822 828 2888 in
860 2821 1087 2890 eodem
1118 2820 1612 2907 famulantibus,
1646 2830 1952 2908 erogatas
1986 2831 2050 2890 et
2101 2841 2482 2892 concessass
2537 2821 3006 2891 inuiolabiliter

760 2931 1052 2999 volentes
1081 2930 1301 3000 facere
1334 2949 1593 3019 semper
1624 2930 1998 3017 obseruari3
2062 2930 2610 3016 quemadmodum
2662 2929 3009 3000 eorundem

763 3043 1032 3124 erogata
1062 3038 1247 3106 nobis
1279 3045 1346 3106 et
1375 3037 1620 3106 nostris
1653 3039 2024 3108 Batonibus
2073 3037 2218 3107 visa
2265 3038 2544 3127 fuerunt,
2599 3039 2683 3108 de
2734 3039 2907 3107 iusto
2957 3044 3018 3105 et

762 3146 1144 3216 racionabili
1177 3147 1470 3218 veritatis
1502 3148 1760 3216 tramite
1789 3147 2204 3236 processisse,
2237 3154 2433 3235 prout
2461 3147 2532 3214 id
2578 3147 2867 3233 ipsorum
2918 3169 3010 3242 ro-

761 3255 885 3323 bur
931 3256 1257 3343 priuilegij
1323 3253 1541 3324 lucide
1604 3257 1997 3324 declarabat.
2063 3254 2251 3325 Vnde
2313 3277 2458 3324 cum
2522 3255 2871 3325 cuiuslibet
2930 3257 3018 3322 sit

760 3362 1087 3450 Principis
1120 3362 1445 3433 iusticiam
1477 3366 1707 3452 colere,
1741 3372 1805 3431 et
1837 3363 2079 3430 nemini
2133 3362 2218 3431 de
2248 3364 2390 3430 iure
2420 3363 2520 3432 1111
2573 3364 2918 3451 contraire,
2953 3371 3017 3431 et

764 3472 1047 3538 maxime
1078 3473 1432 3560 Ecclesiae,
1470 3473 1536 3539 in
1570 3493 1701 3557 qua
1721 3492 1837 3557 pro
1871 3471 2361 3540 catholicorum
2398 3471 2775 3559 Principum
2814 3475 3027 3539 salute

765 3579 906 3648 Geli
927 3581 1209 3649 Domino
1242 3577 1592 3648 funduntur
1623 3579 1733 3666 pie
1764 3600 2011 3666 preces,
2064 3579 2442 3666 specialiori
2495 3579 2739 3649 fauoris
2792 3583 3025 3665 gracia

763 3689 1069 3775 amplecti
1099 3688 1468 3775 debeamus,
1503 3685 1796 3774 predicta
1829 3687 2178 3774 priuilegia
2207 3707 2324 3755 seu
2345 3688 2600 3756 litteras
2633 3696 2844 3775 grata,
2866 3697 3015 3757 rata

761 3796 1078 3866 habentes
1108 3805 1174 3865 et
1203 3803 1474 3885 accepta
1506 3797 1964 3885 approbamus,
1998 3803 2063 3866 et
2097 3795 2298 3882 Regio
2366 3796 2817 3864 confirmamus
2881 3817 3025 3864 cum

762 3904 1016 3992 fauore3
1046 3926 1198 3992 ymo
1231 3904 1650 3975 donacionem
1689 3907 1893 3996 patris
1930 3905 2177 3974 eisdem
2214 3905 2610 3974 dominabus
2670 3905 2916 3972 factam
2951 3905 3020 3972 in

761 4014 1100 4099 premissis
1133 4015 1527 4083 auctoritate
1559 4014 1972 4102 presencium
2009 4013 2309 4081 duximus
2346 4013 2833 4099 innouandam;
2902 4012 3032 4082 dic·

763 4127 899 4189 tum
931 4121 1387 4190 nichilominus
1424 4123 1892 4192 Monasterium
1925 4123 2129 4191 Beate
2186 4121 2477 4206 Virginis
2530 4119 2611 4187 de
2661 4121 2910 4208 Insula,
2963 4126 3029 4187 et

764 4249 1018 4298 sorores
1051 4230 1118 4296 in
1149 4228 1390 4316 eodem,
1424 4229 1490 4297 in
1525 4231 1738 4320 salua,
1776 4232 2032 4315 integra
2066 4236 2131 4300 et
2164 4231 2575 4318 inconcussa,
2608 4250 2690 4298 ao
2741 4230 3020 4316 pacifica

762 4335 1178 4424 possessione
1228 4339 1612 4408 tributorum
1646 4339 2083 4426 predictorum
2146 4340 2493 4408 statuimus
2557 4339 3023 4407 inuiolabiliter

767 4465 1186 4534 permanere,
1218 4447 1438 4517 omnia
1470 4449 1841 4536 priuilegia,
1877 4448 2275 4518 munimenta
2309 4468 2429 4515 seu
2464 4447 2718 4515 litteras
2754 4454 2887 4515 tam
2918 4468 3024 4516 no·

765 4560 901 4622 stra
933 4561 1200 4640 optenta
1231 4556 1336 4625 uel
1369 4556 1765 4645 optinenda,
1830 4578 2026 4645 quam
2090 4556 2297 4626 eciam
2349 4557 2882 4646 predecessorum
2915 4576 3025 4626 no·
