3319 5249
1826 242 1955 308 206

1812 867 1962 937 143.

758 1091 873 1157 IV.
912 1090 1139 1155 Ldszld
1185 1088 1534 1171 kirdlynak
1596 1110 1638 1150 a
1694 1087 2106 1171 nyztlsziqetet
2154 1085 2465 1170 ta'rqyazd
2514 1081 2889 1160 adomcinya
2939 1098 3016 1140 az

1235 1197 1442 1259 ottam'
1491 1193 1939 1279 apdczazdrda
1969 1197 2290 1258 szdma'ra.
2344 1191 2536 1258 1278.

977 1388 1325 1458 Ladizlaus
1385 1387 1511 1455 Dei
1570 1388 1794 1471 gracia
1861 1388 2199 1471 Hungarie
2226 1438 2243 1472 ,
2294 1387 2684 1471 Dalmacie,
2733 1382 3020 1468 Croacie‚

761 1502 1007 1582 Reme,
1062 1495 1325 1582 Seruie,
1377 1494 1655 1562 Gallicie
1678 1545 1696 1580 ,
1750 1495 2173 1581 Lodomerie,
2228 1493 2537 1561 Comanie
2576 1494 3020 1579 Bulgarieque

761 1609 903 1671 Rex
935 1605 1232 1673 omnibus
1268 1602 1503 1670 Christi
1547 1602 1849 1697 fidelibus
1880 1610 2248 1689 presentem
2280 1602 2594 1688 paginam
2624 1599 3019 1687 inspecturis

764 1715 1044 1785 salutem
1076 1712 1145 1777 in
1177 1710 1455 1778 Domino
1492 1711 1977 1795 sempiternam.
2026 1710 2254 1777 Diuini
2307 1710 2608 1777 Numinis
2660 1709 3020 1793 incompre-

766 1819 1108 1889 hensibilis
1143 1819 1422 1887 altitudo
1461 1818 1670 1903 Regni
1698 1819 2142 1903 gubernacula
2170 1817 2456 1902 Regibus
2487 1817 2827 1885 Catholice
2864 1816 3020 1883 fidei

766 1949 842 1996 eo
874 1927 1219 1994 committit
1279 1925 1535 1993 felicius
1597 1923 2061 2013 gubernanda3
2112 1945 2238 2009 quo
2291 1925 2492 2011 ijdem
2543 1927 2752 2009 Reges
2792 1924 3016 1990 Eccle-

769 2036 905 2102 sias
940 2034 1182 2102 Christi
1213 2033 1536 2118 sanguine
1569 2033 1948 2120 rubricatas,
2000 2053 2117 2100 sue
2148 2034 2350 2101 tutele
2380 2050 2745 2113 concessas,
2800 2032 3023 2098 nitun-

768 2150 871 2211 tur
902 2141 1114 2211 ditare
1176 2142 1244 2208 in
1308 2141 1769 2226 temporalibus
1821 2140 2114 2226 vberius,
2180 2160 2296 2209 seu
2348 2141 2610 2224 dotare;
2677 2138 3024 2227 presertim

769 2269 882 2319 eas
913 2303 931 2338 ,
996 2269 1124 2335 que
1176 2256 1400 2316 sancte
1447 2247 1785 2333 religionis
1849 2248 2131 2317 modulis
2179 2249 2380 2317 cultui
2429 2249 2673 2317 Diuino
2707 2248 3030 2316 deuocius·

770 2364 922 2427 sunt
955 2376 1226 2426 annexe.
1273 2355 1557 2423 Proinde
1608 2355 1695 2423 ad
1744 2357 2191 2425 uniuersorum
2241 2356 2548 2425 noticiam
2598 2364 2734 2425 tam
2766 2376 3028 2443 presen-

772 2464 943 2534 cium
978 2483 1173 2550 quam
1204 2463 1567 2530 futurorum
1617 2464 1847 2532 harum
1899 2464 2067 2532 serie
2096 2466 2393 2533 volumus
2425 2466 2802 2551 peruenire3
2848 2464 3029 2549 quod

770 2591 889 2641 nos
943 2573 1055 2658 pia
1106 2570 1481 2640 deuocionis
1519 2571 2077 2660 comideratione,
2128 2592 2321 2658 quam
2373 2572 2462 2640 ad
2516 2574 2863 2658 gloriosam
2894 2572 3027 2639 Dei

773 2678 1168 2765 genitricem,
1218 2701 1344 2764 que
1376 2680 1677 2766 cuiquam
1715 2661 2007 2748 fidelium
2038 2682 2380 2749 nouercari
2412 2702 2541 2750 non
2572 2680 2775 2767 nouit,
2828 2680 3028 2748 habe·

772 2806 949 2872 mus,
1010 2787 1485 2871 benignissime,
1537 2786 1827 2872 inducti,
1893 2789 2174 2856 insulam
2227 2810 2423 2876 supra
2484 2790 2789 2857 Danubio
2842 2790 3031 2855 circa

772 2893 1069 2960 Veterem
1099 2893 1351 2961 Budam
1391 2893 1815 2981 existentem,
1882 2915 2006 2978 que
2057 2897 2379 2979 quondam
2430 2896 2655 2964 Insula
2700 2898 3028 2982 Leporum

774 2999 1105 3083 wlgariter
1123 3052 1142 3087 ,
1194 3020 1364 3068 nunc
1395 3007 1612 3068 autem
1649 3002 1876 3070 Insula
1906 3004 2109 3070 Beate
2140 3004 2344 3070 Marie
2375 3003 2662 3087 Virginis
2695 3024 3034 3090 nuncupa·

775 3116 898 3195 tur,
944 3109 1231 3196 exceptis
1294 3110 1599 3177 claustris
1631 3117 1697 3179 et
1727 3111 1931 3196 septis
1982 3113 2281 3180 Fratrum
2345 3114 2682 3196 Minorum,
2747 3119 2812 3179 et
2874 3111 3034 3179 Fra-

774 3223 945 3283 trum
978 3215 1242 3284 Ordinis
1272 3216 1970 3283 Premonstratensium
2020 3218 2103 3285 de
2140 3219 2533 3286 Monasterio
2566 3221 2755 3287 Beati
2786 3219 3033 3286 Micha-

777 3325 901 3391 elis
933 3375 951 3408 ,
1014 3343 1093 3389 ac
1144 3329 1356 3390 castro
1410 3321 1878 3390 Cruciferorum
1932 3326 2177 3393 Domus
2226 3326 2611 3413 Hospitalis,
2673 3334 2740 3394 et
2790 3335 3033 3412 castro,

776 3428 935 3496 turri
986 3449 1066 3497 ac
1116 3429 1413 3496 domibus
1480 3428 2099 3516 Archiepiscopatus
2161 3433 2625 3516 Strigoniensis
2681 3434 2748 3501 in
2797 3434 3028 3501 eadem

781 3537 998 3605 insula
1029 3535 1410 3621 constitutis,
1477 3557 1620 3604 cum
1651 3537 1871 3620 muris,
1920 3538 2112 3605 terris
2146 3544 2210 3605 et
2240 3539 2353 3623 alij
2391 3539 2799 3624 utilitatibus,
2850 3538 3032 3608 dedi·

783 3664 958 3732 mus,
1009 3643 1393 3712 donauimus
1443 3650 1509 3711 et
1546 3643 1986 3712 concessimus
2018 3645 2280 3713 domine
2312 3647 2651 3730 Elisabeth
2682 3647 3034 3714 karissime

780 3752 986 3820 sorori
1018 3758 1252 3837 nostre,
1286 3770 1366 3817 ac
1399 3752 1697 3818 omnibus
1727 3752 2111 3820 dominabus
2164 3755 2515 3839 sororibus,
2560 3755 2872 3823 videlicet
2901 3757 3036 3823 Mo·

781 3861 1055 3945 nasterij
1090 3862 1294 3925 Beate
1324 3859 1613 3944 Virginis
1644 3858 1714 3924 in
1748 3856 1972 3926 eadem
2028 3859 2242 3927 insula
2280 3860 2514 3945 iugiter
2546 3863 2685 3931 Deo
2717 3863 3038 3932 famulan-

783 3967 956 4035 tibus
984 3987 1276 4052 sumpmo
1316 3964 1636 4033 desiderio
1690 3973 1754 4032 et
1803 3965 2076 4052 affectu3
2126 3968 2420 4037 volentes
2470 3977 2534 4035 et
2583 3970 3039 4060 concedentes,

784 4074 961 4158 quod
1022 4094 1065 4139 a
1127 4075 1314 4141 modo
1367 4081 1500 4141 tam
1551 4073 1766 4158 ipsum
1809 4074 2271 4142 Monasterium
2304 4075 2590 4160 Virginis
2620 4079 3034 4164 Intemerate,

788 4201 982 4265 quam
1014 4181 1317 4248 vniuerse
1347 4200 1602 4248 sorores
1633 4181 1701 4247 in
1736 4181 1962 4248 eodem
1996 4180 2271 4250 feliciter
2307 4181 2635 4269 degentes,
2678 4187 3043 4253 collacione

783 4286 976 4356 huius
1007 4286 1222 4356 insule
1252 4308 1367 4373 per
1397 4307 1514 4364 nos
1548 4288 1861 4372 regaliter
1892 4287 2085 4376 saeta,
2140 4309 2365 4358 secure
2417 4297 2480 4359 et
2510 4277 2765 4359 illibate
2796 4293 3043 4377 gaude-

785 4403 899 4462 ant
930 4404 995 4464 et
1027 4395 1360 4482 fruantur3
1407 4417 1535 4463 non
1585 4395 1998 4464 obstantibus
2051 4396 2289 4465 litteris
2321 4418 2436 4465 seu
2469 4398 2621 4485 alijs
2652 4400 3046 4468 instrumen-

785 4503 894 4593 tis,
944 4505 1002 4571 si
1054 4523 1176 4588 que
1227 4509 1360 4569 tam
1390 4501 1918 4590 predecessorum
1981 4511 2342 4575 nostrorum
2396 4506 2738 4575 illustrium
2788 4510 3048 4592 Regum
