3319 5249
1459 432 1589 498 215

394 625 616 694 inclite
649 625 953 694 memorie
984 626 1122 692 iure
1155 626 1553 695 hereditario
1588 628 1929 714 possidere
1952 626 2476 721 dinoscebantur‚
2510 653 2652 699 ven-

395 734 564 801 didit
592 734 872 820 plebano
907 730 1281 820 supradicto
1313 754 1392 801 ac
1422 734 1731 804 fratribus
1787 738 1923 804 suis
1957 758 2075 823 pro
2110 742 2453 824 sexaginta
2486 761 2652 808 mar-

393 846 488 910 cis
538 843 752 910 minus
802 842 1009 909 tribus
1059 843 1344 928 marcis3
1428 864 1621 927 quam
1683 845 1942 929 quidem
1994 847 2392 916 solucionem
2444 847 2654 916 dictus

401 951 720 1039 plebanus
772 958 838 1017 et
886 950 1122 1017 fratres
1162 950 1448 1017 eiusdem
1490 970 1709 1018 coram
1741 954 1928 1020 nobis
1962 954 2294 1022 antedicto
2323 954 2654 1024 Anthaleo

396 1061 593 1146 plene
645 1066 712 1126 et
747 1060 1000 1143 integre
1042 1059 1515 1144 persoluerunt.
1563 1061 1936 1145 Assumpsit
1969 1063 2175 1129 eciam
2209 1063 2381 1129 idem
2413 1065 2655 1131 Antha-

394 1168 536 1236 lens
570 1174 633 1234 et
664 1168 837 1234 filius
872 1168 1162 1235 eiusdem
1187 1218 1207 1252 ,
1275 1166 1447 1253 quod
1495 1168 1910 1254 priuilegium
1962 1166 2204 1236 domini
2236 1171 2310 1236 B.
2345 1171 2542 1255 Regis
2592 1181 2658 1241 et

392 1276 609 1343 omnia
637 1276 1100 1363 instrumenta,
1150 1295 1268 1343 nec
1320 1296 1446 1343 non
1486 1283 1551 1344 et
1586 1279 2049 1365 munimenta,
2102 1299 2226 1364 que
2277 1280 2655 1364 supradicta

392 1385 557 1453 villa
588 1384 829 1452 habere
862 1385 1335 1473 dinoscebatur,
1387 1372 1481 1451 ad'
1505 1406 1735 1453 manus
1777 1386 2093 1473 sepedicti
2126 1389 2393 1473 plebani
2426 1396 2491 1456 et
2524 1388 2653 1456 fra·

393 1500 561 1558 trum
596 1512 855 1560 suorum
887 1499 1265 1561 statuerent.
1334 1493 1403 1559 Si
1453 1513 1583 1577 qua
1633 1513 1790 1560 vero
1825 1514 1956 1560 non
1986 1500 2349 1562 statuerent
2371 1546 2391 1581 ,
2441 1494 2525 1562 de
2557 1515 2655 1563 ce-

391 1607 528 1668 tero
560 1599 797 1667 nullius
854 1607 1072 1668 essent
1110 1603 1354 1684 vigoris
1409 1610 1470 1668 et
1520 1600 1843 1669 momenti.
1891 1600 2277 1686 Obligarunt
2326 1604 2533 1670 eciam
2584 1623 2655 1670 se

398 1707 593 1792 ijdem
627 1708 995 1775 Anthaleus
1049 1717 1113 1776 et
1164 1708 1335 1777 filius
1368 1708 1699 1791 eiusdem,
1749 1717 1820 1775 ut
1873 1711 2245 1792 quicunque
2293 1709 2654 1794 inpulsaret

394 1817 672 1883 eundem
705 1816 1054 1902 plebanum
1104 1838 1182 1885 ao
1235 1817 1468 1885 fratres
1507 1818 1798 1885 eiusdem
1833 1838 2026 1903 super
2061 1817 2235 1884 dicta
2266 1817 2654 1901 hereditate,

398 1922 704 2010 expedire
761 1929 1134 1992 tenerentur
1183 1923 1531 1990 secundum
1585 1924 1796 2009 Regni
1850 1924 2385 1992 consuetudinem
2424 1944 2652 2010 appro-

396 2034 633 2098 batam.
698 2033 782 2096 Et
814 2039 882 2098 vt
915 2031 1074 2099 facti
1106 2034 1308 2099 series
1356 2033 1548 2098 robur
1579 2031 1890 2117 optineat,
1945 2029 2159 2099 dictus
2190 2030 2558 2099 Anthaleus
2592 2037 2657 2099 et

395 2142 570 2207 filius
589 2140 876 2207 eiusdem
899 2140 1268 2225 obligarunt
1298 2160 1368 2207 se
1399 2158 1614 2206 coram
1648 2142 1860 2227 nobis,
1901 2139 2350 2225 prenominato
2370 2139 2651 2224 plebano

397 2256 463 2316 et
491 2247 801 2315 fratribus
834 2248 1124 2315 eiusdem
1158 2267 1301 2335 cum
1334 2246 1680 2332 priuilegio
1721 2246 1964 2312 domini
1995 2247 2192 2331 Regis
2228 2246 2653 2314 hereditatem

395 2356 836 2441 supradictam
889 2355 1288 2422 confirmare.
1336 2356 1579 2419 Datum
1636 2373 1810 2419 anno
1843 2352 2104 2420 Domini
2137 2352 2361 2420 M⁰cc⁰
2395 2361 2653 2439 septua-

395 2464 643 2547 gesimo
678 2471 934 2530 octauo.

488 2643 600 2704 (IV.
628 2641 824 2697 Laszlo
850 2640 1145 2709 kiralynak
1174 2645 1275 2693 128
1287 2645 1395 2693 1-1ιί
1423 2640 1751 2710 megersssito
1778 2639 2164 2710 okmanyaboh
2192 2646 2330 2695 mint
2359 2640 2558 2708 alabb.)

1459 3429 1610 3497 152.

396 3649 457 3714 A
488 3652 721 3737 στερεοί
751 3651 1201 3736 kdptalarmak
1248 3670 1625 3735 uqyanazon
1675 3649 1924 3714 eladdst
1970 3650 2275 3733 tdrqyazd
2307 3651 2441 3712 mdo
2473 3646 2653 3711 loiad-

1284 3761 1517 3841 vcinya.
1570 3757 1605 3818 1
1612 3756 1698 3819 27
1701 3759 1764 3822 8.

609 3952 746 4019 Nos
800 3953 1183 4037 Capitulum⁴
1227 3949 1515 4019 Ecclesie
1565 3951 1788 4017 Sancti
1837 3949 2103 4018 Martini
2141 3948 2224 4017 de
2255 3950 2496 4037 Scepus
2529 3970 2649 4017 me-

395 4060 597 4128 morie
647 4062 1173 4128 commendantes
1224 4059 1664 4145 significamus
1714 4059 2035 4127 vniuersis
2086 4057 2485 4145 presencium
2536 4079 2652 4143 per

394 4177 725 4254 tenorem,
775 4168 947 4252 quod
1003 4167 1305 4235 consituti
1355 4168 1421 4233 in
1473 4167 1682 4234 nostri
1720 4165 2061 4253 presencia
2089 4165 2447 4233 Anthaleus
2479 4164 2651 4232 filius

394 4279 577 4364 Ysyp
608 4296 886 4343 vnacum
919 4275 1050 4343 filio
1084 4296 1201 4343 suo
1233 4274 1565 4361 Stephano
1610 4295 1692 4342 ex
1725 4279 1912 4358 parte
1946 4292 2096 4354 una,
2145 4292 2227 4339 ex
2259 4273 2466 4338 altera
2496 4292 2649 4338 uero
2729 4309 2736 4315 ·

395 4383 713 4469 Magister
743 4385 1024 4452 Jacobus
1058 4385 1288 4452 Lector
1319 4383 1611 4450 Ecclesie
1663 4380 1886 4449 Sancti
1938 4381 2201 4447 Martini
2235 4387 2299 4446 et
2330 4379 2652 4448 Plebanus

396 4489 479 4557 de
512 4492 691 4558 Villa
722 4492 959 4558 Latina
990 4511 1268 4559 unacum
1310 4490 1619 4557 fratribus
1652 4490 1789 4557 suis
1817 4512 1832 4573 3
1881 4488 2052 4555 idem
2084 4486 2450 4555 Anthaleus
2481 4493 2647 4555 retu·

395 4599 477 4664 lit
508 4599 733 4684 nobis,
782 4600 953 4683 quod
1003 4600 1232 4667 villam
1285 4618 1466 4666 suam
1519 4595 1811 4679 Rogolch
1840 4603 2141 4662 uocatam
2174 4615 2317 4660 cum
2353 4595 2648 4661 omnibus

395 4706 789 4777 utilitatibus
820 4710 987 4794 suis,
1036 4729 1227 4793 quam
1278 4708 1447 4776 idem
1501 4704 1865 4773 Anthaleus
1917 4713 1979 4772 et
2026 4704 2127 4772 sui
2168 4704 2438 4772 heredes
2469 4703 2649 4768 here-
