3319 5249
1324 318 1451 384 451

268 515 385 582 stri
418 513 766 600 capitalem
801 512 1154 600 inimicum,
1189 513 1550 600 habuimus,
1588 517 1697 581 ubi
1761 513 1931 581 idem
1998 516 2135 582 Rex
2190 514 2510 592 occubuit,

269 620 605 709 impendit,
638 620 1073 689 commitendo
1107 623 1317 688 eciam
1347 642 1418 688 se
1450 622 1724 688 diuersis
1760 621 2021 690 casibus
2077 621 2353 708 fortune,
2407 642 2526 708 pro

269 729 586 796 fidelitate
618 729 804 795 nobis
837 726 1058 794 debita
1094 728 1321 795 letalia
1352 729 1609 795 wlnera
1638 727 2103 814 subportando,
2139 728 2352 796 dietas
2388 735 2517 795 ter·

270 857 379 904 ras
418 838 613 922 Voyk
646 845 711 903 et
744 836 1069 903 Heresoen
1121 844 1394 903 uocatas
1424 833 1512 902 ad
1562 843 1820 904 nostras
1871 856 2101 904 manus
2151 835 2525 919 deuolutas,

267 947 388 1013 sub
422 946 706 1029 antiquis
737 948 930 1013 metis
961 954 1026 1013 et
1055 948 1362 1031 terminis,
1396 967 1541 1013 cum
1567 947 1864 1014 omnibus
1886 947 2275 1014 utilitatibus
2297 965 2527 1013 earun-

271 1053 419 1120 dem
453 1053 747 1123 dedimus
782 1063 847 1121 et
876 1055 1263 1122 contulimus
1299 1056 1425 1140 ipsi
1477 1056 1709 1122 Comiti
1761 1055 2042 1138 Andree,
2095 1064 2159 1122 et
2208 1075 2326 1139 per
2379 1073 2532 1120 eum

268 1161 404 1227 suis
439 1161 809 1247 heredibus,
844 1182 923 1227 ae
955 1163 1161 1228 eciam
1198 1164 1334 1230 suis
1372 1164 1682 1230 fratribus
1716 1164 1854 1229 iure
1887 1170 2199 1248 perpetuo
2247 1169 2311 1229 et
2360 1163 2517 1229 irre-

281 1270 666 1337 uocabiliter
697 1268 1145 1355 possidendas.
1180 1270 1258 1335 In
1290 1271 1474 1338 euius
1495 1270 1588 1335 rei
1611 1271 1989 1337 memoriam
2013 1277 2527 1355 perpetuamque

275 1376 648 1444 firmitatem
682 1383 1014 1464 presentes
1046 1380 1482 1446 concessimus
1516 1377 1844 1465 dupplieis
1875 1378 2082 1462 sigilli
2101 1379 2303 1445 nostri
2326 1377 2530 1444 muni-

273 1478 448 1549 mine
468 1484 823 1552 roboratas.
858 1487 1099 1552 Datum
1124 1506 1239 1569 per
1277 1506 1507 1554 manus
1555 1486 1820 1555 disereti
1846 1487 1969 1553 viri
1990 1486 2292 1570 Magistri
2329 1485 2535 1551 Theo·

277 1592 418 1658 dori
438 1594 760 1678 Prepositi
775 1594 1221 1679 Seybiniensis
1242 1596 1394 1661 aule
1417 1593 1791 1662 nostreVice
1812 1594 2204 1681 Cancellarij
2230 1594 2450 1660 dilecti
2469 1599 2532 1658 et

274 1700 486 1768 tidelis
520 1704 745 1786 nostri,
777 1720 950 1769 anno
983 1704 1244 1768 Domini
1281 1702 1509 1768 M⁰CC⁰
1536 1701 1981 1786 octuagesimo
2004 1702 2301 1789 septimo,
2328 1701 2533 1784 Regni

276 1813 491 1875 autem
525 1810 731 1875 nostri
764 1830 939 1875 anno
973 1809 1318 1877 sedecimo.

276 2024 551 2088 (Eredetie
578 2025 906 2093 borhartyfin
945 2026 1170 2091 melyrb'l
1197 2042 1230 2077 a
1256 2024 1550 2092 peesetnek
1576 2025 1832 2077 tor-edeke
1850 2027 2024 2077 barna
2068 2023 2526 2090 selyemzsindron

782 2120 915 2184 sugg
942 2139 953 2179 ς
985 2134 1019 2168 a
1042 2119 1207 2169 budai
1238 2119 1338 2167 kir.
1369 2120 1612 2168 kamarai
1641 2114 2029 2183 leveltairban.)

1336 3001 1491 3070 322.

290 3221 331 3285 Ι
338 3218 411 3286 V.
446 3224 674 3288 La'szld
704 3222 924 3305 kirdly
975 3222 1216 3288 Pousdt
1248 3224 1310 3286 e's
1365 3222 1580 3285 Bokut
1624 3222 1942 3304 possonyi
1990 3214 2533 3301 vcirjobba'yyokat

612 3331 1025 3396 birtokukkal
1056 3334 1268 3414 eyyiitt
1289 3332 1518 3393 nemesi
1534 3351 1792 3413 ranqra
1823 3328 1986 3390 emal.
2023 3325 2220 3388 1287.

505 3543 853 3627 Ladizlaus
904 3561 1030 3628 Dei
1098 3561 1322 3644 graoia
1374 3557 1750 3642 Hungarie,
1804 3555 2187 3640 Dalmaeie‚
2253 3555 2539 3638 Croaeie,

293 3670 517 3754 Rame‚
554 3669 816 3753 Seruie,
850 3667 1171 3755 Gallieie,
1209 3667 1632 3752 Lodomerie,
1691 3664 2038 3748 Bulgarie,
2102 3662 2543 3743 Cumanieque
2673 3675 2688 3681 ·

294 3777 429 3842 Rex
481 3776 779 3843 omnibus
817 3776 1056 3844 Christi
1106 3774 1408 3842 fidelibus
1445 3782 1578 3840 tam
1628 3772 2034 3857 presentibus
2084 3788 2276 3852 quam
2311 3764 2544 3832 futuris

293 3890 655 3967 presentem
686 3884 966 3949 litteram
999 3882 1411 3967 inspecturis,
1445 3881 1722 3948 salutem
1774 3879 1841 3944 in
1875 3877 2159 3945 omnium
2193 3875 2542 3943 saluatore.

294 3987 612 4066 Quoniam
646 3991 855 4074 gloria
897 3989 1092 4073 Regis
1124 3997 1189 4056 et
1218 3990 1444 4075 honor,
1478 4007 1555 4055 ae
1588 3987 1797 4070 Regni
1830 3990 2120 4051 tutamen
2157 3989 2219 4048 et
2252 3979 2545 4080 defensio

295 4098 358 4164 in
392 4098 809 4166 multitudine
860 4097 1244 4165 bellatorum
1306 4113 1605 4163 creseere
1655 4092 1994 4160 consueuit
2033 4096 2097 4156 et
2128 4088 2391 4171 augeri:
2457 4086 2547 4151 di-

297 4203 490 4291 gnum
524 4215 644 4294 est,
678 4213 746 4273 ut
768 4207 974 4290 Regia
995 4206 1308 4272 Maiestas
1329 4187 1725 4271 bellancium
1769 4197 2044 4281 collegio
2075 4197 2249 4264 viros
2280 4193 2546 4259 idoneos

297 4337 587 4402 sumpmo
618 4337 813 4402 opere
844 4316 1104 4383 studeat
1132 4331 1465 4399 agregare.
1529 4309 1812 4377 Proinde
1845 4307 1931 4374 ad
1962 4306 2404 4373 vniuersorum
2435 4322 2548 4366 no·

299 4426 511 4492 tieiam
544 4431 681 4491 tam
713 4423 1119 4511 presencium
1152 4442 1348 4505 quam
1379 4420 1739 4486 futurorum
1791 4415 2017 4480 harum
2052 4412 2218 4480 serie
2251 4408 2550 4477 volumus

300 4535 639 4618 peruenire
661 4556 676 4616 ;
699 4531 869 4616 quod
891 4529 1048 4615 quia
1064 4530 1300 4596 Powsa
1321 4527 1490 4594 filius
1510 4524 1783 4608 Budolo,
1818 4529 1882 4588 et
1913 4522 2131 4588 Boeou
2164 4514 2553 4597 consangui-

300 4667 453 4715 neus
475 4644 783 4728 eiusdem,
805 4641 886 4706 de
898 4637 1356 4725 jobagionibus
1377 4633 1587 4701 Castri
1610 4631 1812 4700 nostri
1833 4626 2248 4696 Posoniensis
2271 4620 2547 4703 oriundi,

2089 4732 2216 4802 29*
