3319 5249
1764 277 1848 342 72

678 483 966 543 nostrum
999 475 1323 542 hostiliter
1361 476 1778 560 destinasset,
1815 475 2025 540 dictus
2058 475 2370 563 Magister
2402 475 2633 540 Petrus
2667 493 2939 556 gressus

679 584 1012 652 fidelitatis
1063 605 1190 652 non
1242 585 1564 670 deserens,
1616 591 1843 651 contra
1874 584 2109 650 molem
2162 585 2401 651 milicie
2435 583 2677 649 dictum
2720 583 2942 666 Erney

678 693 1129 780 potencialiter
1180 695 1560 778 captiuauit,
1613 695 1723 760 vbi
1776 694 1982 759 eciam
2036 691 2267 759 letalia
2319 691 2612 759 incwrrit
2664 691 2936 773 wlnera,

679 821 807 886 que
857 822 971 886 pro
1003 803 1186 888 Regij
1223 802 1468 869 fauoris
1522 800 1853 869 commodo
1904 801 2238 886 pacienter
2288 799 2552 866 sustulit
2583 807 2645 867 et
2676 805 2937 885 gratan-

679 916 795 976 ter.
861 911 1026 977 Item
1079 932 1222 976 cum
1274 911 1341 976 in
1396 912 1662 994 Irsazeg
1716 918 1857 994 post
1905 910 2128 994 plures
2182 907 2610 991 fatigaciones
2663 907 2941 976 eundem

680 1029 929 1103 patrem
960 1026 1248 1086 nostrum
1282 1020 1495 1087 adhuc
1529 1019 1989 1089 inestimabilis
2040 1019 2241 1085 moles
2282 1017 2603 1086 exercitus
2638 1016 2795 1082 dicti
2828 1015 2938 1080 aui

682 1128 887 1195 nostri
922 1131 1426 1212 constrinxisset,
1460 1129 1794 1214 predictus
1815 1128 2129 1213 Magister
2160 1129 2391 1194 Petrus
2422 1145 2658 1213 passus
2690 1125 2941 1191 faciens

682 1235 979 1302 efficaces
1012 1233 1352 1304 aduersam
1407 1238 1609 1303 aciem
1652 1237 2000 1323 preliorum
2052 1235 2477 1301 varietatibus
2514 1233 2839 1319 inpulsam
2873 1233 2941 1297 in

682 1343 904 1427 fugam
938 1345 1260 1411 conuertit
1308 1346 1671 1414 mirabilem
1724 1351 1788 1411 et
1822 1343 2185 1411 orrendam.
2244 1344 2408 1411 Item
2444 1364 2589 1409 cum
2623 1343 2796 1410 idem
2831 1340 2941 1407 do·

683 1452 895 1517 minus
926 1458 1115 1537 pater
1144 1459 1363 1519 noster
1396 1459 1621 1519 contra
1653 1449 2061 1538 repentinum
2098 1452 2409 1518 insultum
2442 1452 2641 1535 Regis
2673 1452 2944 1517 Boemo-

684 1579 824 1624 rum
875 1561 993 1626 sub
1043 1567 1255 1629 castro
1304 1561 1692 1628 Posoniensi
1741 1560 2165 1629 dimicaturus
2218 1561 2745 1646 progrederetur,
2803 1561 2945 1645 ipse

683 1670 996 1754 Magister
1045 1670 1275 1737 Petrus
1327 1677 1557 1756 pectus
1609 1690 1845 1756 gerens
1896 1671 2227 1738 leoninum
2277 1690 2584 1755 magnam
2644 1669 2725 1735 de
2755 1667 2943 1733 iumi-

685 1778 864 1845 nenti
929 1780 1068 1845 acie
1132 1786 1381 1864 partem
1441 1782 1674 1846 strauit
1737 1799 1934 1866 nece,
2004 1788 2068 1846 et
2133 1779 2357 1845 funera
2419 1779 2946 1862 interemptorum

684 1887 915 1951 rostris
951 1887 1281 1952 volucrum
1332 1886 1589 1972 prebuit
1638 1887 2013 1953 laceranda.
2081 1886 2272 1973 (S)ub
2326 1894 2538 1953 castro
2571 1886 2777 1952 eciam
2810 1883 2944 1948 Mu-

686 1993 976 2061 suniensi
1009 1993 1338 2062 dominum
1369 1995 1597 2062 Belam
1620 1997 1865 2064 Ducem
1898 1996 2313 2062 karissimum
2347 1994 2617 2060 fratrem
2650 1999 2941 2059 nostrum

688 2121 804 2185 pro
867 2121 1059 2185 posse
1122 2102 1506 2187 preliantem
1569 2105 1871 2172 liberauit
1936 2107 2015 2171 de
2067 2104 2366 2172 manibus
2427 2101 2835 2169 inimicorum
2877 2099 2945 2164 in

685 2209 890 2294 ipsius
923 2230 1147 2277 necem
1179 2210 1619 2280 inhumaniter
1652 2215 2057 2281 seuiencium
2096 2221 2228 2281 toto
2264 2213 2431 2280 nisu.
2483 2210 2689 2299 (H)ijs
2721 2211 2944 2294 itaque

690 2324 754 2383 et
787 2317 937 2402 alijs
990 2320 1289 2386 omnibus
1342 2320 1477 2388 suis
1510 2322 1860 2408 meritorijs
1913 2324 2217 2407 seruicijs
2270 2320 2771 2407 circumspectis,
2822 2337 2948 2402 que

690 2446 807 2510 per
838 2427 1097 2509 singula
1147 2449 1485 2513 possemus
1534 2429 1972 2498 tediosissime
2025 2431 2377 2517 replicarc3
2426 2428 2753 2512 quandam
2801 2445 2946 2511 pos-

690 2535 1043 2601 sessionem
1078 2535 1337 2621 Zyntha
1387 2544 1724 2622 uocatam,
1776 2547 2023 2606 curtem
2058 2538 2365 2604 videlicet
2404 2536 2765 2603 Comitatus
2796 2535 2947 2602 Zul-

692 2644 1172 2731 gageuriensis,
1228 2667 1373 2713 cum
1426 2646 1725 2717 omnibus
1774 2648 2193 2732 pertinencijs
2244 2650 2399 2732 suis,
2461 2667 2652 2729 quam
2705 2645 2948 2711 dudum

692 2751 900 2820 eidem
933 2753 1014 2819 de
1047 2774 1365 2821 consensu
1417 2755 1678 2823 domine
1711 2756 1958 2841 Regine
1990 2756 2336 2823 karissime
2368 2757 2593 2822 matris
2626 2758 2849 2821 nostre
2886 2761 2951 2819 et

694 2862 977 2927 omnium
1012 2864 1334 2930 Baronum
1387 2872 1752 2932 nostrorum
1805 2866 2315 2946 contuleramuS,
2363 2872 2428 2931 et
2458 2863 2543 2928 ad
2576 2870 2829 2946 tempus
2863 2864 2947 2928 ab

693 2969 917 3036 eodem
969 2970 1179 3036 suerat
1229 2971 1537 3057 alienata,
1596 2972 2001 3039 reddidimus
2054 2980 2118 3038 et
2171 2972 2571 3039 restituimus
2622 2970 2835 3037 eidem
2869 2969 2951 3037 de

694 3077 963 3163 speciali
1017 3088 1236 3146 nostra
1264 3081 1502 3165 gracia,
1553 3102 1629 3147 eo
1684 3083 1847 3164 iure,
1884 3080 2240 3163 codemque
2280 3080 2489 3165 titulo,
2539 3081 2770 3162 quibus
2822 3079 2949 3164 pri-

694 3187 838 3251 dem
871 3187 1184 3268 Magister
1213 3189 1565 3256 Mauricius
1600 3189 1879 3256 eandem
1912 3190 2199 3256 noscitur
2229 3189 2536 3255 tenuisse.
2577 3186 2724 3275 (U)t
2754 3187 2952 3270 igitur

695 3302 827 3359 tam
864 3295 1005 3379 ipse
1037 3315 1229 3379 quam
1265 3297 1363 3364 sui
1403 3298 1671 3363 heredes
1701 3296 2138 3381 heredumque
2189 3316 2588 3363 successores
2625 3294 2691 3361 in
2727 3315 2945 3380 corpo-

696 3404 818 3469 rali
853 3403 1267 3488 possessione
1314 3405 1608 3490 predicte
1657 3406 2042 3473 collacionis
2092 3411 2309 3471 nostre
2361 3406 2614 3472 illibate
2648 3422 2950 3488 perseue-

695 3518 874 3597 rent‚
925 3532 1045 3578 uec
1097 3516 1352 3597 possint
1403 3515 1661 3581 excludi
1716 3515 2132 3597 aliquatenus
2186 3513 2269 3579 de
2320 3513 2565 3595 eadem,
2613 3519 2951 3597 presentes

697 3620 1133 3687 concessimus
1166 3622 1420 3688 litteras
1455 3622 1789 3708 dupplicis
1823 3622 2022 3705 sigilli
2075 3621 2280 3688 nostri
2315 3621 2667 3686 munimine
2700 3621 2953 3686 robora·

696 3738 818 3796 tas.
889 3725 1188 3815 (matum
1239 3750 1354 3814 per
1409 3750 1637 3796 manus
1695 3729 2086 3795 uenerabilis
2137 3728 2257 3795 uiri
2292 3728 2586 3812 Magistri
2618 3727 2953 3795 Benedicti

697 3840 936 3904 Sancte
968 3836 1434 3921 Strigonicnsis
1472 3838 1763 3904 Ecclesie
1794 3837 2001 3903 Electi
2051 3837 2475 3921 perpetuique
2516 3837 2780 3903 Comitis
2829 3837 2950 3902 loci

697 3946 1008 4029 eiusdem,
1026 3947 1343 4031 Prepositi
1365 3946 1701 4030 Budensis,
1721 3945 1871 4011 aule
1892 3953 2110 4013 nostre
2132 3944 2710 4029 vice-Cancellarij
2732 3944 2953 4011 dilecti

698 4061 762 4118 et
793 4053 1001 4118 tidelis
1034 4057 1234 4120 nostri
1247 4080 1261 4139 ς
1300 4075 1472 4120 anno
1495 4055 1755 4120 Domini
1790 4054 2226 4120 M⁰OO⁰LXX⁰
2249 4061 2475 4136 quarto
2503 4052 2710 4135 Regni
2734 4060 2950 4118 autem

698 4161 896 4227 nostri
918 4181 1091 4227 anno
1112 4164 1414 4229 secundo.
1436 4162 1933 4229 Venerabilibus
1955 4161 2247 4246 patribus
2260 4161 2590 4245 Stephano
2611 4160 2952 4227 Colocensi

697 4276 761 4335 et
811 4270 1111 4339 Johanne
1177 4268 1556 4353 Spalatensi
1613 4269 2178 4354 Archicpiscopis3
2226 4269 2575 4352 Lamperto
2626 4268 2948 4353 Agriensi‚

697 4376 951 4442 Briccio
986 4374 1444 4462 Chanadiensi,
1498 4379 1669 4445 Joub
1704 4375 2406 4461 Quinqueecclesicnsi,
2441 4376 2767 4463 Phylippo
2802 4378 2949 4442 Wa-

699 4485 898 4550 cicnsi
951 4486 1100 4551 aule
1135 4484 1390 4551 domine
1424 4487 1675 4569 Regine
1709 4484 2055 4552 karissime
2087 4484 2404 4553 consortis
2436 4491 2654 4552 nostre
2685 4485 2953 4551 Cancel-

698 4592 882 4683 lari0,
919 4594 1279 4680 Tymotheo
1311 4593 1758 4681 Zagrabiensi‚
1790 4595 1996 4660 Paulo
2030 4594 2523 4679 Wesprimiensi
2559 4595 2706 4661 aule
2738 4600 2957 4660 nostro
