3319 5249
1340 393 1656 492 4³20„-

368 590 438 657 in
477 591 801 660 comitatu
835 588 1216 669 Zaladiensi
1286 589 1354 656 in
1392 588 1933 675 congregacionis
1985 587 2277 673 collegio,
2331 589 2442 655 ubi
2494 590 2628 659 vni-

370 698 547 766 uersi
581 697 855 784 nobiles,
899 698 1292 782 jobagiones
1326 694 1540 763 Castri
1594 703 1658 762 et
1689 695 2151 777 Ecclesiamm,
2208 717 2286 763 ac
2325 696 2438 781 alij
2475 719 2624 765 con·

372 812 705 886 uenerant,
751 824 871 890 per
921 805 1179 873 eosdem
1233 805 1570 873 vniuersos
1622 803 1872 872 nobiles
1925 809 1989 871 ct
2026 804 2195 873 alios
2235 806 2629 892 quampluri-

369 933 513 981 mos
558 912 669 998 qui
702 910 1012 996 aderant,
1064 912 1180 1000 filij
1222 914 1409 999 Jurk,
1467 911 1829 980 Kondakur
1866 910 2169 979 videlicet
2220 910 2342 999 (et)
2375 916 2634 995 Tomas,

370 1042 519 1090 esse
552 1023 747 1108 sures,
780 1022 1063 1089 latrones
1118 1028 1185 1090 et
1212 1042 1333 1109 per
1363 1023 1582 1090 omnia
1634 1020 2093 1089 malefactores
2142 1023 2498 1089 extiterunt
2529 1042 2632 1088 ac·

370 1130 583 1198 cnsati
615 1130 873 1217 publice
905 1130 1390 1216 proclamanda
1460 1130 1586 1209 Qui
1620 1128 1804 1196 iuxta
1835 1130 2043 1214 Regni
2095 1130 2630 1196 consuetudinem

370 1238 665 1323 legitime
698 1238 1106 1325 presentibus
1155 1239 1450 1306 omnibus
1503 1237 1587 1304 ad
1642 1236 2122 1305 iustificandum
2174 1258 2243 1304 se
2283 1237 2504 1318 semel,
2539 1259 2631 1305 se·

375 1348 594 1414 cundo
644 1355 709 1414 et
740 1345 942 1413 tercio
992 1348 1265 1427 euocati,
1299 1366 1419 1413 nec
1468 1344 1554 1411 ad
1592 1345 1885 1432 primam,
1936 1343 2307 1429 secundam,
2341 1346 2632 1429 terciam,

372 1476 530 1538 ymo
563 1453 652 1519 ad
680 1453 926 1520 nullam
959 1454 1540 1538 congregacionem
1593 1464 1886 1520 nostram
1929 1451 2152 1519 uenire
2188 1460 2630 1538 procurarunt.

375 1562 566 1627 Vnde
619 1580 763 1626 cnm
818 1559 1185 1628 huiusmodi
1238 1562 1614 1648 scrupulose
1667 1557 2157 1627 diffamaciones
2212 1560 2491 1626 excitate
2544 1568 2636 1626 tu·

374 1669 579 1735 multu
628 1687 776 1734 cum
827 1667 1063 1736 eximio
1114 1688 1230 1754 per
1302 1668 1857 1754 proclamaciones
1906 1668 2191 1734 omnium
2243 1667 2308 1732 in
2358 1667 2637 1751 singulis

375 1775 1008 1861 congregacionibns
1057 1775 1476 1842 existencium
1528 1774 1901 1842 institerunt
1959 1783 2183 1841 contra
2233 1777 2447 1859 ipsos3
2506 1794 2636 1840 me-

377 1886 713 1952 diantibus
769 1892 834 1952 et
884 1884 1438 1951 consencientibus
1493 1884 1830 1970 omnibu8‚
1879 1883 2085 1949 dictos
2135 1882 2303 1949 filios
2353 1882 2521 1949 Jurk
2573 1883 2640 1947 in

377 1994 574 2061 rebus
608 2001 675 2058 et
717 2010 1018 2078 persona,
1070 1991 1454 2075 ubicumque
1503 1992 1758 2059 inuenti
1808 1991 2087 2076 fuerant,
2140 1990 2443 2059 duximus
2497 2011 2642 2058 esse

375 2102 972 2188 condempnandos.
1008 2102 1089 2168 Et
1120 2102 1277 2184 quia
1310 2100 1535 2168 talium
1568 2098 2271 2187 condempnandorum,
2307 2121 2458 2185 ymo
2492 2120 2641 2166 con-

378 2210 873 2297 dempnatorum
921 2229 1023 2276 res
1076 2216 1142 2275 et
1182 2209 1629 2294 possessiones
1683 2210 1867 2275 iuxta
1896 2208 2106 2292 Regni
2159 2207 2640 2275 cosuetudinem

381 2319 471 2384 ad
505 2338 740 2385 manus
772 2317 1181 2385 Palatinatus
1216 2318 1495 2383 debeant
1527 2316 1841 2400 deuolui;
1890 2321 2067 2382 terra
2097 2337 2316 2385 eorum
2369 2315 2644 2383 filiorum

382 2425 573 2512 Jurk,
629 2446 758 2509 que
798 2426 988 2492 nobis
1028 2425 1227 2493 cessit
1282 2424 1592 2512 legitime,
1646 2445 1774 2490 non
1826 2423 2295 2491 redimentibus
2347 2425 2646 2507 cognatis

383 2554 626 2620 eorum,
675 2554 799 2600 nec
830 2534 1036 2600 eciam
1086 2531 1701 2616 contradicentibus,
1758 2532 1875 2599 sed
1907 2532 2181 2617 pacifice
2220 2531 2643 2616 permittenti-

382 2646 525 2727 bus,
573 2650 818 2710 terram
852 2663 1068 2709 eorum
1121 2642 1483 2728 predictam
1535 2662 1680 2708 cum
1719 2640 2016 2708 omnibus
2067 2640 2458 2708 vtilitatibus
2513 2642 2648 2708 suis

384 2751 699 2835 Magistro
727 2751 1012 2818 Hoholto
1060 2752 1195 2818 filio
1254 2748 1524 2817 Comitis
1561 2739 1830 2816 Hoholti
1871 2749 2037 2815 bone
2088 2749 2397 2816 memorie
2436 2749 2650 2835 precio

386 2881 505 2945 pro
555 2859 883 2943 condigno
933 2880 1136 2942 usque
1184 2861 1251 2926 in
1302 2859 1474 2926 filios
1525 2851 1806 2925 filiorum
1859 2857 2267 2925 uendidimus
2317 2857 2382 2924 in
2417 2877 2647 2943 perpe-

386 2977 564 3036 tuum
615 2977 681 3035 et
729 2966 1260 3035 inreuocabiliter
1312 2965 1800 3052 possidendam.
1883 2967 2233 3031 Praeterea
2283 2964 2480 3051 ijdem
2531 2966 2650 3049 filij

386 3075 555 3143 Jurk
604 3075 675 3140 in
726 3073 920 3140 factis
972 3095 1193 3143 eorum
1263 3074 1542 3143 rebelles
1593 3073 1657 3139 in
1712 3073 2050 3141 cuiusdam
2117 3074 2323 3139 noctis
2380 3073 2653 3139 silencio

390 3202 556 3249 ausu
603 3182 953 3249 temerario
1004 3181 1068 3247 in
1125 3182 1564 3249 venerabilem
1615 3183 1825 3248 uirum
1879 3181 2290 3247 Dominicum
2338 3181 2656 3249 Abbatem

393 3290 857 3356 Zaladiensem
891 3289 1032 3358 sine
1066 3312 1267 3358 causa
1298 3291 1662 3377 irruissent,
1712 3290 1985 3356 eundem
2028 3288 2328 3375 spoliatis
2358 3290 2654 3356 omnibus

395 3399 584 3465 rebus
618 3400 755 3465 suis
789 3419 988 3485 penes
1040 3419 1109 3466 se
1142 3399 1408 3483 habitis,
1466 3398 1848 3467 uerberibus
1899 3398 2338 3466 acerbissimis
2393 3399 2658 3465 afflixis-

397 3514 559 3590 sent,
607 3506 813 3572 tercia
863 3528 1012 3592 pars
1067 3515 1237 3574 terre
1286 3506 1720 3593 predictorum
1772 3507 1983 3574 eidem
2016 3506 2330 3590 Magistro
2364 3504 2659 3574 Hoholdo

401 3614 617 3699 precio
652 3634 769 3697 pro
803 3613 1126 3699 condigno
1162 3614 1536 3682 vendidisse
1577 3633 1781 3698 usque
1820 3613 1886 3679 in
1919 3613 2089 3682 filios
2123 3614 2418 3699 filiorum,
2471 3621 2534 3678 et
2568 3616 2660 3679 in·

397 3719 855 3787 reuocabiliter
907 3742 1122 3788 coram
1191 3726 1380 3789 nobis
1433 3723 1585 3790 vina
1643 3745 1804 3791 uoce
1856 3732 2008 3791 sunt
2056 3723 2353 3809 professi.
2423 3721 2667 3787 Addita

402 3830 599 3895 etiam
632 3836 850 3895 tamen
883 3828 1013 3896 ista
1066 3831 1487 3916 preemincnti
1521 3830 1801 3914 racione,
1854 3851 1929 3898 eo
1965 3832 2138 3915 quod
2189 3831 2493 3898 uendicio
2526 3830 2659 3895 iam

395 3937 572 4004 dicte
602 3944 774 4003 terre
803 3935 1113 4019 Magistro
1138 3937 1438 4004 Hoholdo
1471 3939 1682 4023 magis
1722 3937 2017 4025 attineat,
2051 3938 2205 4022 quia
2235 3947 2426 4022 pater
2458 3936 2666 4022 ipsius

397 4044 629 4111 Comes
688 4042 1044 4128 Hoholdus,
1098 4063 1243 4109 cum
1300 4044 1516 4111 adhuc
1566 4065 1880 4132 prospera
1950 4045 2264 4114 frueretur
2335 4045 2671 4132 sospitate,

408 4152 769 4239 predictam
821 4157 1063 4219 terram
1096 4153 1372 4220 filiorum
1406 4153 1572 4219 Jurk
1617 4153 2027 4239 conperimus
2077 4154 2204 4221 sibi
2258 4154 2473 4239 precio
2509 4175 2670 4222 com-

404 4280 676 4348 parasse
705 4263 828 4329 sub
862 4261 1051 4327 titulo
1086 4262 1445 4347 empcionis
1484 4266 1866 4349 approbato.
1919 4262 2114 4329 Cuius
2147 4269 2318 4329 terre
2351 4270 2521 4330 mete
2553 4265 2673 4329 hoc

404 4369 637 4437 ordine
669 4369 1114 4452 distinguntur
1150 4394 1164 4434 ε
1216 4369 1540 4437 Videlicet
1588 4372 1800 4455 prima
1835 4377 2006 4437 meta
2050 4370 2276 4457 incipit
2334 4373 2516 4438 iuxta
2564 4373 2675 4437 flu·

410 4480 587 4545 nium
623 4479 851 4544 lsobor
892 4500 934 4545 a
966 4486 1154 4562 parto
1188 4480 1476 4565 orientiS,
1531 4480 1637 4546 ubi
1674 4490 1822 4546 sunt
1874 4480 2002 4546 due
2035 4487 2227 4567 mete,
2284 4502 2412 4546 una
2445 4489 2676 4566 terrea,

407 4586 544 4652 alia
599 4585 664 4649 in
698 4604 949 4673 pruneo
998 4585 1222 4674 lign03
1272 4589 1425 4653 indo
1477 4587 1772 4654 ascendit
1822 4586 1907 4656 ad
1960 4595 2244 4656 montem
2294 4587 2679 4654 declinando

404 4713 634 4780 parum
673 4694 760 4762 ad
794 4694 1166 4780 aquilonem
1198 4695 1284 4763 ad
1317 4695 1579 4764 edificia
1611 4695 1831 4764 Bench
1866 4696 1983 4781 filij
2020 4698 2210 4766 Pauli
2261 4706 2324 4765 ct
2367 4705 2678 4781 cognato-
