3319 5249
1814 296 1945 363 344

1807 922 1962 989 244.

769 1137 866 1201 Az
899 1142 1032 1226 cyri
1062 1142 1503 1230 kdptalannak
1532 1140 2079 1228 bizonysdylevele,
2112 1148 2273 1230 hoyy
2304 1143 2514 1210 Zodai
2540 1142 2750 1209 Jdnoa
2779 1142 2991 1210 Zodd-

764 1249 886 1311 ban
915 1249 1052 1314 ῑέυὸ
1077 1251 1353 1315 birtokdt
1387 1246 1601 1316 Uklew
1618 1250 2002 1336 Mihdlynak
2021 1252 2083 1318 ἐκ
2103 1250 2633 1318 &dektdrsainak
2651 1252 2992 1339 dunqedte.

1792 1358 1981 1423 1282.

980 1571 1289 1642 Omnibus
1323 1574 1563 1642 Christi
1593 1572 1890 1642 fidelibus
1929 1583 2061 1643 tam
2090 1577 2498 1662 presentibus
2534 1597 2727 1661 quam
2761 1577 2998 1644 futuris

766 1704 1034 1770 presens
1088 1684 1391 1771 scriptum
1457 1684 1839 1772 inspecturis
1864 1685 2253 1772 ‚Capitulum
2304 1685 2594 1752 Ecclesie
2657 1685 2997 1770 Agriensis

769 1793 1041 1860 salutem
1091 1795 1157 1862 in
1209 1794 1492 1860 omnium
1541 1795 1895 1862 saluatore.
1950 1792 2054 1860 Ad
2084 1792 2528 1861 vniuersorum
2563 1796 2875 1863 noticiam
2911 1802 2999 1862 te-

766 1923 922 1968 nore
999 1903 1408 1989 presencium
1470 1902 1766 1970 volumus
1829 1899 2230 1988 peruenire:'
2268 1900 2438 1985 quod
2493 1900 2788 1970 Johanne
2866 1903 2998 1969 filio

769 2010 1031 2077 Iuanka
1076 2009 1160 2077 de
1210 2011 1393 2078 Zoda
1445 2011 1526 2077 de
1575 2029 1811 2095 genere
1862 2010 2117 2096 Bugath
2173 2010 2486 2077 Rodouan
2534 2031 2651 2095 pro
2681 2032 2754 2078 se
2786 2017 2857 2077 et
2886 2032 3001 2097 pro

774 2118 1030 2184 Iuanka
1090 2119 1286 2185 fratre
1349 2138 1466 2185 suo
1516 2119 1600 2185 ab
1649 2139 1780 2184 una
1828 2124 2034 2204 parte,
2090 2118 2173 2184 ab
2223 2116 2432 2184 altera
2479 2137 2634 2185 uero
2664 2119 3002 2206 Mychaele

773 2224 946 2292 dicto
976 2226 1257 2294 Vkleleu
1287 2225 1420 2292 filio
1452 2226 1757 2295 Kethzem
1791 2223 1872 2291 de
1902 2225 2142 2292 Inacha
2173 2246 2291 2310 pro
2322 2245 2411 2305 se,
2455 2233 2521 2292 et
2553 2247 2668 2313 pro
2699 2226 3001 2295 Johanne

771 2354 848 2400 ac
881 2335 1238 2403 Laurencio
1270 2335 1584 2402 fratribus
1614 2336 1771 2423 suis,
1807 2340 1870 2403 et
1899 2355 2021 2421 pro
2050 2334 2311 2403 Lucaeh
2334 2342 2612 2419 cognato
2633 2355 2751 2403 suo
2781 2357 3000 2404 coram

771 2444 956 2511 nobis
989 2444 1416 2530 personaliter
1447 2444 1814 2511 constitutis
1840 2467 1855 2528 ;
1891 2443 2182 2529 prefatus
2203 2442 2532 2511 Johannes
2549 2443 2720 2511 filius
2743 2447 2999 2513 luanka

772 2553 1113 2640 proposuit
1160 2552 1312 2621 viua
1360 2572 1553 2619 uoce:
1606 2550 1774 2636 quod
1817 2551 2145 2637 quandam
2177 2552 2563 2639 particulam
2593 2551 2678 2618 de
2707 2553 3000 2639 predicta

771 2669 944 2728 terra
990 2660 1165 2728 Zoda
1212 2661 1297 2729 ad
1347 2681 1534 2728 usum
1584 2661 1770 2729 unius
1819 2660 2016 2727 aratri
2050 2661 2491 2747 sufficientem,
2524 2681 2715 2745 super
2746 2682 2880 2746 qua
2909 2669 3004 2731 est

769 2770 929 2838 uilla
956 2768 1314 2858 Mychaelis
1346 2774 1409 2837 et
1438 2770 1706 2837 fratrum
1739 2790 1997 2838 suorum
2030 2768 2481 2857 predictorum,
2515 2789 2709 2855 quam
2741 2773 2826 2839 ab
2861 2774 2997 2859 ipso

771 2880 1124 2967 Mychaele,
1157 2878 1466 2948 fratribus
1518 2881 1675 2968 suis,
1722 2889 1787 2947 et
1816 2900 1858 2946 a
1887 2879 2143 2948 Lueach
2176 2880 2564 2966 supradictis
2595 2880 2859 2949 nomine
2890 2902 3021 2953 sue.

774 2995 939 3056 terre
969 2986 1358 3055 hereditarie
1390 2990 1774 3074 requirebat,
1826 3007 1972 3055 cum
2005 2988 2320 3056 vniuersis
2353 2987 2743 3056 utilitatibus
2772 2997 2839 3057 et
2872 3010 2999 3076 per-

771 3097 1072 3181 tinencijs
1122 3098 1258 3164 suis
1309 3095 1681 3182 reliquisset
1711 3094 2051 3183 Mychaeli,
2097 3095 2401 3163 fratribus
2451 3099 2611 3186 suis,
2646 3107 2711 3165 et
2741 3099 2998 3167 Lucach

770 3205 1137 3291 antedictis,
1191 3204 1315 3271 sibi
1368 3213 1431 3273 et
1482 3205 1616 3272 suis
1666 3204 2012 3272 heredibus
2061 3203 2492 3289 heredumque
2523 3208 2998 3275 successoribus

773 3315 914 3382 iure
944 3319 1253 3402 perpetuo
1284 3314 1560 3401 pacifice
1591 3311 2067 3400 possidendam.
2111 3313 2384 3399 Insuper
2416 3314 2732 3399 obligauit
2764 3335 2835 3383 se
2867 3315 3002 3400 ipse

772 3424 1103 3491 Johannes
1164 3422 1330 3489 filius
1389 3421 1659 3505 Iuanka,
1728 3420 1966 3488 dictum
2028 3419 2289 3486 fratrem
2339 3440 2521 3487 suum
2546 3473 2566 3508 ,
2620 3429 2687 3489 et
2735 3421 2999 3490 heredes

773 3532 1120 3601 eorundem
1152 3530 1502 3617 vniuersos,
1534 3530 1619 3597 ab
1653 3528 1948 3597 omnibus
1981 3528 2063 3598 de
2100 3530 2529 3614 generacione
2559 3550 2679 3598 sua
2708 3532 3000 3618 Mychac-

770 3641 919 3728 lem,
969 3641 1202 3708 fratres
1250 3659 1400 3708 suos
1459 3646 1523 3706 et
1570 3639 1826 3707 Lucach
1879 3636 2304 3724 supradictos,
2353 3658 2434 3704 ac
2485 3638 2751 3707 heredes
2786 3661 2998 3706 eorum

774 3750 1107 3819 vniuersos
1135 3750 1392 3818 racione
1423 3747 1735 3836 premisse
1764 3747 2082 3834 particule
2131 3755 2304 3814 terre
2333 3746 2622 3835 inpetere
2652 3748 2999 3816 nitentibus

775 3858 1125 3927 defendere
1157 3864 1222 3925 et
1253 3855 1554 3942 expedire
1587 3855 1873 3942 proprijs
1904 3855 2231 3923 laboribus
2261 3860 2326 3922 et
2358 3856 2700 3942 expensis3
2736 3876 2814 3923 ea
2851 3855 3000 3923 obli·

776 3970 1048 4054 gacione
1080 3966 1438 4053 interiecta,
1461 3966 1630 4050 quod
1649 3965 1709 4033 si
1742 3961 2082 4033 defendere
2112 3984 2243 4030 non
2274 3971 2516 4050 posset,
2536 3964 2999 4050 quinquaginta

773 4056 1026 4146 mareas
1074 4073 1333 4145 soluere
1383 4096 1512 4143 non
1544 4081 1871 4143 teneretur
1902 4073 2238 4162 Mychaeli,
2272 4071 2584 4141 fratribus
2614 4073 2751 4140 suis
2786 4081 2851 4140 et
2882 4074 2993 4139 Lu-

772 4187 934 4255 cach
986 4184 1349 4254 antedictis.
1404 4186 1477 4252 In
1523 4184 1711 4253 cuius
1742 4186 1833 4254 rei
1865 4184 2297 4252 testimonium
2328 4182 2415 4249 ad
2445 4181 2829 4250 instanciam
2860 4202 2997 4268 par-

775 4297 942 4364 cium
994 4300 1325 4383 presentes
1377 4293 1761 4360 contulimus
1812 4290 2010 4377 sigilli
2043 4291 2265 4377 nostri,
2298 4297 2445 4376 post
2474 4289 2753 4377 plagam
2784 4291 2996 4356 Tarta·

776 4426 991 4472 rorum
1052 4401 1334 4472 secundo
1396 4403 1686 4470 renouati
1749 4399 2093 4467 munimine
2157 4400 2512 4467 roboratas.
2589 4397 2994 4466 Presentibus

784 4523 1003 4580 tamen
1051 4512 1366 4597 Magistro
1416 4511 1611 4579 Saulo
1659 4511 1944 4597 Lectore,
1993 4507 2235 4595 Mykov
2284 4504 2578 4594 Custode,
2623 4505 2895 4574 Markou
2922 4503 2995 4571 de

769 4622 1010 4708 Pacha,
1063 4618 1266 4689 Paulo
1316 4620 1400 4688 de
1446 4619 1714 4707 Borsua,
1765 4618 2040 4686 Martino
2094 4618 2175 4684 de
2225 4615 2502 4685 Zobolch
2524 4668 2542 4702 ,
2591 4614 2884 4683 Johanne
2925 4609 2995 4676 de
