3319 5249
1432 292 1563 362 303

378 484 742 577 diligenter,
792 490 1060 560 solerter
1108 498 1172 558 et
1228 499 1625 577 constanter,
1679 492 2091 578 oppositurus
2122 497 2186 559 te
2218 508 2466 558 murum
2501 507 2615 577 pro

380 602 567 667 domo
623 600 882 669 Domini
935 600 1434 669 ascendentibus
1468 622 1550 669 ex
1582 600 1881 685 adverso,
1912 608 1983 666 ut
2012 600 2327 667 laudabili
2359 598 2440 667 de
2473 598 2616 686 ipso

375 708 628 776 reddita
657 710 724 776 in
756 710 861 777 die
896 709 1172 777 districti
1204 711 1523 777 examinis
1559 711 1827 793 ratione,
1850 729 2114 793 regnum
2148 711 2354 794 patris
2390 709 2619 792 eterni,

372 818 454 882 ab
503 817 757 903 origine
803 819 1026 884 mundi
1080 831 1493 904 preparatum
1546 818 1773 884 electis
1794 869 1813 903 ,
1877 818 2166 902 accipias
2187 869 2205 902 ,
2257 819 2323 883 in
2375 816 2614 883 dilecta

370 924 630 992 Domini
660 927 1086 993 tabernacula
1116 926 1504 993 letabundus
1536 927 1844 1010 introeas,
1878 934 1942 992 et
1979 923 2276 992 eumdem
2307 924 2421 991 tibi
2443 943 2610 990 com·

369 1033 631 1100 missum
687 1054 947 1118 gregem
980 1036 1066 1100 ad
1116 1036 1429 1103 uberioris
1484 1034 1697 1100 meriti
1732 1032 2173 1100 retributionis
2206 1031 2609 1100 commodum

368 1142 767 1210 introducas.
789 1143 1026 1210 Datum
1059 1144 1238 1229 apud
1259 1144 1495 1211 Urbem
1514 1145 1811 1211 Veterem
1833 1142 1917 1208 X.
1940 1141 2264 1208 kalendas
2295 1139 2614 1227 Januarii,

366 1250 791 1321 Pontificatus
818 1253 987 1321 nosti
1018 1273 1189 1321 anno
1220 1255 1450 1339 primo.
2493 1266 2499 1272 '

368 1487 628 1551 (Thciner
651 1470 911 1555 A'goston,
937 1491 1141 1542 Vetera
1181 1491 1536 1542 Monumenta
1562 1489 1852 1542 Slavorum·
1869 1485 2307 1546 Meridionalium
2345 1487 2621 1538 historiam

923 1582 1278 1643 illustrantia,
1303 1580 1347 1635 1.
1377 1582 1489 1633 kot-
1513 1576 1684 1632 Roma
1712 1582 1867 1631 1863.
1895 1580 1980 1630 97.
2008 1579 2067 1645 l.)

1425 2530 1577 2598 218.

365 2751 681 2818 Lodomaetr
709 2752 1073 2837 eszterqami
1107 2752 1400 2817 erseknek
1428 2751 1788 2816 ite'letlevele
1818 2775 1861 2815 a
1891 2751 2152 2837 Miluily
2182 2773 2378 2817 comes
2412 2754 2611 2818 hit-ve-

841 2862 936 2925 sc't
968 2861 1147 2925 illato
1177 2859 1532 2948 neqyedjoq
1564 2860 1927 2946 tdrqydban
1959 2860 2154 2924 1281.
2307 2893 2310 2900 =

583 3091 1003 3161 Lodomerius
1067 3094 1488 3162 miseracione
1547 3095 1794 3161 Diuina
1853 3095 2090 3161 Sancte
2151 3095 2610 3180 Strigoniensis

379 3199 678 3267 Ecclesie
724 3200 1262 3288 Archiepiscopus
1339 3203 1756 3286 eiusdemque
1802 3203 1931 3269 loci
1980 3200 2208 3268 Comes
2269 3212 2619 3288 perpetuus

370 3308 715 3394 vniuersis,
765 3308 995 3393 quibus
1044 3318 1381 3395 presentes
1431 3307 1920 3397 hostenduntur,
1972 3310 2251 3376 salutem
2280 3310 2348 3375 in
2383 3311 2615 3377 salutis

365 3414 694 3502 largitore.
713 3416 817 3481 Ad
834 3416 1277 3484 uniuersorum
1299 3417 1607 3484 noticiam
1625 3424 1850 3484 tenore
1880 3418 2282 3503 presencium
2318 3419 2613 3486 uolumus

368 3527 744 3610 peruenire3
777 3527 949 3610 quod
981 3547 1123 3592 cum
1156 3525 1438 3610 Symeon
1469 3526 1642 3593 filius
1682 3526 1952 3592 Comitis
1972 3526 2349 3611 Mycbaelis,
2372 3527 2608 3612 Micon,

371 3632 590 3699 Ochuz
622 3642 686 3700 et
716 3633 1031 3701 Ditricum
1064 3634 1307 3702 liberos
1359 3632 1629 3701 Comitis
1659 3635 1906 3700 Detrici
1940 3654 2134 3720 super
2167 3635 2442 3718 quodam
2473 3635 2610 3702 iure

371 3739 585 3808 debito
636 3741 775 3809 iure
816 3750 1064 3829 nature,
1098 3744 1239 3808 siue
1269 3762 1463 3827 super
1493 3751 1727 3826 quarta
1758 3741 2079 3808 dominam
2112 3749 2378 3809 matrem
2412 3763 2614 3830 suam,

371 3859 725 3917 consortem
779 3850 1028 3916 scilicet
1081 3850 1351 3916 Comitis
1383 3850 1722 3917 Michaelis
1755 3851 2187 3933 contingente,
2221 3870 2360 3916 cum
2396 3861 2612 3918 aucto-

372 3958 559 4025 ritate
589 3958 946 4024 litterarum
978 3966 1341 4024 nostrarum
1377 3959 1461 4023 ad
1496 3959 1701 4024 nostri
1733 3978 2006 4026 examen
2038 3956 2415 4042 Consistorij
2441 3958 2612 4024 edic-

375 4066 459 4131 tis
492 4066 801 4151 legitimis
835 4074 1189 4150 euocasset‚
1222 4066 1469 4133 habens
1501 4067 1586 4134 ad
1616 4061 2131 4152 prosequendam
2165 4067 2371 4152 ipsam
2404 4068 2609 4133 littem

373 4175 508 4241 siue
558 4183 860 4257 quartam
915 4175 1139 4241 matris
1189 4196 1304 4241 sue
1343 4176 1673 4242 sufficiens
1707 4174 2210 4260 procuratorium
2245 4181 2310 4243 et
2342 4177 2608 4243 manda-

374 4290 502 4348 tum
526 4307 558 4378 ;⁸
595 4285 720 4368 ipsi
753 4291 969 4352 tamen
1002 4285 1250 4370 Mycou‚
1286 4281 1545 4350 chovz
1577 4291 1641 4349 et
1673 4282 1990 4367 Detricu8‚
2022 4283 2174 4348 licet
2207 4283 2606 4367 aliquociens
2639 4305 2646 4310 ·

375 4397 592 4458 nostro
641 4413 712 4457 se
761 4394 1133 4478 conspectui
1181 4397 1716 4477 presentauerunt
1743 4443 1762 4475 ,
1814 4397 1878 4459 et
1926 4392 2109 4457 litem
2159 4391 2446 4475 legitime
2503 4412 2613 4478 per

376 4500 754 4581 peticionem
806 4500 1047 4567 factam
1078 4502 1147 4566 in
1178 4500 1317 4566 iure
1349 4507 1412 4565 et
1447 4499 1923 4585 responsionem
1958 4501 2363 4566 subsecutam
2399 4510 2611 4568 conte-

380 4609 528 4673 stati
561 4608 822 4676 fuerunt
853 4629 1069 4676 coram
1101 4607 1318 4692 nobis3
1346 4608 1456 4690 qui
1487 4607 1747 4691 quidem
1768 4608 2048 4694 Symeon
2079 4609 2163 4674 ab
2193 4606 2354 4694 ipsis
2375 4609 2609 4694 Mycov
