3319 5249
1867 226 2004 296 514

1842 854 1994 921 371.

796 1049 870 1140 3)
893 1053 1114 1119 Jakab
1145 1055 1428 1139 spalatoi
1447 1064 1712 1137 esperest
1745 1056 1805 1116 έε
1836 1054 2245 1140 eqyikpcipai
2274 1052 2586 1119 kiszeldott
2606 1052 2870 1119 biro'nak
2899 1052 3057 1140 ληγο-

788 1167 953 1248 9άεα
984 1186 1027 1241 a
1058 1161 1319 1225 Ferencz
1350 1172 1569 1225 mester
1600 1162 1764 1225 altat
1796 1161 2072 1225 kdszitett
2106 1161 2604 1246 bizonysdylevdl
2635 1163 2814 1227 ellen.
2856 1162 3050 1225 1289.

1006 1358 1294 1427 Jacobus
1327 1354 1841 1424 Archidiaconus
1866 1358 2273 1440 spalatensis
2299 1358 2541 1425 domini
2576 1357 2842 1426 Nicolai
2875 1358 3048 1442 Pape

795 1466 1023 1543 Quarti
1084 1464 1301 1533 Judex
1334 1465 1676 1548 delegatus
1738 1466 1878 1531 siue
1932 1474 2238 1533 executor
2304 1467 2370 1531 in
2424 1466 2766 1549 questione
2803 1464 3048 1530 Sibeni-

794 1573 971 1640 censi
1004 1580 1066 1639 ct
1096 1572 1525 1656 Traguricnsi
1558 1572 1841 1639 discreto
1873 1574 2012 1641 viro
2065 1574 2323 1640 domino
2357 1573 2668 1656 Magistro
2703 1573 3048 1639 Francisco

792 1681 1064 1748 Notario
1097 1681 1395 1748 Ciuitatis
1430 1680 1844 1765 Spalatensis
1879 1681 2157 1748 salutem
2194 1684 2261 1747 in
2295 1681 2591 1748 Domino,
2626 1680 2784 1746 Cum
2818 1698 2938 1746 vos
2969 1678 3050 1745 ad

793 1806 1022 1871 preces
1062 1796 1128 1854 et
1177 1787 1555 1854 mandatum
1590 1796 1878 1854 nostrum
1928 1789 2374 1857 confecissetis
2427 1789 2555 1854 duo
2618 1790 3049 1854 instrumenta

795 1895 861 1962 in
895 1897 1236 1979 questione
1269 1895 1564 1979 predicta
1596 1895 2002 1963 Sibenicensi
2025 1903 2088 1962 et
2120 1896 2630 1981 Tragurinensi3
2670 1916 2794 1978 que
2825 1895 3050 1962 instru-

797 2011 1017 2069 menta
1051 2025 1181 2070 non
1214 2013 1364 2071 sunt
1397 2011 1640 2083 nostra,
1704 2006 1834 2072 imo
1866 2007 2155 2072 Romane
2187 2004 2480 2073 Ecclesie
2513 2012 2577 2069 et
2608 2001 2857 2069 Summi
2890 2004 3045 2068 Pon·

798 2110 988 2178 tificis
1022 2112 1368 2196 prelibati3
1422 2119 1486 2178 et
1519 2112 1638 2177 illa
1672 2120 1825 2178 sunt
1875 2113 2072 2198 culpa
2120 2113 2318 2180 vestri
2351 2132 2483 2177 non
2521 2110 2844 2176 modicum
2880 2110 3047 2176 defe-

800 2219 991 2305 ctiua,
1027 2225 1090 2285 et
1122 2217 1365 2286 nullius
1385 2218 1652 2303 valoris,
1680 2241 1802 2285 nec
1822 2221 2122 2287 confecta
2143 2221 2496 2289 secundum
2518 2225 2809 2285 nostrum
2845 2236 3047 2284 exem·

795 2327 1014 2410 plum;
1050 2326 1134 2390 de
1166 2345 1293 2409 quo
1324 2326 1604 2410 possetis
1636 2325 1925 2410 grauiter
1958 2328 2023 2393 in
2056 2348 2397 2412 personam
2433 2325 2673 2411 puniri,
2708 2329 2774 2391 ct
2805 2326 3047 2409 specia-

797 2432 947 2498 liter
977 2434 1237 2515 quando
1269 2434 1701 2501 instrumenta
1752 2435 2021 2520 papalia
2083 2456 2211 2500 non
2273 2433 2611 2516 conficitiS,
2645 2438 2716 2499 vt
2746 2433 3048 2498 tenemini

801 2546 868 2605 et
900 2541 1171 2609 debetis.
1206 2541 1408 2608 Vobis
1471 2541 1895 2626 auctoritate,
1964 2563 2093 2627 qua
2141 2541 2470 2626 fungimur
2511 2562 2550 2606 a
2584 2539 2842 2605 domino
2875 2538 3052 2623 Papa

799 2647 1112 2735 predicto,
1150 2651 1545 2736 precipimus
1586 2658 1651 2716 et
1686 2651 1805 2716 sub
1857 2651 2555 2717 excommunicacionis
2585 2669 2759 2736 pena
2791 2645 3051 2715 manda-

800 2776 978 2840 mus;
1010 2777 1200 2841 quam
1253 2777 1489 2844 penam
1521 2780 1639 2826 vos
1689 2759 1989 2824 volumus
2040 2758 2366 2825 incurrere
2419 2758 2560 2843 ipso
2610 2757 2821 2842 fact0‚
2855 2757 2916 2822 si
2948 2775 3052 2821 no-

801 2868 998 2930 strum
1033 2865 1430 2951 mandatum,
1468 2863 1639 2948 quod
1673 2885 1801 2931 non
1841 2866 2184 2950 credimus,
2219 2863 2642 2950 neglexeritis
2666 2863 3055 2949 adimplere:

805 2977 1126 3056 quatenus
1158 2972 1450 3057 predicta
1481 2972 1907 3041 instrumenta
1939 2974 2291 3040 secundum
2331 2973 2716 3058 exemplum,
2753 2971 2926 3056 quod
2954 2992 3056 3035 vo·

803 3079 906 3144 bis
940 3080 1250 3147 mittimus
1281 3101 1399 3166 per
1428 3081 1705 3147 latorem
1758 3081 2165 3166 presencium
2188 3133 2208 3168 ,
2241 3080 2538 3168 ponendo
2592 3085 2826 3164 testes,
2889 3080 3056 3144 diem

804 3187 1014 3254 locum
1049 3195 1113 3253 et
1143 3194 1516 3275 preceptum
1570 3196 1891 3256 orctcmus
1944 3209 2062 3274 per
2092 3209 2211 3257 nos
2277 3189 2524 3256 factum
2552 3189 2776 3255 Electo
2810 3187 3056 3253 Sibeni-

805 3297 983 3361 censi
1018 3304 1081 3361 et
1110 3296 1431 3383 Episcopo
1465 3296 1894 3381 Traguricnsi
1938 3298 2285 3383 predictis3
2341 3306 2404 3364 et
2439 3299 2723 3384 ipsorum
2797 3316 3057 3382 respon·

804 3403 1018 3469 sioncs
1050 3403 1221 3470 infra
1248 3412 1523 3488 quatuor
1555 3406 1696 3473 dies
1730 3427 1771 3472 a
1805 3408 2291 3492 presentacione
2311 3405 2712 3492 presencium
2746 3404 3058 3470 conficere

809 3516 875 3575 et
907 3510 1249 3578 emendare
1285 3514 1539 3596 curetis,
1563 3521 1625 3580 ct
1647 3533 1727 3580 ea
1760 3514 1956 3580 latori
1991 3512 2391 3599 presencium
2416 3512 2604 3578 detis.
2640 3510 2825 3589 Quod
2857 3533 3061 3580 exem·

806 3618 985 3702 plum
1021 3626 1119 3685 est
1172 3622 1502 3707 clausum,
1556 3627 1776 3688 nostro
1828 3630 1893 3686 et
1925 3641 2209 3687 meorum
2258 3618 2668 3687 coniudicum
2700 3620 3058 3704 sigillatum

808 3724 1064 3808 sigillis.
1100 3728 1182 3791 Et
1215 3747 1295 3791 ne
1326 3729 1702 3814 moremini,
1746 3728 1801 3794 si
1834 3729 1956 3814 ipsi
1989 3729 2176 3794 vobis
2209 3749 2337 3794 non
2368 3726 2683 3810 scribunt;
2746 3731 2901 3810 quia
2933 3749 3059 3793 non

809 3840 1101 3919 possunt,
1135 3853 1253 3900 nec
1284 3835 1555 3920 debent3
1617 3839 1772 3919 quia
1824 3838 1906 3903 ab
1941 3836 2103 3921 ipsis
2166 3857 2293 3901 non
2328 3834 2642 3901 habuistis
2706 3834 2965 3918 aliquid
2996 3835 3061 3899 in

808 3940 1155 4025 mandatis,
1192 3941 1317 4007 nisi
1350 3942 1753 4007 solummodo
1806 3965 1846 4007 a
1897 3943 2102 4009 nobis.
2159 3944 2240 4008 Et
2273 3942 2330 4008 si
2381 3943 2738 4028 predictum
2775 3951 3061 4008 nostrum

813 4048 1197 4114 mandatum
1232 4050 1657 4131 neglexeritis
1710 4051 2001 4116 totaliter
2052 4049 2429 4134 adimplere,
2463 4069 2579 4115 vos
2612 4057 2824 4116 certos
2858 4048 3063 4115 reddi·

812 4176 957 4223 mus
992 4163 1059 4222 et
1088 4177 1391 4241 securos,
1427 4157 1598 4239 quod
1654 4180 1771 4224 nos
1826 4181 1955 4226 vna
2005 4178 2148 4224 cum
2204 4156 2647 4223 coniudicibus
2679 4159 2922 4224 nostris
2953 4176 3065 4223 vos

810 4264 1203 4332 intendimus
1237 4284 1514 4348 arguere
1548 4274 1610 4330 et
1644 4287 1956 4333 accusare
2013 4265 2093 4331 dc
2124 4266 2314 4349 falso,
2381 4284 2593 4330 coram
2657 4285 2782 4347 quo
2819 4263 2900 4330 de
2932 4263 3068 4330 iure

813 4370 1157 4455 debemus;
1189 4380 1253 4436 et
1287 4391 1399 4456 per
1433 4373 1902 4440 confessionem
1967 4381 2247 4439 vestram
2283 4373 2412 4438 iam
2447 4373 2685 4438 factam
2720 4371 2785 4436 in
2812 4370 3065 4456 judicio

814 4499 1033 4547 coram
1069 4480 1319 4544 notario
1353 4487 1418 4544 et
1448 4484 1721 4549 testibus
1743 4482 2016 4547 infinitis
2040 4480 2280 4567 optime
2314 4488 2602 4546 nostram
2636 4479 3066 4547 intencionem
