<?xml version="1.0" encoding="UTF-8"?>
<!DOCTYPE html PUBLIC "-//W3C//DTD XHTML 1.0 Transitional//EN"
    "http://www.w3.org/TR/xhtml1/DTD/xhtml1-transitional.dtd">
<html xmlns="http://www.w3.org/1999/xhtml" xml:lang="en" lang="en">
 <head>
  <title>
</title>
<meta http-equiv="Content-Type" content="text/html;charset=utf-8" />
  <meta name='ocr-system' content='tesseract 3.04.00' />
  <meta name='ocr-capabilities' content='ocr_page ocr_carea ocr_par ocr_line ocrx_word'/>
</head>
<body>
  <div class='ocr_page' id='page_1' title='image "./rpdkorijokmnytr00wenzgoog_0104.png"; bbox 0 0 3319 5249; ppageno 0'>
   <div class='ocr_carea' id='block_1_1' title="bbox 1761 368 1848 432">
    <p class='ocr_par' dir='ltr' id='par_1_1' title="bbox 1761 368 1848 432">
     <span class='ocr_line' id='line_1_1' title="bbox 1761 368 1848 432; baseline 0 -3"><span class='ocrx_word' id='word_1_1' title='bbox 1761 368 1848 432; x_wconf 86' lang='lat'>54</span> 
     </span>
    </p>
   </div>
   <div class='ocr_carea' id='block_1_2' title="bbox 1638 455 1953 464">
    <p class='ocr_par' dir='ltr' id='par_1_2' title="bbox 1638 455 1953 464">
     <span class='ocr_line' id='line_1_2' title="bbox 1638 455 1953 464; baseline 0 4785"><span class='ocrx_word' id='word_1_2' title='bbox 1638 455 1953 464; x_wconf 95' lang='lat' dir='ltr'> </span> 
     </span>
    </p>
   </div>
   <div class='ocr_carea' id='block_1_3' title="bbox 672 553 2935 967">
    <p class='ocr_par' dir='ltr' id='par_1_3' title="bbox 672 553 2935 967">
     <span class='ocr_line' id='line_1_3' title="bbox 673 553 2931 653; baseline -0.008 -17"><span class='ocrx_word' id='word_1_3' title='bbox 673 570 988 653; x_wconf 82' lang='lat' dir='ltr'>Magistro</span> <span class='ocrx_word' id='word_1_4' title='bbox 1020 566 1533 631; x_wconf 77' lang='lat' dir='ltr'>Tauarnioorum</span> <span class='ocrx_word' id='word_1_5' title='bbox 1569 561 1821 628; x_wconf 91' lang='lat' dir='ltr'>Comite</span> <span class='ocrx_word' id='word_1_6' title='bbox 1870 559 1951 624; x_wconf 90' lang='lat' dir='ltr'>de</span> <span class='ocrx_word' id='word_1_7' title='bbox 1998 558 2193 643; x_wconf 82' lang='lat' dir='ltr'>Plys,</span> <span class='ocrx_word' id='word_1_8' title='bbox 2245 553 2583 636; x_wconf 84' lang='lat' dir='ltr'>Reynoldo</span> <span class='ocrx_word' id='word_1_9' title='bbox 2618 554 2931 637; x_wconf 84' lang='lat' dir='ltr'>Magistro</span> 
     </span>
     <span class='ocr_line' id='line_1_4' title="bbox 672 660 2925 760; baseline -0.007 -19"><span class='ocrx_word' id='word_1_10' title='bbox 672 676 1128 760; x_wconf 86' lang='lat' dir='ltr'>Dapiferorum</span> <span class='ocrx_word' id='word_1_11' title='bbox 1163 664 1410 737; x_wconf 80' lang='lat' dir='ltr'>Coniite</span> <span class='ocrx_word' id='word_1_12' title='bbox 1443 667 2016 753; x_wconf 80' lang='lat' dir='ltr'>Zulgageuryensi,</span> <span class='ocrx_word' id='word_1_13' title='bbox 2049 660 2387 730; x_wconf 86' lang='lat' dir='ltr'>Herbordo</span> <span class='ocrx_word' id='word_1_14' title='bbox 2420 662 2728 744; x_wconf 82' lang='lat' dir='ltr'>Magistro</span> <span class='ocrx_word' id='word_1_15' title='bbox 2761 663 2925 745; x_wconf 83' lang='lat' dir='ltr'>Aga·</span> 
     </span>
     <span class='ocr_line' id='line_1_5' title="bbox 676 769 2931 859; baseline -0.008 -9"><span class='ocrx_word' id='word_1_16' title='bbox 676 804 902 850; x_wconf 89' lang='lat' dir='ltr'>sonum</span> <span class='ocrx_word' id='word_1_17' title='bbox 956 781 1204 847; x_wconf 83' lang='lat' dir='ltr'>Comite</span> <span class='ocrx_word' id='word_1_18' title='bbox 1254 779 1338 846; x_wconf 88' lang='lat' dir='ltr'>de</span> <span class='ocrx_word' id='word_1_19' title='bbox 1388 779 1726 859; x_wconf 84' lang='lat' dir='ltr'>Baranya,</span> <span class='ocrx_word' id='word_1_20' title='bbox 1782 774 2048 840; x_wconf 88' lang='lat' dir='ltr'>Nicolao</span> <span class='ocrx_word' id='word_1_21' title='bbox 2101 770 2412 853; x_wconf 86' lang='lat' dir='ltr'>Magistro</span> <span class='ocrx_word' id='word_1_22' title='bbox 2462 769 2931 835; x_wconf 85' lang='lat' dir='ltr'>Pincernarum</span> 
     </span>
     <span class='ocr_line' id='line_1_6' title="bbox 675 876 2935 967; baseline -0.008 -10"><span class='ocrx_word' id='word_1_23' title='bbox 675 898 1038 958; x_wconf 90' lang='lat' dir='ltr'>nostrorum</span> <span class='ocrx_word' id='word_1_24' title='bbox 1083 886 1330 953; x_wconf 87' lang='lat' dir='ltr'>Comite</span> <span class='ocrx_word' id='word_1_25' title='bbox 1362 886 1443 951; x_wconf 90' lang='lat' dir='ltr'>de</span> <span class='ocrx_word' id='word_1_26' title='bbox 1477 886 1723 967; x_wconf 85' lang='lat' dir='ltr'>Bereg,</span> <span class='ocrx_word' id='word_1_27' title='bbox 1772 882 1956 966; x_wconf 84' lang='lat' dir='ltr'>Moys</span> <span class='ocrx_word' id='word_1_28' title='bbox 2008 879 2322 962; x_wconf 85' lang='lat' dir='ltr'>Magistro</span> <span class='ocrx_word' id='word_1_29' title='bbox 2369 876 2935 943; x_wconf 85' lang='lat' dir='ltr'>Thauarnicorum</span> 
     </span>
    </p>
   </div>
   <div class='ocr_carea' id='block_1_4' title="bbox 679 983 2935 1190">
    <p class='ocr_par' dir='ltr' id='par_1_4' title="bbox 679 983 2935 1190">
     <span class='ocr_line' id='line_1_7' title="bbox 679 983 2935 1080; baseline -0.008 -16"><span class='ocrx_word' id='word_1_30' title='bbox 679 998 936 1065; x_wconf 91' lang='lat' dir='ltr'>domine</span> <span class='ocrx_word' id='word_1_31' title='bbox 988 997 1236 1080; x_wconf 84' lang='lat' dir='ltr'>Regine</span> <span class='ocrx_word' id='word_1_32' title='bbox 1288 994 1537 1061; x_wconf 85' lang='lat' dir='ltr'>Comite</span> <span class='ocrx_word' id='word_1_33' title='bbox 1587 991 1991 1077; x_wconf 86' lang='lat' dir='ltr'>Syrimyensi</span> <span class='ocrx_word' id='word_1_34' title='bbox 2015 1039 2033 1072; x_wconf 91' lang='lat'>,</span> <span class='ocrx_word' id='word_1_35' title='bbox 2083 988 2380 1055; x_wconf 89' lang='lat' dir='ltr'>Johanne</span> <span class='ocrx_word' id='word_1_36' title='bbox 2415 983 2665 1050; x_wconf 88' lang='lat' dir='ltr'>Comite</span> <span class='ocrx_word' id='word_1_37' title='bbox 2697 985 2935 1068; x_wconf 86' lang='lat' dir='ltr'>Supru·</span> 
     </span>
     <span class='ocr_line' id='line_1_8' title="bbox 680 1091 2933 1190; baseline -0.008 -17"><span class='ocrx_word' id='word_1_38' title='bbox 680 1106 893 1173; x_wconf 83' lang='lat' dir='ltr'>niensi</span> <span class='ocrx_word' id='word_1_39' title='bbox 917 1158 933 1190; x_wconf 90' lang='lat'>,</span> <span class='ocrx_word' id='word_1_40' title='bbox 988 1102 1304 1187; x_wconf 82' lang='lat' dir='ltr'>Gregorio</span> <span class='ocrx_word' id='word_1_41' title='bbox 1340 1099 1588 1166; x_wconf 84' lang='lat' dir='ltr'>Comite</span> <span class='ocrx_word' id='word_1_42' title='bbox 1621 1097 1832 1163; x_wconf 75' lang='lat' dir='ltr'>Casti-i</span> <span class='ocrx_word' id='word_1_43' title='bbox 1868 1097 2128 1179; x_wconf 83' lang='lat' dir='ltr'>Ferrey,</span> <span class='ocrx_word' id='word_1_44' title='bbox 2176 1092 2430 1159; x_wconf 90' lang='lat' dir='ltr'>Dedalo</span> <span class='ocrx_word' id='word_1_45' title='bbox 2465 1091 2715 1157; x_wconf 87' lang='lat' dir='ltr'>Comite</span> <span class='ocrx_word' id='word_1_46' title='bbox 2745 1091 2933 1156; x_wconf 86' lang='lat' dir='ltr'>Zala-</span> 
     </span>
    </p>
   </div>
   <div class='ocr_carea' id='block_1_5' title="bbox 679 1198 2941 1403">
    <p class='ocr_par' dir='ltr' id='par_1_5' title="bbox 679 1198 2941 1403">
     <span class='ocr_line' id='line_1_9' title="bbox 679 1198 2941 1295; baseline -0.007 -17"><span class='ocrx_word' id='word_1_47' title='bbox 679 1213 928 1295; x_wconf 87' lang='lat' dir='ltr'>diensi,</span> <span class='ocrx_word' id='word_1_48' title='bbox 975 1209 1220 1277; x_wconf 89' lang='lat' dir='ltr'>Jacobo</span> <span class='ocrx_word' id='word_1_49' title='bbox 1254 1208 1504 1274; x_wconf 90' lang='lat' dir='ltr'>Comite</span> <span class='ocrx_word' id='word_1_50' title='bbox 1532 1205 1871 1272; x_wconf 84' lang='lat' dir='ltr'>Nittriensi</span> <span class='ocrx_word' id='word_1_51' title='bbox 1894 1256 1909 1286; x_wconf 95' lang='lat'>,</span> <span class='ocrx_word' id='word_1_52' title='bbox 1960 1203 2193 1287; x_wconf 85' lang='lat' dir='ltr'>Thyba</span> <span class='ocrx_word' id='word_1_53' title='bbox 2232 1199 2479 1267; x_wconf 84' lang='lat' dir='ltr'>Comite</span> <span class='ocrx_word' id='word_1_54' title='bbox 2511 1198 2839 1282; x_wconf 85' lang='lat' dir='ltr'>Tolnensi,</span> <span class='ocrx_word' id='word_1_55' title='bbox 2874 1206 2941 1264; x_wconf 86' lang='lat' dir='ltr'>et</span> 
     </span>
     <span class='ocr_line' id='line_1_10' title="bbox 680 1306 2829 1403; baseline -0.007 -17"><span class='ocrx_word' id='word_1_56' title='bbox 680 1320 831 1403; x_wconf 86' lang='lat' dir='ltr'>alijs</span> <span class='ocrx_word' id='word_1_57' title='bbox 862 1316 1354 1402; x_wconf 83' lang='lat' dir='ltr'>quampluribus</span> <span class='ocrx_word' id='word_1_58' title='bbox 1390 1314 1750 1382; x_wconf 79' lang='lat' dir='ltr'>Comitatus</span> <span class='ocrx_word' id='word_1_59' title='bbox 1781 1310 1992 1395; x_wconf 80' lang='lat' dir='ltr'>Regni</span> <span class='ocrx_word' id='word_1_60' title='bbox 2032 1309 2406 1376; x_wconf 88' lang='lat' dir='ltr'>tenentibus</span> <span class='ocrx_word' id='word_1_61' title='bbox 2437 1314 2503 1372; x_wconf 84' lang='lat' dir='ltr'>et</span> <span class='ocrx_word' id='word_1_62' title='bbox 2531 1306 2829 1372; x_wconf 84' lang='lat' dir='ltr'>honores.</span> 
     </span>
    </p>
   </div>
   <div class='ocr_carea' id='block_1_6' title="bbox 680 1482 2944 1645">
    <p class='ocr_par' dir='ltr' id='par_1_6' title="bbox 680 1482 2944 1645">
     <span class='ocr_line' id='line_1_11' title="bbox 680 1482 2944 1560; baseline -0.005 -13"><span class='ocrx_word' id='word_1_63' title='bbox 680 1499 747 1560; x_wconf 88' lang='grc' dir='ltr'>(Ι.</span> <span class='ocrx_word' id='word_1_64' title='bbox 777 1496 939 1559; x_wconf 81' lang='lat' dir='ltr'>Lajos</span> <span class='ocrx_word' id='word_1_65' title='bbox 986 1490 1164 1558; x_wconf 67' lang='lat' dir='ltr'>kiraly</span> <span class='ocrx_word' id='word_1_66' title='bbox 1210 1493 1431 1542; x_wconf 80' lang='lat' dir='ltr'>1356-ki</span> <span class='ocrx_word' id='word_1_67' title='bbox 1476 1491 1800 1553; x_wconf 61' lang='lat' dir='ltr'>megeriisitti</span> <span class='ocrx_word' id='word_1_68' title='bbox 1845 1484 2211 1552; x_wconf 62' lang='lat' dir='ltr'>okmanyabol</span> <span class='ocrx_word' id='word_1_69' title='bbox 2250 1503 2283 1537; x_wconf 75' lang='lat' dir='ltr'>a</span> <span class='ocrx_word' id='word_1_70' title='bbox 2327 1501 2407 1550; x_wconf 76' lang='lat' dir='ltr'>gr.</span> <span class='ocrx_word' id='word_1_71' title='bbox 2456 1482 2704 1550; x_wconf 65' lang='lat' dir='ltr'>Forgaeh</span> <span class='ocrx_word' id='word_1_72' title='bbox 2753 1483 2944 1536; x_wconf 55' lang='lat' dir='ltr'>csaldd</span> 
     </span>
     <span class='ocr_line' id='line_1_12' title="bbox 1479 1574 2155 1645; baseline -0.006 -15"><span class='ocrx_word' id='word_1_73' title='bbox 1479 1581 1705 1645; x_wconf 82' lang='lat' dir='ltr'>ghimesi</span> <span class='ocrx_word' id='word_1_74' title='bbox 1733 1574 2155 1643; x_wconf 61' lang='lat' dir='ltr'>leveltardban.)</span> 
     </span>
    </p>
   </div>
   <div class='ocr_carea' id='block_1_7' title="bbox 1599 1760 2023 1768">
    <p class='ocr_par' dir='ltr' id='par_1_7' title="bbox 1599 1760 2023 1768">
     <span class='ocr_line' id='line_1_13' title="bbox 1599 1760 2023 1768; baseline -0.005 0"><span class='ocrx_word' id='word_1_75' title='bbox 1599 1760 2023 1768; x_wconf 57' lang='lat' dir='ltr'>mm</span> 
     </span>
    </p>
   </div>
   <div class='ocr_carea' id='block_1_8' title="bbox 1760 2094 1870 2159">
    <p class='ocr_par' dir='ltr' id='par_1_8' title="bbox 1760 2094 1870 2159">
     <span class='ocr_line' id='line_1_14' title="bbox 1760 2094 1870 2159; baseline -0.009 0"><span class='ocrx_word' id='word_1_76' title='bbox 1760 2094 1870 2159; x_wconf 78' lang='lat'>32.</span> 
     </span>
    </p>
   </div>
   <div class='ocr_carea' id='block_1_9' title="bbox 691 2292 3011 2502">
    <p class='ocr_par' dir='ltr' id='par_1_9' title="bbox 691 2292 3011 2502">
     <span class='ocr_line' id='line_1_15' title="bbox 691 2292 3011 2379; baseline -0.003 -18"><span class='ocrx_word' id='word_1_77' title='bbox 691 2295 804 2361; x_wconf 87' lang='lat' dir='ltr'>IV.</span> <span class='ocrx_word' id='word_1_78' title='bbox 857 2297 1088 2361; x_wconf 72' lang='lat' dir='ltr'>Lciazl6</span> <span class='ocrx_word' id='word_1_79' title='bbox 1117 2295 1466 2379; x_wconf 78' lang='lat' dir='ltr'>kircilynak</span> <span class='ocrx_word' id='word_1_80' title='bbox 1498 2293 1762 2377; x_wconf 74' lang='lat' dir='ltr'>Draque</span> <span class='ocrx_word' id='word_1_81' title='bbox 1797 2302 1954 2356; x_wconf 74' lang='lat' dir='ltr'>nevil</span> <span class='ocrx_word' id='word_1_82' title='bbox 1988 2292 2200 2378; x_wconf 73' lang='lat' dir='ltr'>foldet</span> <span class='ocrx_word' id='word_1_83' title='bbox 2240 2294 2548 2378; x_wconf 73' lang='lat' dir='ltr'>ta&#39;rqyazd</span> <span class='ocrx_word' id='word_1_84' title='bbox 2586 2293 2949 2376; x_wconf 67' lang='lat' dir='ltr'>adomaeinya</span> <span class='ocrx_word' id='word_1_85' title='bbox 3006 2297 3011 2306; x_wconf 90' lang='lat'>&#39;</span> 
     </span>
     <span class='ocr_line' id='line_1_16' title="bbox 1077 2398 2664 2502; baseline -0.003 -36"><span class='ocrx_word' id='word_1_86' title='bbox 1077 2403 1240 2468; x_wconf 68' lang='lat' dir='ltr'>Dera</span> <span class='ocrx_word' id='word_1_87' title='bbox 1271 2405 1332 2466; x_wconf 67' lang='lat'>6⁸</span> <span class='ocrx_word' id='word_1_88' title='bbox 1366 2400 1670 2481; x_wconf 80' lang='lat' dir='ltr'>Demeter,</span> <span class='ocrx_word' id='word_1_89' title='bbox 1700 2398 1921 2464; x_wconf 79' lang='lat' dir='ltr'>Hwnth</span> <span class='ocrx_word' id='word_1_90' title='bbox 1936 2400 2073 2483; x_wconf 84' lang='lat' dir='ltr'>fiai</span> <span class='ocrx_word' id='word_1_91' title='bbox 2103 2405 2417 2465; x_wconf 74' lang='lat' dir='ltr'>szdmdra.</span> <span class='ocrx_word' id='word_1_92' title='bbox 2473 2403 2664 2502; x_wconf 73' lang='lat'><strong><em>1274.</em></strong></span> 
     </span>
    </p>
   </div>
   <div class='ocr_carea' id='block_1_10' title="bbox 590 2578 2956 3533">
    <p class='ocr_par' dir='ltr' id='par_1_10' title="bbox 590 2578 2956 3533">
     <span class='ocr_line' id='line_1_17' title="bbox 902 2578 2944 2678; baseline -0.002 -15"><span class='ocrx_word' id='word_1_93' title='bbox 902 2595 1252 2663; x_wconf 87' lang='lat' dir='ltr'>Ladizlaus</span> <span class='ocrx_word' id='word_1_94' title='bbox 1310 2594 1431 2661; x_wconf 91' lang='lat' dir='ltr'>Dei</span> <span class='ocrx_word' id='word_1_95' title='bbox 1499 2593 1730 2678; x_wconf 85' lang='lat' dir='ltr'>gracia</span> <span class='ocrx_word' id='word_1_96' title='bbox 1791 2591 2164 2676; x_wconf 85' lang='lat' dir='ltr'>Hungarie,</span> <span class='ocrx_word' id='word_1_97' title='bbox 2234 2592 2588 2676; x_wconf 88' lang='lat' dir='ltr'>Dalmacie,</span> <span class='ocrx_word' id='word_1_98' title='bbox 2657 2578 2944 2676; x_wconf 81' lang='lat' dir='ltr'>Croacie,</span> 
     </span>
     <span class='ocr_line' id='line_1_18' title="bbox 691 2699 2946 2786; baseline -0.001 -17"><span class='ocrx_word' id='word_1_99' title='bbox 691 2706 924 2785; x_wconf 73' lang='lat' dir='ltr'>Reme,</span> <span class='ocrx_word' id='word_1_100' title='bbox 971 2702 1233 2783; x_wconf 89' lang='lat' dir='ltr'>Seruie,</span> <span class='ocrx_word' id='word_1_101' title='bbox 1281 2699 1598 2784; x_wconf 84' lang='lat' dir='ltr'>Gallicie,</span> <span class='ocrx_word' id='word_1_102' title='bbox 1641 2699 2063 2786; x_wconf 90' lang='lat' dir='ltr'>Lodomerie,</span> <span class='ocrx_word' id='word_1_103' title='bbox 2134 2699 2439 2767; x_wconf 84' lang='lat' dir='ltr'>Cumanie</span> <span class='ocrx_word' id='word_1_104' title='bbox 2502 2701 2946 2784; x_wconf 84' lang='lat' dir='ltr'>Bulgarieque</span> 
     </span>
     <span class='ocr_line' id='line_1_19' title="bbox 692 2806 2952 2893; baseline -0.001 -19"><span class='ocrx_word' id='word_1_105' title='bbox 692 2812 831 2876; x_wconf 82' lang='lat' dir='ltr'>Rex</span> <span class='ocrx_word' id='word_1_106' title='bbox 884 2810 1179 2876; x_wconf 92' lang='lat' dir='ltr'>omnibus</span> <span class='ocrx_word' id='word_1_107' title='bbox 1229 2808 1467 2875; x_wconf 80' lang='lat' dir='ltr'>Christi</span> <span class='ocrx_word' id='word_1_108' title='bbox 1518 2807 1818 2873; x_wconf 88' lang='lat' dir='ltr'>fidelibus</span> <span class='ocrx_word' id='word_1_109' title='bbox 1870 2816 2205 2893; x_wconf 82' lang='lat' dir='ltr'>presentes</span> <span class='ocrx_word' id='word_1_110' title='bbox 2259 2808 2508 2873; x_wconf 80' lang='lat' dir='ltr'>litteras</span> <span class='ocrx_word' id='word_1_111' title='bbox 2563 2806 2952 2892; x_wconf 85' lang='lat' dir='ltr'>inspecturis</span> 
     </span>
     <span class='ocr_line' id='line_1_20' title="bbox 690 2913 2950 2983; baseline -0.001 0"><span class='ocrx_word' id='word_1_112' title='bbox 690 2918 966 2983; x_wconf 81' lang='lat' dir='ltr'>salutem</span> <span class='ocrx_word' id='word_1_113' title='bbox 998 2916 1065 2981; x_wconf 93' lang='lat' dir='ltr'>in</span> <span class='ocrx_word' id='word_1_114' title='bbox 1097 2916 1378 2983; x_wconf 91' lang='lat' dir='ltr'>omnium</span> <span class='ocrx_word' id='word_1_115' title='bbox 1399 2915 1748 2981; x_wconf 85' lang='lat' dir='ltr'>saluatore.</span> <span class='ocrx_word' id='word_1_116' title='bbox 1783 2913 1888 2979; x_wconf 87' lang='lat' dir='ltr'>Ad</span> <span class='ocrx_word' id='word_1_117' title='bbox 1914 2916 2362 2980; x_wconf 88' lang='lat' dir='ltr'>uniuersorum</span> <span class='ocrx_word' id='word_1_118' title='bbox 2388 2913 2692 2980; x_wconf 81' lang='lat' dir='ltr'>noticiam</span> <span class='ocrx_word' id='word_1_119' title='bbox 2728 2921 2950 2981; x_wconf 84' lang='lat' dir='ltr'>tenore</span> 
     </span>
     <span class='ocr_line' id='line_1_21' title="bbox 692 3021 2951 3108; baseline -0.001 -20"><span class='ocrx_word' id='word_1_120' title='bbox 692 3025 1094 3108; x_wconf 87' lang='lat' dir='ltr'>presencium</span> <span class='ocrx_word' id='word_1_121' title='bbox 1131 3023 1425 3088; x_wconf 85' lang='lat' dir='ltr'>volumus</span> <span class='ocrx_word' id='word_1_122' title='bbox 1479 3021 1839 3106; x_wconf 87' lang='lat' dir='ltr'>peruenire,</span> <span class='ocrx_word' id='word_1_123' title='bbox 1892 3022 2064 3103; x_wconf 90' lang='lat' dir='ltr'>quod</span> <span class='ocrx_word' id='word_1_124' title='bbox 2103 3042 2245 3086; x_wconf 87' lang='lat' dir='ltr'>oum</span> <span class='ocrx_word' id='word_1_125' title='bbox 2281 3023 2447 3087; x_wconf 87' lang='lat' dir='ltr'>Ders</span> <span class='ocrx_word' id='word_1_126' title='bbox 2483 3028 2546 3086; x_wconf 94' lang='lat' dir='ltr'>et</span> <span class='ocrx_word' id='word_1_127' title='bbox 2575 3021 2951 3086; x_wconf 83' lang='lat' dir='ltr'>Demetrius</span> 
     </span>
     <span class='ocr_line' id='line_1_22' title="bbox 694 3127 2952 3215; baseline -0.001 -19"><span class='ocrx_word' id='word_1_128' title='bbox 694 3131 811 3215; x_wconf 88' lang='lat' dir='ltr'>filij</span> <span class='ocrx_word' id='word_1_129' title='bbox 851 3130 1067 3195; x_wconf 88' lang='lat' dir='ltr'>Hunth</span> <span class='ocrx_word' id='word_1_130' title='bbox 1118 3127 1348 3195; x_wconf 88' lang='lat' dir='ltr'>fideles</span> <span class='ocrx_word' id='word_1_131' title='bbox 1399 3128 1600 3194; x_wconf 87' lang='lat' dir='ltr'>nostri</span> <span class='ocrx_word' id='word_1_132' title='bbox 1655 3149 1697 3192; x_wconf 83' lang='lat' dir='ltr'>a</span> <span class='ocrx_word' id='word_1_133' title='bbox 1724 3127 2035 3213; x_wconf 89' lang='lat' dir='ltr'>primeuis</span> <span class='ocrx_word' id='word_1_134' title='bbox 2087 3128 2374 3211; x_wconf 80' lang='lat' dir='ltr'>puericie</span> <span class='ocrx_word' id='word_1_135' title='bbox 2408 3148 2522 3194; x_wconf 90' lang='lat' dir='ltr'>sue</span> <span class='ocrx_word' id='word_1_136' title='bbox 2554 3127 2952 3212; x_wconf 87' lang='lat' dir='ltr'>temporibus</span> 
     </span>
     <span class='ocr_line' id='line_1_23' title="bbox 696 3231 2951 3317; baseline -0.001 -15"><span class='ocrx_word' id='word_1_137' title='bbox 696 3237 903 3302; x_wconf 83' lang='lat' dir='ltr'>multa</span> <span class='ocrx_word' id='word_1_138' title='bbox 934 3241 997 3301; x_wconf 89' lang='lat' dir='ltr'>et</span> <span class='ocrx_word' id='word_1_139' title='bbox 1028 3234 1290 3300; x_wconf 86' lang='lat' dir='ltr'>diuersa</span> <span class='ocrx_word' id='word_1_140' title='bbox 1340 3231 1675 3298; x_wconf 87' lang='lat' dir='ltr'>fidelitatis</span> <span class='ocrx_word' id='word_1_141' title='bbox 1717 3235 2029 3317; x_wconf 87' lang='lat' dir='ltr'>obsequia</span> <span class='ocrx_word' id='word_1_142' title='bbox 2080 3234 2147 3299; x_wconf 89' lang='lat' dir='ltr'>in</span> <span class='ocrx_word' id='word_1_143' title='bbox 2179 3234 2473 3300; x_wconf 87' lang='lat' dir='ltr'>omnibus</span> <span class='ocrx_word' id='word_1_144' title='bbox 2508 3236 2712 3316; x_wconf 84' lang='lat' dir='ltr'>Regni</span> <span class='ocrx_word' id='word_1_145' title='bbox 2748 3235 2951 3300; x_wconf 90' lang='lat' dir='ltr'>nostri</span> 
     </span>
     <span class='ocr_line' id='line_1_24' title="bbox 694 3339 2952 3427; baseline -0.001 -19"><span class='ocrx_word' id='word_1_146' title='bbox 694 3342 1250 3427; x_wconf 85' lang='lat' dir='ltr'>expedicionibus,</span> <span class='ocrx_word' id='word_1_147' title='bbox 1300 3339 1364 3403; x_wconf 90' lang='lat' dir='ltr'>in</span> <span class='ocrx_word' id='word_1_148' title='bbox 1398 3341 1632 3423; x_wconf 92' lang='lat' dir='ltr'>quibus</span> <span class='ocrx_word' id='word_1_149' title='bbox 1685 3340 2053 3423; x_wconf 83' lang='lat' dir='ltr'>frequenter</span> <span class='ocrx_word' id='word_1_150' title='bbox 2104 3342 2378 3408; x_wconf 83' lang='lat' dir='ltr'>uulnera</span> <span class='ocrx_word' id='word_1_151' title='bbox 2414 3341 2644 3406; x_wconf 87' lang='lat' dir='ltr'>letalia</span> <span class='ocrx_word' id='word_1_152' title='bbox 2680 3341 2952 3424; x_wconf 87' lang='lat' dir='ltr'>pertule-</span> 
     </span>
     <span class='ocr_line' id='line_1_25' title="bbox 590 3446 2956 3533; baseline -0.001 -20"><span class='ocrx_word' id='word_1_153' title='bbox 590 3472 600 3481; x_wconf 95' lang='lat'><strong>·</strong></span> <span class='ocrx_word' id='word_1_154' title='bbox 693 3457 859 3531; x_wconf 87' lang='lat' dir='ltr'>runt,</span> <span class='ocrx_word' id='word_1_155' title='bbox 895 3446 1320 3515; x_wconf 84' lang='lat' dir='ltr'>laudabiliter</span> <span class='ocrx_word' id='word_1_156' title='bbox 1364 3447 1854 3533; x_wconf 85' lang='lat' dir='ltr'>impendissent,</span> <span class='ocrx_word' id='word_1_157' title='bbox 1907 3468 2030 3530; x_wconf 89' lang='lat' dir='ltr'>que</span> <span class='ocrx_word' id='word_1_158' title='bbox 2062 3468 2177 3531; x_wconf 89' lang='lat' dir='ltr'>per</span> <span class='ocrx_word' id='word_1_159' title='bbox 2209 3448 2469 3531; x_wconf 87' lang='lat' dir='ltr'>singula</span> <span class='ocrx_word' id='word_1_160' title='bbox 2521 3467 2650 3512; x_wconf 92' lang='lat' dir='ltr'>non</span> <span class='ocrx_word' id='word_1_161' title='bbox 2683 3455 2956 3532; x_wconf 87' lang='lat' dir='ltr'>possent</span> 
     </span>
    </p>
   </div>
   <div class='ocr_carea' id='block_1_11' title="bbox 573 3553 2957 3638">
    <p class='ocr_par' dir='ltr' id='par_1_11' title="bbox 573 3553 2957 3638">
     <span class='ocr_line' id='line_1_26' title="bbox 573 3553 2957 3638; baseline 0 -19"><span class='ocrx_word' id='word_1_162' title='bbox 573 3572 588 3585; x_wconf 81' lang='lat'><strong>·</strong></span> <span class='ocrx_word' id='word_1_163' title='bbox 697 3553 1026 3619; x_wconf 91' lang='lat' dir='ltr'>commode</span> <span class='ocrx_word' id='word_1_164' title='bbox 1059 3553 1338 3636; x_wconf 87' lang='lat' dir='ltr'>recitari;</span> <span class='ocrx_word' id='word_1_165' title='bbox 1372 3572 1493 3619; x_wconf 89' lang='grc'><strong>1168</strong></span> <span class='ocrx_word' id='word_1_166' title='bbox 1524 3555 1810 3638; x_wconf 90' lang='lat' dir='ltr'>ipsorum</span> <span class='ocrx_word' id='word_1_167' title='bbox 1843 3553 2231 3635; x_wconf 83' lang='lat' dir='ltr'>obsequiosa</span> <span class='ocrx_word' id='word_1_168' title='bbox 2271 3555 2504 3619; x_wconf 84' lang='lat' dir='ltr'>merita</span> <span class='ocrx_word' id='word_1_169' title='bbox 2533 3559 2598 3619; x_wconf 91' lang='lat' dir='ltr'>et</span> <span class='ocrx_word' id='word_1_170' title='bbox 2629 3554 2957 3620; x_wconf 86' lang='lat' dir='ltr'>meritoria</span> 
     </span>
    </p>
   </div>
   <div class='ocr_carea' id='block_1_12' title="bbox 694 3659 2955 4710">
    <p class='ocr_par' dir='ltr' id='par_1_12' title="bbox 694 3659 2955 4710">
     <span class='ocr_line' id='line_1_27' title="bbox 695 3659 2955 3747; baseline 0 -22"><span class='ocrx_word' id='word_1_171' title='bbox 695 3659 1010 3743; x_wconf 87' lang='lat' dir='ltr'>obsequia</span> <span class='ocrx_word' id='word_1_172' title='bbox 1040 3679 1152 3746; x_wconf 88' lang='lat' dir='ltr'>pre</span> <span class='ocrx_word' id='word_1_173' title='bbox 1185 3659 1391 3727; x_wconf 87' lang='lat' dir='ltr'>oculis</span> <span class='ocrx_word' id='word_1_174' title='bbox 1425 3660 1761 3742; x_wconf 85' lang='lat' dir='ltr'>habentes,</span> <span class='ocrx_word' id='word_1_175' title='bbox 1804 3659 2222 3743; x_wconf 85' lang='lat' dir='ltr'>volentesque</span> <span class='ocrx_word' id='word_1_176' title='bbox 2254 3660 2503 3727; x_wconf 88' lang='lat' dir='ltr'>eisdem</span> <span class='ocrx_word' id='word_1_177' title='bbox 2536 3670 2800 3747; x_wconf 82' lang='lat' dir='ltr'>propter</span> <span class='ocrx_word' id='word_1_178' title='bbox 2832 3662 2955 3727; x_wconf 91' lang='lat' dir='ltr'>hoc</span> 
     </span>
     <span class='ocr_line' id='line_1_28' title="bbox 694 3766 2952 3851; baseline 0 -20"><span class='ocrx_word' id='word_1_179' title='bbox 694 3767 917 3849; x_wconf 80' lang='lat' dir='ltr'>gracia</span> <span class='ocrx_word' id='word_1_180' title='bbox 953 3766 1403 3833; x_wconf 88' lang='lat' dir='ltr'>uicissitudine</span> <span class='ocrx_word' id='word_1_181' title='bbox 1445 3766 1858 3851; x_wconf 86' lang='lat' dir='ltr'>respondere,</span> <span class='ocrx_word' id='word_1_182' title='bbox 1899 3766 2225 3850; x_wconf 87' lang='lat' dir='ltr'>quandam</span> <span class='ocrx_word' id='word_1_183' title='bbox 2258 3774 2493 3833; x_wconf 87' lang='lat' dir='ltr'>terram</span> <span class='ocrx_word' id='word_1_184' title='bbox 2529 3769 2792 3850; x_wconf 85' lang='lat' dir='ltr'>Dragus</span> <span class='ocrx_word' id='word_1_185' title='bbox 2842 3789 2952 3834; x_wconf 91' lang='lat' dir='ltr'>uo·</span> 
     </span>
     <span class='ocr_line' id='line_1_29' title="bbox 698 3873 2955 3959; baseline -0 -19"><span class='ocrx_word' id='word_1_186' title='bbox 698 3883 934 3959; x_wconf 82' lang='lat' dir='ltr'>catam,</span> <span class='ocrx_word' id='word_1_187' title='bbox 989 3896 1181 3958; x_wconf 83' lang='lat' dir='ltr'>quam</span> <span class='ocrx_word' id='word_1_188' title='bbox 1214 3873 1521 3940; x_wconf 86' lang='lat' dir='ltr'>Morouch</span> <span class='ocrx_word' id='word_1_189' title='bbox 1571 3875 1742 3940; x_wconf 88' lang='lat' dir='ltr'>filius</span> <span class='ocrx_word' id='word_1_190' title='bbox 1774 3873 2015 3939; x_wconf 83' lang='lat' dir='ltr'>Mathie</span> <span class='ocrx_word' id='word_1_191' title='bbox 2049 3875 2130 3942; x_wconf 91' lang='lat' dir='ltr'>de</span> <span class='ocrx_word' id='word_1_192' title='bbox 2162 3874 2479 3941; x_wconf 86' lang='lat' dir='ltr'>Scelehen</span> <span class='ocrx_word' id='word_1_193' title='bbox 2514 3883 2882 3959; x_wconf 82' lang='lat' dir='ltr'>exemptam</span> <span class='ocrx_word' id='word_1_194' title='bbox 2914 3896 2955 3939; x_wconf 90' lang='lat' dir='ltr'>a</span> 
     </span>
     <span class='ocr_line' id='line_1_30' title="bbox 697 3980 2953 4067; baseline 0.002 -22"><span class='ocrx_word' id='word_1_195' title='bbox 697 3980 887 4047; x_wconf 88' lang='grc'><strong>161118</strong></span> <span class='ocrx_word' id='word_1_196' title='bbox 920 3982 1126 4049; x_wconf 86' lang='lat' dir='ltr'>Castri</span> <span class='ocrx_word' id='word_1_197' title='bbox 1167 3984 1368 4048; x_wconf 86' lang='lat' dir='ltr'>nostri</span> <span class='ocrx_word' id='word_1_198' title='bbox 1403 3983 1759 4048; x_wconf 89' lang='lat' dir='ltr'>Huntensis</span> <span class='ocrx_word' id='word_1_199' title='bbox 1813 4003 1895 4048; x_wconf 88' lang='lat' dir='ltr'>ex</span> <span class='ocrx_word' id='word_1_200' title='bbox 1929 3981 2285 4049; x_wconf 83' lang='lat' dir='ltr'>collacione</span> <span class='ocrx_word' id='word_1_201' title='bbox 2317 3982 2523 4066; x_wconf 84' lang='lat' dir='ltr'>Regia</span> <span class='ocrx_word' id='word_1_202' title='bbox 2556 3983 2953 4067; x_wconf 87' lang='lat' dir='ltr'>possidebat,</span> 
     </span>
     <span class='ocr_line' id='line_1_31' title="bbox 697 4087 2954 4175; baseline 0 -22"><span class='ocrx_word' id='word_1_203' title='bbox 697 4089 780 4153; x_wconf 85' lang='lat' dir='ltr'>ab</span> <span class='ocrx_word' id='word_1_204' title='bbox 820 4087 1043 4153; x_wconf 89' lang='lat' dir='ltr'>eodem</span> <span class='ocrx_word' id='word_1_205' title='bbox 1076 4088 1382 4156; x_wconf 85' lang='lat' dir='ltr'>Morouch</span> <span class='ocrx_word' id='word_1_206' title='bbox 1435 4097 1698 4175; x_wconf 87' lang='lat' dir='ltr'>propter</span> <span class='ocrx_word' id='word_1_207' title='bbox 1746 4087 2153 4156; x_wconf 87' lang='lat' dir='ltr'>infidelitatis</span> <span class='ocrx_word' id='word_1_208' title='bbox 2207 4109 2322 4156; x_wconf 88' lang='lat' dir='ltr'>sue</span> <span class='ocrx_word' id='word_1_209' title='bbox 2353 4097 2596 4175; x_wconf 84' lang='lat' dir='ltr'>notam,</span> <span class='ocrx_word' id='word_1_210' title='bbox 2652 4111 2850 4173; x_wconf 85' lang='lat' dir='ltr'>quam</span> <span class='ocrx_word' id='word_1_211' title='bbox 2885 4093 2954 4155; x_wconf 89' lang='lat' dir='ltr'>in</span> 
     </span>
     <span class='ocr_line' id='line_1_32' title="bbox 699 4190 2955 4278; baseline 0.003 -19"><span class='ocrx_word' id='word_1_212' title='bbox 699 4190 1117 4277; x_wconf 82' lang='lat' dir='ltr'>adiungendo</span> <span class='ocrx_word' id='word_1_213' title='bbox 1170 4216 1241 4262; x_wconf 89' lang='lat' dir='ltr'>se</span> <span class='ocrx_word' id='word_1_214' title='bbox 1292 4198 1599 4263; x_wconf 84' lang='lat' dir='ltr'>Cumanis</span> <span class='ocrx_word' id='word_1_215' title='bbox 1649 4204 1802 4262; x_wconf 92' lang='lat' dir='ltr'>tunc</span> <span class='ocrx_word' id='word_1_216' title='bbox 1842 4197 2079 4263; x_wconf 84' lang='lat' dir='ltr'>nostris</span> <span class='ocrx_word' id='word_1_217' title='bbox 2119 4196 2525 4278; x_wconf 87' lang='lat' dir='ltr'>infidelibus,</span> <span class='ocrx_word' id='word_1_218' title='bbox 2576 4205 2642 4262; x_wconf 90' lang='lat' dir='ltr'>et</span> <span class='ocrx_word' id='word_1_219' title='bbox 2673 4217 2955 4264; x_wconf 87' lang='lat' dir='ltr'>unacum</span> 
     </span>
     <span class='ocr_line' id='line_1_33' title="bbox 698 4300 2953 4389; baseline 0 -21"><span class='ocrx_word' id='word_1_220' title='bbox 698 4300 941 4368; x_wconf 89' lang='lat' dir='ltr'>eisdem</span> <span class='ocrx_word' id='word_1_221' title='bbox 992 4311 1219 4370; x_wconf 81' lang='lat' dir='ltr'>contra</span> <span class='ocrx_word' id='word_1_222' title='bbox 1269 4324 1387 4370; x_wconf 87' lang='lat' dir='ltr'>nos</span> <span class='ocrx_word' id='word_1_223' title='bbox 1436 4305 1778 4388; x_wconf 87' lang='lat' dir='ltr'>insurgere</span> <span class='ocrx_word' id='word_1_224' title='bbox 1830 4304 2283 4389; x_wconf 84' lang='lat' dir='ltr'>presumendo,</span> <span class='ocrx_word' id='word_1_225' title='bbox 2334 4324 2478 4370; x_wconf 91' lang='lat' dir='ltr'>eum</span> <span class='ocrx_word' id='word_1_226' title='bbox 2533 4325 2650 4389; x_wconf 88' lang='lat' dir='ltr'>per</span> <span class='ocrx_word' id='word_1_227' title='bbox 2691 4302 2953 4368; x_wconf 90' lang='lat' dir='ltr'>eosdem</span> 
     </span>
     <span class='ocr_line' id='line_1_34' title="bbox 697 4410 2950 4495; baseline 0 -20"><span class='ocrx_word' id='word_1_228' title='bbox 697 4410 1019 4475; x_wconf 84' lang='lat' dir='ltr'>Cumanos</span> <span class='ocrx_word' id='word_1_229' title='bbox 1070 4410 1256 4477; x_wconf 84' lang='lat' dir='ltr'>uaria</span> <span class='ocrx_word' id='word_1_230' title='bbox 1304 4431 1684 4495; x_wconf 83' lang='lat' dir='ltr'>guerrarum</span> <span class='ocrx_word' id='word_1_231' title='bbox 1735 4411 2114 4477; x_wconf 83' lang='lat' dir='ltr'>discrimina</span> <span class='ocrx_word' id='word_1_232' title='bbox 2164 4412 2231 4477; x_wconf 91' lang='lat' dir='ltr'>in</span> <span class='ocrx_word' id='word_1_233' title='bbox 2266 4413 2485 4494; x_wconf 87' lang='lat' dir='ltr'>Regno</span> <span class='ocrx_word' id='word_1_234' title='bbox 2523 4420 2746 4476; x_wconf 87' lang='lat' dir='ltr'>nostro</span> <span class='ocrx_word' id='word_1_235' title='bbox 2780 4431 2950 4476; x_wconf 89' lang='lat' dir='ltr'>com·</span> 
     </span>
     <span class='ocr_line' id='line_1_35' title="bbox 698 4516 2955 4604; baseline -0 -21"><span class='ocrx_word' id='word_1_236' title='bbox 698 4525 874 4583; x_wconf 86' lang='lat' dir='ltr'>mota</span> <span class='ocrx_word' id='word_1_237' title='bbox 908 4517 1179 4602; x_wconf 83' lang='lat' dir='ltr'>fuerant,</span> <span class='ocrx_word' id='word_1_238' title='bbox 1212 4518 1495 4604; x_wconf 87' lang='lat' dir='ltr'>incurrit,</span> <span class='ocrx_word' id='word_1_239' title='bbox 1532 4518 1887 4586; x_wconf 87' lang='lat' dir='ltr'>auferendo</span> <span class='ocrx_word' id='word_1_240' title='bbox 1918 4519 2159 4585; x_wconf 84' lang='lat' dir='ltr'>eisdem</span> <span class='ocrx_word' id='word_1_241' title='bbox 2190 4520 2366 4600; x_wconf 86' lang='lat' dir='ltr'>Dyrs</span> <span class='ocrx_word' id='word_1_242' title='bbox 2397 4526 2462 4584; x_wconf 92' lang='lat' dir='ltr'>et</span> <span class='ocrx_word' id='word_1_243' title='bbox 2490 4516 2842 4599; x_wconf 89' lang='lat' dir='ltr'>Demetrio,</span> <span class='ocrx_word' id='word_1_244' title='bbox 2874 4536 2955 4582; x_wconf 84' lang='lat' dir='ltr'>ac</span> 
     </span>
     <span class='ocr_line' id='line_1_36' title="bbox 697 4622 2951 4710; baseline -0.002 -20"><span class='ocrx_word' id='word_1_245' title='bbox 697 4645 813 4710; x_wconf 90' lang='lat' dir='ltr'>per</span> <span class='ocrx_word' id='word_1_246' title='bbox 850 4622 1023 4709; x_wconf 89' lang='lat' dir='ltr'>ipsos</span> <span class='ocrx_word' id='word_1_247' title='bbox 1055 4644 1273 4691; x_wconf 90' lang='lat' dir='ltr'>eorum</span> <span class='ocrx_word' id='word_1_248' title='bbox 1308 4624 1653 4692; x_wconf 86' lang='lat' dir='ltr'>heredibus</span> <span class='ocrx_word' id='word_1_249' title='bbox 1688 4625 2124 4710; x_wconf 88' lang='lat' dir='ltr'>heredumque</span> <span class='ocrx_word' id='word_1_250' title='bbox 2174 4623 2654 4692; x_wconf 85' lang='lat' dir='ltr'>successoribus</span> <span class='ocrx_word' id='word_1_251' title='bbox 2687 4623 2951 4690; x_wconf 91' lang='lat' dir='ltr'>contuli-</span> 
     </span>
    </p>
   </div>
  </div>
 </body>
</html>
