<?xml version="1.0" encoding="UTF-8"?>
<!DOCTYPE html PUBLIC "-//W3C//DTD XHTML 1.0 Transitional//EN"
    "http://www.w3.org/TR/xhtml1/DTD/xhtml1-transitional.dtd">
<html xmlns="http://www.w3.org/1999/xhtml" xml:lang="en" lang="en">
 <head>
  <title>
</title>
<meta http-equiv="Content-Type" content="text/html;charset=utf-8" />
  <meta name='ocr-system' content='tesseract 3.04.00' />
  <meta name='ocr-capabilities' content='ocr_page ocr_carea ocr_par ocr_line ocrx_word'/>
</head>
<body>
  <div class='ocr_page' id='page_1' title='image "./rpdkorijokmnytr00wenzgoog_0543.png"; bbox 0 0 3319 5249; ppageno 0'>
   <div class='ocr_carea' id='block_1_1' title="bbox 1366 338 1503 404">
    <p class='ocr_par' dir='ltr' id='par_1_1' title="bbox 1366 338 1503 404">
     <span class='ocr_line' id='line_1_1' title="bbox 1366 338 1503 404; baseline 0.007 -1"><span class='ocrx_word' id='word_1_1' title='bbox 1366 338 1503 404; x_wconf 74' lang='lat'><strong>467</strong></span> 
     </span>
    </p>
   </div>
   <div class='ocr_carea' id='block_1_2' title="bbox 1274 425 1599 437">
    <p class='ocr_par' dir='ltr' id='par_1_2' title="bbox 1274 425 1599 437">
     <span class='ocr_line' id='line_1_2' title="bbox 1274 425 1599 437; baseline 0 4812"><span class='ocrx_word' id='word_1_2' title='bbox 1274 425 1599 437; x_wconf 95' lang='lat' dir='ltr'><strong> </strong></span> 
     </span>
    </p>
   </div>
   <div class='ocr_carea' id='block_1_3' title="bbox 274 529 2587 1693">
    <p class='ocr_par' dir='ltr' id='par_1_3' title="bbox 274 529 2587 1052">
     <span class='ocr_line' id='line_1_3' title="bbox 274 529 2567 621; baseline 0.002 -21"><span class='ocrx_word' id='word_1_3' title='bbox 274 551 609 618; x_wconf 50' lang='lat' dir='ltr'><strong>*magnum</strong></span> <span class='ocrx_word' id='word_1_4' title='bbox 641 538 919 621; x_wconf 85' lang='lat' dir='ltr'><strong>pratum,</strong></span> <span class='ocrx_word' id='word_1_5' title='bbox 942 529 1128 616; x_wconf 78' lang='lat' dir='ltr'><strong>quod</strong></span> <span class='ocrx_word' id='word_1_6' title='bbox 1154 538 1258 600; x_wconf 82' lang='lat' dir='ltr'><strong>est</strong></span> <span class='ocrx_word' id='word_1_7' title='bbox 1310 530 1594 599; x_wconf 88' lang='lat' dir='ltr'><strong>medium</strong></span> <span class='ocrx_word' id='word_1_8' title='bbox 1644 536 1813 600; x_wconf 90' lang='lat' dir='ltr'><strong>terre</strong></span> <span class='ocrx_word' id='word_1_9' title='bbox 1863 530 2271 617; x_wconf 84' lang='lat' dir='ltr'><strong>supradicte;</strong></span> <span class='ocrx_word' id='word_1_10' title='bbox 2327 533 2567 603; x_wconf 82' lang='lat' dir='ltr'><strong>exinde</strong></span> 
     </span>
     <span class='ocr_line' id='line_1_4' title="bbox 274 637 2587 727; baseline 0 -20"><span class='ocrx_word' id='word_1_11' title='bbox 274 641 384 707; x_wconf 64' lang='lat' dir='ltr'><strong>de</strong></span> <span class='ocrx_word' id='word_1_12' title='bbox 413 648 608 727; x_wconf 87' lang='lat' dir='ltr'><strong>prato</strong></span> <span class='ocrx_word' id='word_1_13' title='bbox 658 639 1002 709; x_wconf 86' lang='lat' dir='ltr'><strong>descendit</strong></span> <span class='ocrx_word' id='word_1_14' title='bbox 1066 639 1367 724; x_wconf 90' lang='lat' dir='ltr'><strong>superius</strong></span> <span class='ocrx_word' id='word_1_15' title='bbox 1429 658 1636 723; x_wconf 90' lang='lat' dir='ltr'><strong>usque</strong></span> <span class='ocrx_word' id='word_1_16' title='bbox 1668 637 1755 705; x_wconf 89' lang='lat' dir='ltr'><strong>ad</strong></span> <span class='ocrx_word' id='word_1_17' title='bbox 1793 638 2052 706; x_wconf 88' lang='lat' dir='ltr'><strong>domum</strong></span> <span class='ocrx_word' id='word_1_18' title='bbox 2083 638 2467 727; x_wconf 84' lang='lat' dir='ltr'><strong>Michaelis;</strong></span> <span class='ocrx_word' id='word_1_19' title='bbox 2502 650 2587 723; x_wconf 80' lang='lat' dir='ltr'><strong>et</strong></span> 
     </span>
     <span class='ocr_line' id='line_1_5' title="bbox 291 746 2568 836; baseline 0 -20"><span class='ocrx_word' id='word_1_20' title='bbox 291 751 382 816; x_wconf 86' lang='lat' dir='ltr'><strong>de</strong></span> <span class='ocrx_word' id='word_1_21' title='bbox 415 749 607 817; x_wconf 92' lang='lat' dir='ltr'><strong>domo</strong></span> <span class='ocrx_word' id='word_1_22' title='bbox 638 749 849 836; x_wconf 91' lang='lat' dir='ltr'><strong>ipsius</strong></span> <span class='ocrx_word' id='word_1_23' title='bbox 883 747 1228 816; x_wconf 77' lang='lat' dir='ltr'><strong>Michaelis</strong></span> <span class='ocrx_word' id='word_1_24' title='bbox 1248 746 1589 816; x_wconf 89' lang='lat' dir='ltr'><strong>descendit</strong></span> <span class='ocrx_word' id='word_1_25' title='bbox 1618 747 1738 815; x_wconf 88' lang='lat' dir='ltr'><strong>illa</strong></span> <span class='ocrx_word' id='word_1_26' title='bbox 1772 754 1943 815; x_wconf 88' lang='lat' dir='ltr'><strong>meta</strong></span> <span class='ocrx_word' id='word_1_27' title='bbox 1977 747 2065 816; x_wconf 90' lang='lat' dir='ltr'><strong>ad</strong></span> <span class='ocrx_word' id='word_1_28' title='bbox 2096 767 2293 814; x_wconf 89' lang='lat' dir='ltr'><strong>unam</strong></span> <span class='ocrx_word' id='word_1_29' title='bbox 2327 768 2568 831; x_wconf 85' lang='lat' dir='ltr'><strong>aquam</strong></span> 
     </span>
     <span class='ocr_line' id='line_1_6' title="bbox 297 853 2569 947; baseline -0.001 -21"><span class='ocrx_word' id='word_1_30' title='bbox 297 860 602 947; x_wconf 78' lang='lat' dir='ltr'><strong>lutosam,</strong></span> <span class='ocrx_word' id='word_1_31' title='bbox 637 878 765 943; x_wconf 90' lang='lat' dir='ltr'><strong>que</strong></span> <span class='ocrx_word' id='word_1_32' title='bbox 797 862 1064 925; x_wconf 90' lang='lat' dir='ltr'><strong>uocatur</strong></span> <span class='ocrx_word' id='word_1_33' title='bbox 1096 857 1296 923; x_wconf 87' lang='lat' dir='ltr'><strong>Sarus</strong></span> <span class='ocrx_word' id='word_1_34' title='bbox 1329 857 1564 942; x_wconf 88' lang='lat' dir='ltr'><strong>potok,</strong></span> <span class='ocrx_word' id='word_1_35' title='bbox 1628 853 1866 922; x_wconf 92' lang='lat' dir='ltr'><strong>deinde</strong></span> <span class='ocrx_word' id='word_1_36' title='bbox 1898 855 2078 923; x_wconf 87' lang='lat' dir='ltr'><strong>ducit</strong></span> <span class='ocrx_word' id='word_1_37' title='bbox 2111 874 2316 940; x_wconf 90' lang='lat' dir='ltr'><strong>usque</strong></span> <span class='ocrx_word' id='word_1_38' title='bbox 2346 856 2433 924; x_wconf 90' lang='lat' dir='ltr'><strong>ad</strong></span> <span class='ocrx_word' id='word_1_39' title='bbox 2465 855 2569 924; x_wconf 85' lang='lat' dir='ltr'><strong>Li-</strong></span> 
     </span>
     <span class='ocr_line' id='line_1_7' title="bbox 300 962 2562 1052; baseline -0.001 -19"><span class='ocrx_word' id='word_1_40' title='bbox 300 975 471 1051; x_wconf 86' lang='lat' dir='ltr'><strong>tene,</strong></span> <span class='ocrx_word' id='word_1_41' title='bbox 503 972 564 1032; x_wconf 81' lang='lat' dir='ltr'><strong>et</strong></span> <span class='ocrx_word' id='word_1_42' title='bbox 602 964 838 1032; x_wconf 79' lang='lat' dir='ltr'><strong>exinde</strong></span> <span class='ocrx_word' id='word_1_43' title='bbox 871 965 1020 1051; x_wconf 88' lang='lat' dir='ltr'><strong>ipsa</strong></span> <span class='ocrx_word' id='word_1_44' title='bbox 1050 971 1225 1031; x_wconf 79' lang='lat' dir='ltr'><strong>meta</strong></span> <span class='ocrx_word' id='word_1_45' title='bbox 1259 962 1550 1048; x_wconf 76' lang='lat' dir='ltr'><strong>procedit</strong></span> <span class='ocrx_word' id='word_1_46' title='bbox 1580 982 1788 1047; x_wconf 90' lang='lat' dir='ltr'><strong>usque</strong></span> <span class='ocrx_word' id='word_1_47' title='bbox 1818 963 1904 1030; x_wconf 90' lang='lat' dir='ltr'><strong>ad</strong></span> <span class='ocrx_word' id='word_1_48' title='bbox 1925 962 2238 1030; x_wconf 85' lang='lat' dir='ltr'><strong>fluuinum</strong></span> <span class='ocrx_word' id='word_1_49' title='bbox 2276 962 2562 1052; x_wconf 85' lang='lat' dir='ltr'><strong>Tarcha‚</strong></span> 
     </span>
    </p>

    <p class='ocr_par' dir='ltr' id='par_1_4' title="bbox 280 1068 2576 1584">
     <span class='ocr_line' id='line_1_8' title="bbox 298 1068 2564 1159; baseline 0 -21"><span class='ocrx_word' id='word_1_50' title='bbox 298 1071 712 1159; x_wconf 85' lang='lat' dir='ltr'><strong>procedendo</strong></span> <span class='ocrx_word' id='word_1_51' title='bbox 743 1091 947 1155; x_wconf 91' lang='lat' dir='ltr'><strong>usque</strong></span> <span class='ocrx_word' id='word_1_52' title='bbox 977 1071 1064 1137; x_wconf 89' lang='lat' dir='ltr'><strong>ad</strong></span> <span class='ocrx_word' id='word_1_53' title='bbox 1097 1073 1374 1155; x_wconf 85' lang='lat' dir='ltr'><strong>primam</strong></span> <span class='ocrx_word' id='word_1_54' title='bbox 1409 1075 1647 1136; x_wconf 89' lang='lat' dir='ltr'><strong>metam</strong></span> <span class='ocrx_word' id='word_1_55' title='bbox 1667 1068 1875 1155; x_wconf 91' lang='lat' dir='ltr'><strong>ipsius</strong></span> <span class='ocrx_word' id='word_1_56' title='bbox 1909 1079 2102 1137; x_wconf 90' lang='lat' dir='ltr'><strong>terre.</strong></span> <span class='ocrx_word' id='word_1_57' title='bbox 2124 1072 2200 1136; x_wconf 91' lang='lat' dir='ltr'><strong>In</strong></span> <span class='ocrx_word' id='word_1_58' title='bbox 2235 1071 2417 1139; x_wconf 89' lang='lat' dir='ltr'><strong>cuius</strong></span> <span class='ocrx_word' id='word_1_59' title='bbox 2444 1091 2564 1158; x_wconf 79' lang='lat' dir='ltr'><strong>rey</strong></span> 
     </span>
     <span class='ocr_line' id='line_1_9' title="bbox 288 1176 2569 1265; baseline -0 -20"><span class='ocrx_word' id='word_1_60' title='bbox 288 1178 671 1247; x_wconf 79' lang='lat' dir='ltr'><strong>memoriam</strong></span> <span class='ocrx_word' id='word_1_61' title='bbox 691 1185 1206 1265; x_wconf 83' lang='lat' dir='ltr'><strong>perpetuamque</strong></span> <span class='ocrx_word' id='word_1_62' title='bbox 1225 1178 1594 1244; x_wconf 88' lang='lat' dir='ltr'><strong>firmitatem</strong></span> <span class='ocrx_word' id='word_1_63' title='bbox 1613 1183 1947 1262; x_wconf 80' lang='lat' dir='ltr'><strong>presentes</strong></span> <span class='ocrx_word' id='word_1_64' title='bbox 1986 1178 2422 1245; x_wconf 78' lang='lat' dir='ltr'><strong>concessimus</strong></span> <span class='ocrx_word' id='word_1_65' title='bbox 2463 1176 2569 1245; x_wconf 86' lang='lat' dir='ltr'><strong>lit-</strong></span> 
     </span>
     <span class='ocr_line' id='line_1_10' title="bbox 280 1283 2576 1374; baseline 0 -22"><span class='ocrx_word' id='word_1_66' title='bbox 280 1295 475 1355; x_wconf 59' lang='lat' dir='ltr'><strong>teras</strong></span> <span class='ocrx_word' id='word_1_67' title='bbox 496 1285 820 1372; x_wconf 90' lang='lat' dir='ltr'><strong>dupplicis</strong></span> <span class='ocrx_word' id='word_1_68' title='bbox 839 1285 1040 1368; x_wconf 83' lang='lat' dir='ltr'><strong>sigilli</strong></span> <span class='ocrx_word' id='word_1_69' title='bbox 1062 1284 1264 1351; x_wconf 88' lang='lat' dir='ltr'><strong>nostri</strong></span> <span class='ocrx_word' id='word_1_70' title='bbox 1286 1283 1638 1350; x_wconf 86' lang='lat' dir='ltr'><strong>munimine</strong></span> <span class='ocrx_word' id='word_1_71' title='bbox 1658 1284 2264 1351; x_wconf 85' lang='lat' dir='ltr'><strong>roboratas.Datum</strong></span> <span class='ocrx_word' id='word_1_72' title='bbox 2284 1304 2401 1371; x_wconf 87' lang='lat' dir='ltr'><strong>per</strong></span> <span class='ocrx_word' id='word_1_73' title='bbox 2416 1306 2576 1374; x_wconf 22' lang='lat' dir='ltr'><strong>ma·-</strong></span> 
     </span>
     <span class='ocr_line' id='line_1_11' title="bbox 290 1390 2571 1476; baseline 0 -16"><span class='ocrx_word' id='word_1_74' title='bbox 290 1415 424 1462; x_wconf 86' lang='lat' dir='ltr'><strong>nus</strong></span> <span class='ocrx_word' id='word_1_75' title='bbox 456 1394 851 1462; x_wconf 85' lang='lat' dir='ltr'><strong>venerabilis</strong></span> <span class='ocrx_word' id='word_1_76' title='bbox 885 1392 1009 1458; x_wconf 88' lang='lat' dir='ltr'><strong>viri</strong></span> <span class='ocrx_word' id='word_1_77' title='bbox 1040 1391 1287 1458; x_wconf 78' lang='lat' dir='ltr'><strong>&#39;rhome</strong></span> <span class='ocrx_word' id='word_1_78' title='bbox 1310 1391 1428 1456; x_wconf 91' lang='lat' dir='ltr'><strong>Dei</strong></span> <span class='ocrx_word' id='word_1_79' title='bbox 1449 1391 1681 1475; x_wconf 83' lang='lat' dir='ltr'><strong>gracia</strong></span> <span class='ocrx_word' id='word_1_80' title='bbox 1698 1390 2010 1476; x_wconf 88' lang='lat' dir='ltr'><strong>Episcopi</strong></span> <span class='ocrx_word' id='word_1_81' title='bbox 2027 1390 2394 1460; x_wconf 82' lang='lat' dir='ltr'><strong>Waciensis</strong></span> <span class='ocrx_word' id='word_1_82' title='bbox 2418 1393 2571 1460; x_wconf 87' lang='lat' dir='ltr'><strong>aule</strong></span> 
     </span>
     <span class='ocr_line' id='line_1_12' title="bbox 295 1498 2548 1584; baseline -0.001 -16"><span class='ocrx_word' id='word_1_83' title='bbox 295 1510 522 1569; x_wconf 90' lang='lat' dir='ltr'><strong>nostre</strong></span> <span class='ocrx_word' id='word_1_84' title='bbox 556 1499 949 1584; x_wconf 84' lang='lat' dir='ltr'><strong>Cancellarij</strong></span> <span class='ocrx_word' id='word_1_85' title='bbox 989 1500 1219 1566; x_wconf 87' lang='lat' dir='ltr'><strong>dilecti</strong></span> <span class='ocrx_word' id='word_1_86' title='bbox 1251 1506 1317 1566; x_wconf 92' lang='lat' dir='ltr'><strong>et</strong></span> <span class='ocrx_word' id='word_1_87' title='bbox 1344 1498 1557 1566; x_wconf 87' lang='lat' dir='ltr'><strong>fidelis</strong></span> <span class='ocrx_word' id='word_1_88' title='bbox 1588 1499 1795 1567; x_wconf 86' lang='lat' dir='ltr'><strong>nostri</strong></span> <span class='ocrx_word' id='word_1_89' title='bbox 1824 1519 1996 1565; x_wconf 89' lang='lat' dir='ltr'><strong>anno</strong></span> <span class='ocrx_word' id='word_1_90' title='bbox 2018 1499 2276 1566; x_wconf 90' lang='lat' dir='ltr'><strong>Domini</strong></span> <span class='ocrx_word' id='word_1_91' title='bbox 2308 1499 2548 1566; x_wconf 78' lang='lat' dir='ltr'><strong>M⁰000</strong></span> 
     </span>
    </p>

    <p class='ocr_par' dir='ltr' id='par_1_5' title="bbox 282 1605 2551 1693">
     <span class='ocr_line' id='line_1_13' title="bbox 282 1605 2551 1693; baseline -0.002 -17"><span class='ocrx_word' id='word_1_92' title='bbox 282 1607 743 1692; x_wconf 80' lang='lat' dir='ltr'><strong>octuagesimo</strong></span> <span class='ocrx_word' id='word_1_93' title='bbox 776 1614 1027 1693; x_wconf 89' lang='lat' dir='ltr'><strong>octauo,</strong></span> <span class='ocrx_word' id='word_1_94' title='bbox 1063 1608 1265 1691; x_wconf 87' lang='lat' dir='ltr'><strong>Regni</strong></span> <span class='ocrx_word' id='word_1_95' title='bbox 1301 1615 1523 1673; x_wconf 89' lang='lat' dir='ltr'><strong>autem</strong></span> <span class='ocrx_word' id='word_1_96' title='bbox 1602 1606 1807 1674; x_wconf 82' lang='lat' dir='ltr'><strong>nostri</strong></span> <span class='ocrx_word' id='word_1_97' title='bbox 1858 1626 2034 1672; x_wconf 93' lang='lat' dir='ltr'><strong>anno</strong></span> <span class='ocrx_word' id='word_1_98' title='bbox 2087 1605 2551 1675; x_wconf 86' lang='lat' dir='ltr'><strong>sextodecimo.</strong></span> 
     </span>
    </p>
   </div>
   <div class='ocr_carea' id='block_1_4' title="bbox 288 1801 2567 1960">
    <p class='ocr_par' dir='ltr' id='par_1_6' title="bbox 288 1801 2567 1960">
     <span class='ocr_line' id='line_1_14' title="bbox 288 1801 2567 1873; baseline -0.002 -15"><span class='ocrx_word' id='word_1_99' title='bbox 288 1804 580 1873; x_wconf 75' lang='lat' dir='ltr'><strong>(Ei-edotio</strong></span> <span class='ocrx_word' id='word_1_100' title='bbox 606 1802 950 1873; x_wconf 61' lang='lat' dir='ltr'><strong>borhkrtyAm</strong></span> <span class='ocrx_word' id='word_1_101' title='bbox 978 1821 1012 1856; x_wconf 82' lang='lat' dir='ltr'><strong>a</strong></span> <span class='ocrx_word' id='word_1_102' title='bbox 1036 1801 1381 1870; x_wconf 67' lang='grc' dir='ltr'><strong>εᾶτςα-νὸῐδσ</strong></span> <span class='ocrx_word' id='word_1_103' title='bbox 1424 1803 1881 1870; x_wconf 77' lang='lat' dir='ltr'><strong>selyemszinoron</strong></span> <span class='ocrx_word' id='word_1_104' title='bbox 1923 1802 2140 1871; x_wconf 69' lang='lat' dir='ltr'><strong>fflggtitt</strong></span> <span class='ocrx_word' id='word_1_105' title='bbox 2184 1803 2368 1871; x_wconf 69' lang='lat' dir='ltr'><strong>pecset</strong></span> <span class='ocrx_word' id='word_1_106' title='bbox 2411 1802 2567 1855; x_wconf 76' lang='lat' dir='ltr'><strong>elve-</strong></span> 
     </span>
     <span class='ocr_line' id='line_1_15' title="bbox 823 1891 2058 1960; baseline -0.002 -12"><span class='ocrx_word' id='word_1_107' title='bbox 823 1902 992 1953; x_wconf 66' lang='lat' dir='ltr'><strong>szettz</strong></span> <span class='ocrx_word' id='word_1_108' title='bbox 1023 1910 1056 1946; x_wconf 76' lang='lat' dir='ltr'><strong>a</strong></span> <span class='ocrx_word' id='word_1_109' title='bbox 1082 1895 1250 1948; x_wconf 82' lang='lat' dir='ltr'><strong>budai</strong></span> <span class='ocrx_word' id='word_1_110' title='bbox 1275 1894 1378 1945; x_wconf 86' lang='lat' dir='ltr'><strong>kir.</strong></span> <span class='ocrx_word' id='word_1_111' title='bbox 1401 1894 1646 1947; x_wconf 75' lang='lat' dir='ltr'><strong>kamarai</strong></span> <span class='ocrx_word' id='word_1_112' title='bbox 1671 1891 2058 1960; x_wconf 61' lang='lat' dir='ltr'><strong>leveltarban.)</strong></span> 
     </span>
    </p>
   </div>
   <div class='ocr_carea' id='block_1_5' title="bbox 1228 2170 1652 2183">
    <p class='ocr_par' dir='ltr' id='par_1_7' title="bbox 1228 2170 1652 2183">
     <span class='ocr_line' id='line_1_16' title="bbox 1228 2170 1652 2183; baseline -0.002 0"><span class='ocrx_word' id='word_1_113' title='bbox 1228 2170 1652 2183; x_wconf 71' lang='lat' dir='ltr'>n———.——</span> 
     </span>
    </p>
   </div>
   <div class='ocr_carea' id='block_1_6' title="bbox 298 2697 2566 3098">
    <p class='ocr_par' dir='ltr' id='par_1_8' title="bbox 298 2697 2566 3098">
     <span class='ocr_line' id='line_1_17' title="bbox 1362 2697 1514 2764; baseline -0.007 0"><span class='ocrx_word' id='word_1_114' title='bbox 1362 2697 1514 2764; x_wconf 78' lang='grc'><strong>335.</strong></span> 
     </span>
     <span class='ocr_line' id='line_1_18' title="bbox 298 2853 2566 2993; baseline 0 -31"><span class='ocrx_word' id='word_1_115' title='bbox 298 2895 425 2962; x_wconf 81' lang='lat' dir='ltr'><strong>IV.</strong></span> <span class='ocrx_word' id='word_1_116' title='bbox 447 2897 679 2964; x_wconf 70' lang='lat' dir='ltr'><strong>Ldszld</strong></span> <span class='ocrx_word' id='word_1_117' title='bbox 709 2853 1061 2980; x_wconf 52' lang='lat' dir='ltr'><strong>hir-diynak</strong></span> <span class='ocrx_word' id='word_1_118' title='bbox 1112 2892 1440 2982; x_wconf 76' lang='lat' dir='ltr'><strong>Gyarmat</strong></span> <span class='ocrx_word' id='word_1_119' title='bbox 1490 2902 1657 2993; x_wconf 74' lang='lat' dir='ltr'><strong>⁷1er</strong></span> <span class='ocrx_word' id='word_1_120' title='bbox 1673 2894 1888 2982; x_wconf 64' lang='lat' dir='ltr'><strong>faldae</strong></span> <span class='ocrx_word' id='word_1_121' title='bbox 1952 2898 2269 2982; x_wconf 68' lang='lat' dir='ltr'><strong>tdrqyazd</strong></span> <span class='ocrx_word' id='word_1_122' title='bbox 2300 2897 2566 2962; x_wconf 75' lang='lat' dir='ltr'><strong>adoma&#39;-</strong></span> 
     </span>
     <span class='ocr_line' id='line_1_19' title="bbox 484 3003 2367 3098; baseline 0 -30"><span class='ocrx_word' id='word_1_123' title='bbox 484 3024 617 3098; x_wconf 75' lang='lat' dir='ltr'><strong>nya</strong></span> <span class='ocrx_word' id='word_1_124' title='bbox 655 3006 887 3069; x_wconf 79' lang='lat' dir='ltr'><strong>Zuard</strong></span> <span class='ocrx_word' id='word_1_125' title='bbox 916 3014 1169 3085; x_wconf 77' lang='lat' dir='ltr'><strong>mester,</strong></span> <span class='ocrx_word' id='word_1_126' title='bbox 1201 3003 1442 3068; x_wconf 67' lang='lat' dir='ltr'><strong>Miklds</strong></span> <span class='ocrx_word' id='word_1_127' title='bbox 1464 3027 1665 3069; x_wconf 80' lang='lat' dir='ltr'><strong>comes</strong></span> <span class='ocrx_word' id='word_1_128' title='bbox 1681 3005 1790 3088; x_wconf 78' lang='lat' dir='ltr'><strong>fia</strong></span> <span class='ocrx_word' id='word_1_129' title='bbox 1819 3008 2141 3071; x_wconf 72' lang='lat' dir='ltr'><strong>sza&#39;mdra.</strong></span> <span class='ocrx_word' id='word_1_130' title='bbox 2177 3003 2367 3069; x_wconf 81' lang='lat'><em>1288.</em></span> 
     </span>
    </p>
   </div>
   <div class='ocr_carea' id='block_1_7' title="bbox 286 3185 2572 4775">
    <p class='ocr_par' dir='ltr' id='par_1_9' title="bbox 286 3185 2572 4680">
     <span class='ocr_line' id='line_1_20' title="bbox 517 3185 2569 3285; baseline -0.001 -17"><span class='ocrx_word' id='word_1_131' title='bbox 517 3199 866 3268; x_wconf 87' lang='lat' dir='ltr'><strong>Ladizlaus</strong></span> <span class='ocrx_word' id='word_1_132' title='bbox 913 3198 1040 3266; x_wconf 92' lang='lat' dir='ltr'><strong>Dei</strong></span> <span class='ocrx_word' id='word_1_133' title='bbox 1082 3200 1311 3284; x_wconf 84' lang='lat' dir='ltr'><strong>gracia</strong></span> <span class='ocrx_word' id='word_1_134' title='bbox 1376 3198 1709 3284; x_wconf 87' lang='lat' dir='ltr'><strong>Hungarie</strong></span> <span class='ocrx_word' id='word_1_135' title='bbox 1727 3250 1747 3285; x_wconf 88' lang='lat'><em>‚</em></span> <span class='ocrx_word' id='word_1_136' title='bbox 1823 3198 2192 3284; x_wconf 89' lang='lat' dir='ltr'><strong>Dalmacie,</strong></span> <span class='ocrx_word' id='word_1_137' title='bbox 2272 3185 2569 3267; x_wconf 88' lang='lat' dir='ltr'><strong>Croacie-</strong></span> 
     </span>
     <span class='ocr_line' id='line_1_21' title="bbox 296 3304 2567 3394; baseline -0.003 -14"><span class='ocrx_word' id='word_1_138' title='bbox 296 3307 550 3390; x_wconf 68' lang='lat' dir='ltr'><strong>Rama,</strong></span> <span class='ocrx_word' id='word_1_139' title='bbox 599 3307 824 3377; x_wconf 89' lang='lat' dir='ltr'><strong>Seruie</strong></span> <span class='ocrx_word' id='word_1_140' title='bbox 842 3356 861 3393; x_wconf 89' lang='lat'><em>,</em></span> <span class='ocrx_word' id='word_1_141' title='bbox 913 3306 1190 3375; x_wconf 86' lang='lat' dir='ltr'><strong>Gallicie</strong></span> <span class='ocrx_word' id='word_1_142' title='bbox 1209 3359 1228 3393; x_wconf 89' lang='lat'><em>‚</em></span> <span class='ocrx_word' id='word_1_143' title='bbox 1277 3306 1656 3374; x_wconf 89' lang='lat' dir='ltr'><strong>Lodomerie</strong></span> <span class='ocrx_word' id='word_1_144' title='bbox 1676 3356 1698 3394; x_wconf 84' lang='lat'><em>‚</em></span> <span class='ocrx_word' id='word_1_145' title='bbox 1756 3304 2073 3372; x_wconf 83' lang='lat' dir='ltr'><strong>Cumanie</strong></span> <span class='ocrx_word' id='word_1_146' title='bbox 2129 3305 2567 3391; x_wconf 85' lang='lat' dir='ltr'><strong>Bulgarieque</strong></span> 
     </span>
     <span class='ocr_line' id='line_1_22' title="bbox 298 3412 2570 3499; baseline -0.003 -12"><span class='ocrx_word' id='word_1_147' title='bbox 298 3422 446 3488; x_wconf 83' lang='lat' dir='ltr'><strong>Rex</strong></span> <span class='ocrx_word' id='word_1_148' title='bbox 463 3415 762 3485; x_wconf 87' lang='lat' dir='ltr'><strong>omnibus</strong></span> <span class='ocrx_word' id='word_1_149' title='bbox 795 3413 1036 3482; x_wconf 84' lang='lat' dir='ltr'><strong>Christi</strong></span> <span class='ocrx_word' id='word_1_150' title='bbox 1058 3414 1361 3481; x_wconf 88' lang='lat' dir='ltr'><strong>fidelibus</strong></span> <span class='ocrx_word' id='word_1_151' title='bbox 1381 3421 1512 3481; x_wconf 90' lang='lat' dir='ltr'><strong>tam</strong></span> <span class='ocrx_word' id='word_1_152' title='bbox 1534 3416 1939 3499; x_wconf 85' lang='lat' dir='ltr'><strong>presentibus</strong></span> <span class='ocrx_word' id='word_1_153' title='bbox 1958 3434 2151 3498; x_wconf 89' lang='lat' dir='ltr'><strong>quam</strong></span> <span class='ocrx_word' id='word_1_154' title='bbox 2169 3412 2407 3481; x_wconf 82' lang='lat' dir='ltr'><strong>futuris</strong></span> <span class='ocrx_word' id='word_1_155' title='bbox 2428 3433 2570 3499; x_wconf 86' lang='lat' dir='ltr'><strong>pre·</strong></span> 
     </span>
     <span class='ocr_line' id='line_1_23' title="bbox 294 3521 2565 3609; baseline -0.003 -15"><span class='ocrx_word' id='word_1_156' title='bbox 294 3547 457 3594; x_wconf 84' lang='lat' dir='ltr'><strong>sens</strong></span> <span class='ocrx_word' id='word_1_157' title='bbox 493 3523 819 3609; x_wconf 90' lang='lat' dir='ltr'><strong>scriptum</strong></span> <span class='ocrx_word' id='word_1_158' title='bbox 874 3521 1264 3607; x_wconf 87' lang='lat' dir='ltr'><strong>inspecturis</strong></span> <span class='ocrx_word' id='word_1_159' title='bbox 1325 3522 1606 3589; x_wconf 87' lang='lat' dir='ltr'><strong>salutem</strong></span> <span class='ocrx_word' id='word_1_160' title='bbox 1663 3521 1729 3587; x_wconf 92' lang='lat' dir='ltr'><strong>in</strong></span> <span class='ocrx_word' id='word_1_161' title='bbox 1762 3522 2043 3588; x_wconf 91' lang='lat' dir='ltr'><strong>Domino</strong></span> <span class='ocrx_word' id='word_1_162' title='bbox 2104 3521 2565 3605; x_wconf 86' lang='lat' dir='ltr'><strong>sempiternam</strong></span> 
     </span>
     <span class='ocr_line' id='line_1_24' title="bbox 306 3627 2572 3714; baseline -0.003 -12"><span class='ocrx_word' id='word_1_163' title='bbox 306 3635 413 3702; x_wconf 87' lang='lat' dir='ltr'><strong>Ad</strong></span> <span class='ocrx_word' id='word_1_164' title='bbox 448 3631 895 3701; x_wconf 82' lang='lat' dir='ltr'><strong>vniuersorum</strong></span> <span class='ocrx_word' id='word_1_165' title='bbox 946 3628 1256 3697; x_wconf 89' lang='lat' dir='ltr'><strong>noticiam</strong></span> <span class='ocrx_word' id='word_1_166' title='bbox 1308 3635 1533 3697; x_wconf 92' lang='lat' dir='ltr'><strong>tenore</strong></span> <span class='ocrx_word' id='word_1_167' title='bbox 1584 3627 1991 3714; x_wconf 88' lang='lat' dir='ltr'><strong>presencium</strong></span> <span class='ocrx_word' id='word_1_168' title='bbox 2024 3629 2317 3695; x_wconf 87' lang='lat' dir='ltr'><strong>volumus</strong></span> <span class='ocrx_word' id='word_1_169' title='bbox 2349 3647 2572 3714; x_wconf 88' lang='lat' dir='ltr'><strong>perne·</strong></span> 
     </span>
     <span class='ocr_line' id='line_1_25' title="bbox 286 3733 2569 3821; baseline -0.002 -14"><span class='ocrx_word' id='word_1_170' title='bbox 286 3739 476 3808; x_wconf 24' lang='lat' dir='ltr'><strong>inire:</strong></span> <span class='ocrx_word' id='word_1_171' title='bbox 543 3737 716 3821; x_wconf 86' lang='lat' dir='ltr'><strong>quod</strong></span> <span class='ocrx_word' id='word_1_172' title='bbox 779 3735 1094 3820; x_wconf 82' lang='lat' dir='ltr'><strong>Magister</strong></span> <span class='ocrx_word' id='word_1_173' title='bbox 1153 3733 1372 3802; x_wconf 89' lang='lat' dir='ltr'><strong>Zuard</strong></span> <span class='ocrx_word' id='word_1_174' title='bbox 1435 3734 1609 3803; x_wconf 88' lang='lat' dir='ltr'><strong>filius</strong></span> <span class='ocrx_word' id='word_1_175' title='bbox 1671 3734 1942 3802; x_wconf 85' lang='lat' dir='ltr'><strong>Comitis</strong></span> <span class='ocrx_word' id='word_1_176' title='bbox 2003 3735 2258 3802; x_wconf 88' lang='lat' dir='ltr'><strong>Nicolai</strong></span> <span class='ocrx_word' id='word_1_177' title='bbox 2310 3738 2569 3821; x_wconf 87' lang='lat' dir='ltr'><strong>nepotis</strong></span> 
     </span>
     <span class='ocr_line' id='line_1_26' title="bbox 305 3843 2566 3930; baseline -0.001 -18"><span class='ocrx_word' id='word_1_178' title='bbox 305 3844 553 3914; x_wconf 87' lang='lat' dir='ltr'><strong>Weech</strong></span> <span class='ocrx_word' id='word_1_179' title='bbox 584 3844 672 3910; x_wconf 84' lang='lat' dir='ltr'><strong>ad</strong></span> <span class='ocrx_word' id='word_1_180' title='bbox 724 3852 1012 3911; x_wconf 84' lang='lat' dir='ltr'><strong>nostram</strong></span> <span class='ocrx_word' id='word_1_181' title='bbox 1063 3843 1385 3912; x_wconf 89' lang='lat' dir='ltr'><strong>accedeus</strong></span> <span class='ocrx_word' id='word_1_182' title='bbox 1438 3847 1845 3930; x_wconf 85' lang='lat' dir='ltr'><strong>presenciam</strong></span> <span class='ocrx_word' id='word_1_183' title='bbox 1867 3894 1886 3928; x_wconf 89' lang='lat'><em>,</em></span> <span class='ocrx_word' id='word_1_184' title='bbox 1950 3843 2278 3927; x_wconf 86' lang='lat' dir='ltr'><strong>quandam</strong></span> <span class='ocrx_word' id='word_1_185' title='bbox 2328 3851 2566 3911; x_wconf 83' lang='lat' dir='ltr'><strong>terram</strong></span> 
     </span>
     <span class='ocr_line' id='line_1_27' title="bbox 301 3949 2567 4037; baseline 0.001 -18"><span class='ocrx_word' id='word_1_186' title='bbox 301 3951 619 4020; x_wconf 85' lang='lat' dir='ltr'><strong>nobilium</strong></span> <span class='ocrx_word' id='word_1_187' title='bbox 653 3952 797 4018; x_wconf 89' lang='lat' dir='ltr'><strong>sine</strong></span> <span class='ocrx_word' id='word_1_188' title='bbox 826 3949 1066 4019; x_wconf 88' lang='lat' dir='ltr'><strong>herede</strong></span> <span class='ocrx_word' id='word_1_189' title='bbox 1097 3950 1559 4018; x_wconf 91' lang='lat' dir='ltr'><strong>decedencium</strong></span> <span class='ocrx_word' id='word_1_190' title='bbox 1579 4001 1599 4035; x_wconf 89' lang='lat'><em>,</em></span> <span class='ocrx_word' id='word_1_191' title='bbox 1659 3951 1947 4037; x_wconf 85' lang='lat' dir='ltr'><strong>Balasey</strong></span> <span class='ocrx_word' id='word_1_192' title='bbox 1980 3949 2281 4020; x_wconf 89' lang='lat' dir='ltr'><strong>uidelicet</strong></span> <span class='ocrx_word' id='word_1_193' title='bbox 2312 3962 2376 4021; x_wconf 92' lang='lat' dir='ltr'><strong>et</strong></span> <span class='ocrx_word' id='word_1_194' title='bbox 2413 3955 2567 4022; x_wconf 82' lang='lat' dir='ltr'><strong>Gre-</strong></span> 
     </span>
     <span class='ocr_line' id='line_1_28' title="bbox 304 4056 2565 4147; baseline 0.002 -22"><span class='ocrx_word' id='word_1_195' title='bbox 304 4057 475 4144; x_wconf 85' lang='lat' dir='ltr'><strong>gorij</strong></span> <span class='ocrx_word' id='word_1_196' title='bbox 510 4056 790 4124; x_wconf 89' lang='lat' dir='ltr'><strong>filiorum</strong></span> <span class='ocrx_word' id='word_1_197' title='bbox 822 4056 1025 4143; x_wconf 84' lang='lat' dir='ltr'><strong>Wyd,</strong></span> <span class='ocrx_word' id='word_1_198' title='bbox 1058 4078 1137 4124; x_wconf 89' lang='lat' dir='ltr'><strong>ac</strong></span> <span class='ocrx_word' id='word_1_199' title='bbox 1157 4058 1390 4125; x_wconf 84' lang='lat' dir='ltr'><strong>Chetre</strong></span> <span class='ocrx_word' id='word_1_200' title='bbox 1409 4058 1525 4142; x_wconf 85' lang='lat' dir='ltr'><strong>filij</strong></span> <span class='ocrx_word' id='word_1_201' title='bbox 1550 4058 1880 4144; x_wconf 86' lang='lat' dir='ltr'><strong>Zelemen‚</strong></span> <span class='ocrx_word' id='word_1_202' title='bbox 1904 4058 2219 4127; x_wconf 84' lang='lat' dir='ltr'><strong>Gormoth</strong></span> <span class='ocrx_word' id='word_1_203' title='bbox 2248 4071 2565 4147; x_wconf 85' lang='lat' dir='ltr'><strong>vocatam,</strong></span> 
     </span>
     <span class='ocr_line' id='line_1_29' title="bbox 299 4164 2565 4255; baseline 0.002 -23"><span class='ocrx_word' id='word_1_204' title='bbox 299 4183 582 4232; x_wconf 82' lang='lat' dir='ltr'><strong>vacuam</strong></span> <span class='ocrx_word' id='word_1_205' title='bbox 615 4171 681 4231; x_wconf 86' lang='lat' dir='ltr'><strong>et</strong></span> <span class='ocrx_word' id='word_1_206' title='bbox 708 4164 1181 4232; x_wconf 85' lang='lat' dir='ltr'><strong>habitatoribus</strong></span> <span class='ocrx_word' id='word_1_207' title='bbox 1203 4215 1222 4249; x_wconf 89' lang='lat'>,</span> <span class='ocrx_word' id='word_1_208' title='bbox 1266 4170 1337 4231; x_wconf 88' lang='lat' dir='ltr'><strong>vt</strong></span> <span class='ocrx_word' id='word_1_209' title='bbox 1368 4164 1668 4249; x_wconf 84' lang='lat' dir='ltr'><strong>dicebat,</strong></span> <span class='ocrx_word' id='word_1_210' title='bbox 1735 4166 2111 4234; x_wconf 88' lang='lat' dir='ltr'><strong>destitutam</strong></span> <span class='ocrx_word' id='word_1_211' title='bbox 2134 4220 2154 4255; x_wconf 85' lang='lat'><strong><em>,</em></strong></span> <span class='ocrx_word' id='word_1_212' title='bbox 2217 4167 2301 4233; x_wconf 88' lang='lat' dir='ltr'><strong>ad</strong></span> <span class='ocrx_word' id='word_1_213' title='bbox 2333 4188 2565 4237; x_wconf 84' lang='lat' dir='ltr'><strong>manus</strong></span> 
     </span>
     <span class='ocr_line' id='line_1_30' title="bbox 300 4271 2566 4364; baseline 0.003 -26"><span class='ocrx_word' id='word_1_214' title='bbox 300 4278 564 4338; x_wconf 86' lang='lat' dir='ltr'><strong>nostras</strong></span> <span class='ocrx_word' id='word_1_215' title='bbox 593 4271 834 4355; x_wconf 87' lang='lat' dir='ltr'><strong>Regias</strong></span> <span class='ocrx_word' id='word_1_216' title='bbox 867 4272 948 4339; x_wconf 91' lang='lat' dir='ltr'><strong>de</strong></span> <span class='ocrx_word' id='word_1_217' title='bbox 979 4272 1189 4355; x_wconf 86' lang='lat' dir='ltr'><strong>Regni</strong></span> <span class='ocrx_word' id='word_1_218' title='bbox 1222 4271 1684 4340; x_wconf 87' lang='lat' dir='ltr'><strong>consuetudine</strong></span> <span class='ocrx_word' id='word_1_219' title='bbox 1719 4273 2090 4342; x_wconf 89' lang='lat' dir='ltr'><strong>deuolutam</strong></span> <span class='ocrx_word' id='word_1_220' title='bbox 2128 4296 2170 4342; x_wconf 89' lang='lat' dir='ltr'><strong>a</strong></span> <span class='ocrx_word' id='word_1_221' title='bbox 2200 4285 2424 4344; x_wconf 90' lang='lat' dir='ltr'><strong>nostra</strong></span> <span class='ocrx_word' id='word_1_222' title='bbox 2453 4299 2566 4364; x_wconf 89' lang='lat' dir='ltr'><strong>pe-</strong></span> 
     </span>
     <span class='ocr_line' id='line_1_31' title="bbox 289 4378 2565 4468; baseline 0.003 -24"><span class='ocrx_word' id='word_1_223' title='bbox 289 4378 420 4463; x_wconf 85' lang='lat' dir='ltr'><strong>cijt</strong></span> <span class='ocrx_word' id='word_1_224' title='bbox 446 4378 792 4446; x_wconf 82' lang='lat' dir='ltr'><strong>Maiestate</strong></span> <span class='ocrx_word' id='word_1_225' title='bbox 823 4378 949 4446; x_wconf 92' lang='lat' dir='ltr'><strong>sibi</strong></span> <span class='ocrx_word' id='word_1_226' title='bbox 983 4379 1389 4447; x_wconf 87' lang='lat' dir='ltr'><strong>dari.Verum</strong></span> <span class='ocrx_word' id='word_1_227' title='bbox 1410 4379 1567 4466; x_wconf 89' lang='lat' dir='ltr'><strong>quia</strong></span> <span class='ocrx_word' id='word_1_228' title='bbox 1595 4381 1785 4448; x_wconf 89' lang='lat' dir='ltr'><strong>nobis</strong></span> <span class='ocrx_word' id='word_1_229' title='bbox 1820 4381 1899 4449; x_wconf 91' lang='lat' dir='ltr'><strong>de</strong></span> <span class='ocrx_word' id='word_1_230' title='bbox 1933 4383 2252 4467; x_wconf 85' lang='lat' dir='ltr'><strong>qualitate</strong></span> <span class='ocrx_word' id='word_1_231' title='bbox 2284 4389 2349 4449; x_wconf 94' lang='lat' dir='ltr'><strong>et</strong></span> <span class='ocrx_word' id='word_1_232' title='bbox 2368 4403 2565 4468; x_wconf 88' lang='lat' dir='ltr'><strong>quan-</strong></span> 
     </span>
     <span class='ocr_line' id='line_1_32' title="bbox 300 4483 2564 4575; baseline 0.004 -24"><span class='ocrx_word' id='word_1_233' title='bbox 300 4486 493 4553; x_wconf 83' lang='lat' dir='ltr'><strong>titate</strong></span> <span class='ocrx_word' id='word_1_234' title='bbox 526 4485 700 4553; x_wconf 90' lang='lat' dir='ltr'><strong>dicte</strong></span> <span class='ocrx_word' id='word_1_235' title='bbox 731 4493 904 4554; x_wconf 85' lang='lat' dir='ltr'><strong>terre</strong></span> <span class='ocrx_word' id='word_1_236' title='bbox 936 4487 1182 4554; x_wconf 87' lang='lat' dir='ltr'><strong>veritas</strong></span> <span class='ocrx_word' id='word_1_237' title='bbox 1223 4483 1352 4554; x_wconf 84' lang='lat' dir='ltr'><strong>non</strong></span> <span class='ocrx_word' id='word_1_238' title='bbox 1385 4489 1751 4575; x_wconf 82' lang='lat' dir='ltr'><strong>constabat,</strong></span> <span class='ocrx_word' id='word_1_239' title='bbox 1800 4487 2102 4557; x_wconf 87' lang='lat' dir='ltr'><strong>fidelibus</strong></span> <span class='ocrx_word' id='word_1_240' title='bbox 2131 4489 2370 4557; x_wconf 87' lang='lat' dir='ltr'><strong>nostris</strong></span> <span class='ocrx_word' id='word_1_241' title='bbox 2401 4491 2564 4559; x_wconf 84' lang='lat' dir='ltr'><strong>Con·</strong></span> 
     </span>
     <span class='ocr_line' id='line_1_33' title="bbox 294 4592 2562 4680; baseline 0.004 -20"><span class='ocrx_word' id='word_1_242' title='bbox 294 4592 527 4660; x_wconf 80' lang='lat' dir='ltr'><strong>uentui</strong></span> <span class='ocrx_word' id='word_1_243' title='bbox 559 4594 804 4661; x_wconf 92' lang='lat' dir='ltr'><strong>Domus</strong></span> <span class='ocrx_word' id='word_1_244' title='bbox 855 4595 1217 4680; x_wconf 84' lang='lat' dir='ltr'><strong>Hospitalis</strong></span> <span class='ocrx_word' id='word_1_245' title='bbox 1273 4597 1498 4664; x_wconf 86' lang='lat' dir='ltr'><strong>Sancti</strong></span> <span class='ocrx_word' id='word_1_246' title='bbox 1536 4595 1739 4680; x_wconf 89' lang='lat' dir='ltr'><strong>Regis</strong></span> <span class='ocrx_word' id='word_1_247' title='bbox 1788 4596 1870 4664; x_wconf 89' lang='lat' dir='ltr'><strong>de</strong></span> <span class='ocrx_word' id='word_1_248' title='bbox 1904 4596 2235 4680; x_wconf 86' lang='lat' dir='ltr'><strong>Strigonio</strong></span> <span class='ocrx_word' id='word_1_249' title='bbox 2268 4595 2562 4668; x_wconf 85' lang='lat' dir='ltr'><strong>dedimus</strong></span> 
     </span>
    </p>

    <p class='ocr_par' dir='ltr' id='par_1_10' title="bbox 2120 4709 2245 4775">
     <span class='ocr_line' id='line_1_34' title="bbox 2120 4709 2245 4775; baseline 0.024 -3"><span class='ocrx_word' id='word_1_250' title='bbox 2120 4709 2245 4775; x_wconf 73' lang='lat'><strong>30*</strong></span> 
     </span>
    </p>
   </div>
  </div>
 </body>
</html>
