3319 5249
1326 350 1454 416 507

264 569 345 616 ex
375 548 567 616 nobis
597 547 991 612 mitteremus
1027 545 1286 611 fidelem
1327 565 1442 629 pro
1474 545 1865 631 testimonio,
1901 566 2117 613 coram
2149 564 2277 631 quo
2329 545 2517 614 homo

263 662 481 723 uester
509 652 855 721 Farcasius
889 652 1063 719 filius
1094 650 1402 738 Decimys
1453 655 1885 721 reambularet
1933 659 2173 720 terram
2229 652 2517 722 retifero·

264 783 405 829 rum
440 765 813 829 uestrorum.
847 759 1033 826 Vnde
1063 760 1358 826 misimus
1390 780 1589 825 unum
1620 782 1703 827 ex
1735 761 1937 847 nobis,
1968 762 2075 846 qui
2110 760 2198 826 ad
2248 780 2367 829 nos
2417 780 2512 827 re-

260 869 450 936 diens
485 868 706 935 retulit
733 866 923 936 nobis
953 867 1230 935 fideliter
1293 867 1449 936 uina
1509 888 1689 954 uoce,
1743 873 1982 935 terram
2044 866 2515 935 reambulatam

262 997 395 1044 una
428 995 571 1043 cum
604 975 869 1043 homine
932 984 1171 1058 uestr0,
1212 975 1474 1061 penitus
1538 978 1606 1043 in
1671 977 1847 1042 nullo
1909 974 2415 1057 contradicente,
2450 979 2517 1040 et

261 1092 501 1151 terram
533 1080 953 1150 memoratam
990 1082 1204 1148 eidem
1238 1080 1473 1149 Comiti
1507 1079 1728 1149 Ochuz
1760 1088 2089 1147 statutam.
2143 1080 2352 1165 Super
2385 1099 2513 1164 quo

259 1191 566 1276 quicquid
598 1211 744 1259 esse
775 1192 1023 1275 deceat,
1055 1191 1290 1258 Uestra
1322 1190 1634 1258 Maiestas
1670 1188 2012 1256 discernat.

476 1298 745 1366 Kivul
778 1299 1346 1366 Excellentissimo
1379 1298 1642 1363 domino
1677 1316 1796 1364 suo
1830 1297 1904 1361 L.
1970 1296 2096 1363 Dei
2148 1296 2383 1381 gracia
2433 1297 2515 1363 Il·

259 1405 453 1472 lustri
484 1405 648 1491 Regi
682 1405 1039 1490 Hungarie.

256 1620 536 1683 (Ei-edetis
562 1617 914 1686 borhartyan,
942 1636 979 1671 a
1003 1617 1284 1687 zeirpecset
1309 1621 1601 1683 elveszett3
1630 1635 1664 1670 a.
1692 1620 1860 1672 budai
1905 1619 2010 1670 kir.
2062 1621 2304 1672 kamarai
2350 1617 2517 1671 lovel·

1265 1707 1498 1775 thrban.)

1173 1970 1590 1988 ————

1312 2480 1463 2546 366.

253 2677 310 2744 A
338 2679 760 2766 naqudradi
788 2680 1176 2747 konventnek
1225 2680 1782 2768 bizonysdqlevele,
1847 2683 2013 2767 hoqy
2046 2679 2242 2748 Szent
2271 2680 2514 2747 Jdnosi

254 2786 521 2851 Paznan
541 2787 897 2854 maa-adesa
932 2789 1204 2854 Thur-na
1255 2797 1417 2853 nevit
1448 2788 1824 2855 birtokukat
1860 2789 2198 2876 Raphayn
2226 2789 2485 2855 bdnnak

1137 2895 1418 2962 eladtcik.
1453 2895 1651 2961 1289.
2541 2907 2546 2910 “

461 3088 795 3156 Johannes
828 3090 1074 3159 Diuina
1125 3089 1551 3178 prouidencia
1611 3090 1990 3177 Propositus
2043 3097 2106 3155 et
2137 3087 2509 3161 conuentus

246 3197 620 3283 Monasterij
694 3198 919 3264 Sancti
982 3197 1295 3285 Stephani
1346 3197 1879 3264 Prothomartiris
1946 3197 2027 3262 de
2059 3196 2509 3265 Promontorio

244 3302 659 3372 Waradiensi
723 3305 1018 3372 omnibus
1067 3304 1309 3373 Christi
1341 3303 1643 3371 fidelihus
1695 3312 1828 3372 tam
1861 3303 2277 3393 presentibus
2309 3315 2509 3391 quam

241 3412 473 3483 futuris
507 3432 772 3498 presens
804 3412 1119 3498 scriptum
1192 3413 1585 3498 inspecturis
1617 3413 1899 3481 salutem
1931 3413 2001 3480 in
2033 3412 2272 3481 salutis
2303 3413 2506 3498 largi·

240 3530 399 3590 tore.
433 3519 642 3606 Igitur
674 3520 760 3587 ad
792 3521 1237 3589 vniuersorum
1275 3522 1585 3588 noticiam
1625 3529 1854 3588 tenore
1887 3521 2299 3609 presencium
2335 3522 2517 3592 volu·

241 3651 382 3698 mus
416 3631 795 3717 peruenire:
849 3630 1023 3715 quod
1064 3651 1207 3698 cum
1272 3632 1442 3699 Ders
1473 3632 1609 3699 filio
1661 3632 1954 3698 Paznani
2010 3630 2092 3698 de
2124 3630 2364 3698 Sancto
2397 3627 2506 3697 Jo-

244 3739 466 3806 hanne
484 3789 504 3823 ,
558 3744 624 3804 et
652 3738 962 3806 Paznano
1024 3737 1161 3804 filio
1192 3738 1432 3824 ipsius,
1497 3757 1577 3806 ac
1627 3739 1946 3806 Michaele
1979 3758 2096 3823 pro
2131 3758 2222 3824 se,
2257 3737 2510 3806 Comite

238 3848 524 3914 Zabolch
556 3854 744 3933 patre
775 3866 913 3934 suc,
950 3852 1014 3911 et
1045 3845 1319 3913 Alberto
1354 3846 1559 3912 fratre
1602 3868 1722 3913 suo
1776 3844 1918 3934 (de)
1952 3845 2385 3930 generacione
2415 3845 2508 3911 di-

240 3954 325 4020 cti
363 3953 650 4022 Paznani
681 3955 768 4020 ab
802 3973 932 4021 vna
965 3959 1170 4040 parte,
1200 3953 1522 4039 Ruphayn
1556 3954 1738 4020 Bano
1785 3957 1868 4020 ab
1902 3956 2113 4022 altera
2145 3973 2363 4020 coram
2398 3972 2508 4019 no·

239 4061 339 4128 bis
374 4062 806 4148 personaliter
837 4061 1226 4148 constitutis,
1291 4060 1531 4126 dictum
1565 4062 1786 4128 extitit
1819 4082 1935 4149 per
1968 4061 2138 4129 Ders
2173 4068 2239 4126 et
2267 4061 2507 4127 Pazna·

241 4187 395 4234 num
428 4167 634 4234 filium
669 4166 872 4255 ipsius
907 4174 973 4233 et
1024 4166 1300 4233 relatum
1323 4219 1339 4251 ,
1398 4168 1569 4251 quod
1603 4188 1748 4235 cum
1784 4167 2116 4253 quandam
2151 4160 2544 4253 possessio-⁹

236 4294 385 4342 nem
420 4293 604 4341 suam
669 4274 1131 4342 hereditariam
1184 4275 1452 4342 Thurna
1506 4284 1812 4343 vocatam
1862 4279 1928 4343 in
1974 4275 2324 4343 Prouincia
2368 4274 2512 4359 Nyr

239 4381 645 4467 existentem,
708 4382 776 4449 in
823 4383 1115 4450 vicinatu
1164 4383 1750 4450 commetaneitatis
1816 4384 2241 4470 possessionis
2305 4383 2511 4469 ipsius

239 4487 566 4574 Raphayn
598 4491 765 4556 Bani
829 4490 1163 4557 Debrecen
1200 4494 1446 4575 vocate,
1513 4490 1578 4555 in
1628 4511 1760 4576 qua
1796 4492 2101 4559 Ecclesia
2163 4493 2230 4558 in
2261 4491 2507 4558 honore

241 4595 444 4664 Beate
477 4596 767 4680 Virginis
799 4596 1099 4665 Glorioso
1152 4604 1250 4665 est
1282 4605 1671 4685 constructa,
1706 4619 1902 4684 quam
1940 4598 2148 4666 eidem
2180 4599 2507 4685 Bophayn
