3319 5249
1354 362 1483 427 249

286 556 394 623 des
426 556 614 622 firma
644 564 711 621 et
740 557 1002 624 illibata
1034 576 1320 641 seruare,
1370 564 1436 623 et
1474 557 1541 623 in
1572 558 1753 625 nullo
1785 558 2059 627 alicuius
2092 559 2184 626 rei
2215 567 2537 646 pretextu,

286 664 733 749 cauillacione,
772 664 1054 751 malicia,
1087 684 1201 731 seu
1233 663 1495 749 ingenio
1527 666 1974 733 contrafacere
2006 667 2109 734 uel
2147 668 2389 737 uenire.
2453 670 2542 734 Vt

287 772 482 856 igitur
514 773 974 857 premissamm
1011 771 1438 858 nendicionis,
1487 773 1556 839 in
1597 773 1879 841 solutum
1913 773 2211 855 dacionis
2231 828 2250 862 ,
2302 775 2542 843 ratiha-

287 880 553 948 bicionis
587 888 650 945 et
679 880 1187 966 approbacionis
1227 887 1611 968 nostrarum,
1665 879 2296 969 stipulacionumque
2349 905 2545 970 super

287 988 559 1054 diuersis
593 986 888 1054 articulis
920 993 1392 1054 contractarum
1427 995 1493 1055 et
1514 1008 1974 1074 expressarum
1996 991 2299 1075 superius
2320 991 2542 1077 series,

287 1097 683 1179 firmitasque
744 1095 1101 1173 iuramenti„
1142 1115 1259 1180 per
1309 1082 1523 1179 ipsum
1574 1096 1887 1180 Vgrinnm
1943 1098 2366 1183 corporaliter
2404 1120 2545 1184 pre·

288 1204 414 1269 stiti
436 1255 456 1289 ,
506 1201 1023 1269 successiuorum
1073 1203 1263 1288 lapsu
1301 1210 1659 1288 temporum
1699 1209 2026 1287 nequeant
2056 1205 2120 1269 in
2156 1205 2541 1289 ambiguita-

291 1313 368 1379 tis
402 1332 518 1379 seu
552 1310 732 1395 dubij
771 1312 1139 1396 scrupulum
1176 1310 1511 1380 reuocari:
1558 1314 1780 1380 omnia
1828 1300 2150 1397 premissa
2193 1319 2257 1380 et
2289 1310 2550 1397 singula

290 1420 740 1505 premissorum
791 1418 967 1484 clare
1019 1427 1081 1484 et
1134 1402 1439 1504 expresse
1489 1420 1966 1507 approbamus,
2019 1419 2435 1507 ratificamus,
2487 1427 2549 1485 et

293 1551 367 1596 ex
400 1534 579 1597 certa
609 1526 889 1594 sciencia
938 1527 1170 1593 harum
1221 1527 1390 1594 serie
1444 1527 1899 1595 confirmamus
1930 1579 1949 1613 ,
2029 1549 2174 1595 cum
2227 1547 2547 1594 canonum

292 1635 519 1719 regula
551 1640 970 1721 paternorum
1021 1633 1242 1701 decisa
1292 1635 1635 1702 salubriter
1667 1640 1732 1700 et
1761 1634 2188 1721 solempniter
2220 1634 2503 1701 diffinita
2532 1659 2546 1716 3

291 1742 519 1827 quibus
548 1742 893 1829 presertim
928 1730 1345 1808 iurisiurandi
1397 1740 1631 1825 religio
1671 1743 1970 1828 accessit,
2019 1763 2141 1810 nec
2172 1742 2402 1808 uiolari
2439 1741 2546 1828 pa·

291 1850 531 1932 ciatur,
613 1869 737 1915 nec
786 1848 1161 1931 aliqualiter
1213 1849 1548 1915 uacillare.
1614 1850 1848 1915 Actum
1911 1848 1980 1914 in
2014 1842 2228 1917 castro
2261 1849 2546 1916 Budensi

293 1979 462 2026 anno
524 1956 793 2023 Domini
857 1955 1202 2023 millesimo
1267 1954 1395 2023 00⁰
1447 1955 1656 2021 LXX⁰
1709 1976 1928 2037 nono,
1977 1956 2343 2025 indiccione
2384 1958 2548 2042 VIL,

299 2065 722 2135 Pontificatns
763 2063 1009 2131 domini
1057 2063 1318 2129 Nicolai
1370 2064 1552 2150 Pape
1614 2065 1801 2148 tercij
1869 2084 2041 2131 anno
2089 2064 2392 2148 secunde,
2439 2066 2548 2131 1v.

292 2172 612 2242 kalendas
676 2171 943 2257 Aprilis.
1021 2172 1439 2238 Presentibus
1505 2171 1870 2239 venerabili
1931 2179 2117 2256 patre
2167 2170 2551 2240 Lodomerio

294 2281 411 2348 Dei
443 2281 669 2365 gracia
719 2280 1043 2365 Episcopo
1086 2278 1501 2346 Waradiensi
1524 2329 1541 2363 ,
1588 2278 1898 2363 Magistro
1949 2278 2250 2347 Johanne
2305 2282 2549 2362 Electo,

297 2387 644 2455 Benedicto
676 2387 1040 2474 Preposito,
1096 2392 1159 2452 et
1190 2385 1462 2453 Nicolao
1502 2387 1830 2453 Canonico
1883 2388 2390 2472 Colocensibus3
2435 2389 2552 2453 -Ni-

296 2499 477 2564 colao
527 2495 862 2580 Preposito
919 2494 1140 2560 Sancti
1195 2494 1428 2559 Yrcnei
1453 2543 1473 2578 ‚
1521 2494 1833 2577 Magistro
1884 2491 2170 2579 Gyroldo
2223 2494 2552 2562 Archidia-

299 2627 453 2673 cono
515 2604 598 2673 de
660 2602 981 2689 Dobycha
1029 2601 1097 2669 in
1149 2601 1447 2671 Ecclesia
1482 2600 1949 2686 zagabriensi3
2029 2601 2353 2669 nobilibus
2390 2603 2552 2670 uiris

297 2714 499 2798 laycis
534 2712 860 2778 Demetrio
903 2710 1038 2777 filio
1069 2710 1430 2795 Demetrii,
1495 2710 1828 2796 Stephano
1879 2715 1944 2775 et
1996 2710 2213 2776 Pousa
2262 2709 2413 2796 filijs
2445 2711 2552 2777 Jo-

300 2820 545 2905 hannis,
596 2820 877 2903 Georgio
928 2818 1058 2885 filio
1112 2818 1433 2905 Symonis,
1482 2825 1543 2885 et
1578 2818 1798 2885 multis
1828 2818 1981 2903 alijs
2013 2817 2285 2885 testibus
2319 2817 2403 2883 ad
2436 2817 2554 2884 hec

305 2930 548 2997 uocatis
578 2926 947 3014 specialiter
991 2932 1054 2994 et
1085 2925 1352 3011 rogatis.

510 3035 617 3102 Ad
648 3035 1103 3121 premissorum
1165 3034 1389 3119 itaque
1444 3039 1830 3119 perpetuam
1883 3033 2255 3102 memoriam
2292 3054 2552 3119 presen-

304 3152 400 3212 tes
429 3150 650 3213 nostro
684 3151 749 3211 et
777 3142 1223 3230 predictorum
1248 3142 1643 3210 venerabilis
1684 3142 1890 3228 patris
1922 3140 2290 3226 Lodomerij
2329 3142 2556 3209 Wara-

306 3252 547 3318 diensis
609 3249 936 3336 Episcopi,
983 3255 1047 3317 et
1077 3247 1376 3333 Magistri
1410 3247 1730 3316 Johannis
1784 3250 2166 3317 colocensis
2220 3248 2427 3315 Electi
2475 3249 2555 3314 si·

307 3359 482 3444 gillis
515 3359 785 3428 fecimus
818 3357 1218 3424 communiri.

461 3556 561 3623 (Aa
586 3558 792 3610 eredeti
817 3554 950 3609 utan
978 3559 1170 3609 Knauz
1198 3553 1430 3638 Plaudet,
1472 3558 1704 3624 Magyar
1744 3557 1874 3610 Sion
1901 3558 2004 3609 111.
2041 3557 2155 3610 ket.
2183 3557 2305 3608 384.
2332 3556 2393 3623 l.)
