3319 5249
1247 446 1281 452 „
1342 306 1465 420 3o1

280 552 439 638 Epel
497 551 839 636 procedere
891 548 1283 636 uolentibus,
1334 571 1414 617 ne
1458 552 1877 620 intromittere
1911 573 1981 618 se
2014 558 2523 637 presumpmant‚

284 657 365 724 ad
415 661 730 744 eamdem,
763 659 1098 724 silencium
1149 661 1448 727 duximus
1518 661 1995 746 imponendum.
2064 661 2140 725 In
2191 662 2375 748 cujus
2422 660 2516 726 rei

281 767 655 834 memoriam
689 772 751 833 et
782 775 1152 853 perpetuam
1189 769 1551 836 firmitatem
1588 778 1918 856 presentes
1951 769 2384 835 concessimus
2417 767 2518 834 lit-

274 882 446 942 teras
496 875 767 961 duplicis
815 876 1013 959 sigilli
1062 880 1261 944 nostri
1322 881 1672 945 munimine
1731 878 2083 944 roboratas.
2124 877 2363 941 Datum
2398 894 2522 960 per

285 1004 516 1051 manus
548 985 940 1053 venerabilis
973 988 1179 1072 patris
1212 988 1455 1055 Thome
1497 990 1601 1055 dei
1633 990 1861 1072 gracia
1891 987 2196 1072 Episcopi
2231 985 2524 1051 Wacien·

280 1094 369 1160 sis
405 1093 558 1159 aule
590 1100 807 1160 nostre
854 1093 1247 1179 cancellarij
1283 1097 1495 1163 fidelis
1527 1096 1750 1163 nostri.
1785 1095 1976 1160 Anno
2009 1094 2266 1160 Domini
2301 1091 2529 1159 M⁰cc⁰

285 1200 735 1283 octuagesimo
766 1201 997 1285 primo.

462 1417 562 1483 (ΔΖ
589 1417 792 1470 eredeti
815 1416 951 1470 utan
976 1421 1166 1470 Knauz
1192 1417 1427 1482 Nandor,
1456 1422 1683 1486 Magyar
1710 1422 1841 1473 Sion
1866 1418 1972 1479 111,
1997 1422 2106 1473 ket.
2136 1422 2258 1472 462.
2286 1417 2346 1489 1.)

1198 1698 1623 1705 ——.-———

1334 2160 1487 2229 217.

292 2363 337 2425 Ι
345 2362 416 2429 V.
436 2362 896 2449 Mdrtonpdpa
908 2363 1183 2447 parmai
1200 2361 1694 2425 Bonaventurat
1724 2362 2003 2447 raquzai
2035 2362 2328 2429 erseknek
2358 2364 2533 2430 kine-

1222 2471 1377 2534 vezi.
1414 2470 1605 2533 1281.
2136 2462 2144 2470 ⁴

506 2707 826 2774 Martinus
874 2707 1236 2792 Episcopus
1286 2726 1511 2775 servus
1561 2726 1889 2776 servorum
1947 2705 2082 2792 Dei,
2116 2704 2356 2773 dilecto
2391 2705 2528 2772 filio

297 2815 483 2883 fratri
528 2817 975 2882 Bonaventure
1026 2817 1106 2883 de
1159 2818 1399 2882 Parma
1447 2819 1673 2885 Electo
1727 2814 2089 2900 Ragusin0‚
2141 2817 2418 2882 salutem
2471 2824 2537 2882 et

299 2927 740 3011 Apostolieam
793 2923 1341 2991 benedictionem·
1388 2926 1700 2992 Militanti
1762 2925 2088 3010 Ecclesie,
2157 2923 2536 3011 disponente

298 3034 608 3120 Domino,
670 3033 824 3100 licet
883 3033 1184 3100 immeriti
1244 3033 1688 3123 presidentes,
1738 3036 1914 3102 circa
1975 3053 2193 3099 curam
2254 3035 2537 3100 omnium

301 3139 737 3206 Ecclesiamm
789 3140 1055 3207 solertia
1103 3139 1429 3206 reddimur
1491 3141 1817 3207 indefessa
1877 3139 2176 3223 solliciti,
2238 3149 2306 3206 ut
2355 3142 2535 3212 iuxta

301 3248 651 3334 pastoralis
700 3248 898 3316 officii
949 3247 1234 3316 debitum
1264 3248 1490 3316 crediti
1521 3251 1709 3316 nobis
1744 3247 2046 3315 dominici
2080 3248 2294 3333 gregis
2328 3259 2536 3318 custo·

304 3356 475 3424 diam
526 3357 772 3425 utiliter
819 3377 1041 3442 gerere
1071 3356 1313 3424 Divina
1340 3365 1731 3445 cooperante
1764 3356 2108 3425 clementia
2138 3355 2535 3427 studeamus.

303 3465 472 3532 Sane
521 3474 802 3533 vacante
853 3466 1093 3534 dudum
1142 3468 1439 3535 Ecclesia
1498 3470 1831 3553 Ragusina
1891 3486 2005 3552 per
2055 3467 2300 3532 obitum
2363 3467 2534 3532 bone

303 3575 614 3640 memorie
660 3570 870 3646 Salvii
920 3574 1410 3661 Archiepiscopi
1471 3575 1825 3661 Ragusini,
1891 3573 2196 3641 Canonici
2247 3574 2535 3659 ejusdem

307 3681 596 3747 Ecclesie
651 3681 972 3764 quondam
1023 3682 1284 3749 fratrem
1334 3683 1620 3752 Marcum
1665 3685 1747 3749 de
1778 3683 2065 3750 Venetiis
2099 3681 2359 3750 Ordinis
2388 3686 2540 3752 Fra-

304 3797 470 3855 trum
504 3790 821 3856 Minorum
855 3793 921 3856 in
953 3792 1355 3876 Ragusinum
1406 3791 1995 3878 Archiepiscopum‚
2030 3799 2100 3856 ut
2133 3790 2383 3878 dicitur,
2415 3793 2538 3860 ele·

306 3906 573 3982 gerunt;
628 3896 741 3964 sed
791 3898 1016 3966 eodem
1051 3899 1256 3966 fratre
1287 3902 1522 3986 Marco,
1555 3908 1899 3984 antequam
1934 3906 2108 3966 esset
2138 3902 2277 3967 eius
2309 3901 2538 3967 electio

309 4006 703 4092 confirmata,
754 4014 985 4072 nature
1021 4007 1304 4074 debitum
1340 4009 1771 4094 persolvente,
1806 4008 2082 4095 predicti
2114 4009 2420 4076 Canonici
2454 4011 2538 4075 ad

308 4113 714 4180 tractandum
763 4114 846 4180 de
893 4116 1095 4181 futuri
1125 4117 1588 4184 substitucione
1623 4117 1899 4202 pastoris
1935 4116 2197 4183 insimul
2231 4135 2539 4183 convene·

315 4230 502 4307 runt;
554 4229 620 4287 et
668 4221 1057 4310 dubitantes,
1107 4245 1205 4308 ne,
1261 4225 1319 4290 si
1375 4225 1463 4291 ad
1510 4225 1889 4292 electionem
1922 4224 2360 4309 procederent,
2391 4234 2454 4292 et
2484 4229 2541 4292 si

312 4350 439 4396 non
487 4337 757 4416 possent
804 4351 1025 4398 omnes
1082 4334 1328 4418 pariter
1378 4335 1445 4400 in
1495 4355 1689 4402 unam
1740 4333 2130 4401 concordare
2173 4354 2538 4420 personam,

314 4437 544 4506 exinde
574 4443 862 4525 oriretur,
897 4441 1063 4507 inter
1095 4442 1270 4527 ipsos
1304 4443 1724 4511 dissentionis
1757 4443 2044 4528 materia,
2077 4462 2194 4528 per
2223 4464 2416 4526 quam
2445 4445 2540 4512 eis

316 4555 378 4613 et
428 4548 554 4633 ipsi
606 4547 909 4615 Ecclesie·
950 4548 1296 4634 dispendia
1342 4551 1771 4631 imminerent,
1826 4551 2344 4618 deliberaverunt
2376 4572 2537 4618 com·

319 4660 488 4724 muni
541 4675 856 4724 consensu
904 4663 969 4721 et
1008 4660 1294 4726 unanimi
1326 4662 1654 4729 voluntate
1686 4660 1892 4729 felicis
1926 4657 2401 4728 recordacionis
2434 4662 2541 4729 Ni-
