3319 5249
1887 394 2017 464 180

1874 1024 2022 1092 122.
2111 999 2121 1007 '

803 1226 1043 1294 ffiklds
1092 1227 1300 1293 πάάον
1350 1227 1506 1291 Peer
1543 1226 1852 1312 sopronyi
1869 1223 2248 1317 Apolqdrnak
2279 1222 2668 1305 adoma'nya't
2701 1245 2793 1285 me
2800 1225 3066 1306 qerbsiti

1189 1360 1230 1400 a
1263 1335 1755 1400 boremonostrai
1786 1335 2064 1419 apcitsdq
2103 1335 2423 1396 sza'mcira.
2480 1333 2673 1396 1277.

1015 1532 1150 1599 Nos
1182 1530 1492 1598 Nicolaus
1523 1532 1903 1617 Palatinus,
1954 1528 2184 1596 Comes
2235 1528 2700 1614 Suprvniensis
2750 1534 2816 1593 ct
2846 1526 3059 1594 Judex

803 1641 1255 1724 Cvmanorum,
1288 1638 1735 1723 significamus
1770 1644 1992 1706 tenore
2044 1636 2447 1721 presencium
2488 1633 2836 1721 minei-sie„
2885 1631 3058 1717 quod

801 1750 901 1815 vir
931 1747 1330 1815 venerabilis
1367 1746 1664 1815 dominus
1698 1747 1760 1814 S.
1796 1746 2013 1814 Abbas
2047 1743 2283 1812 Montis
2316 1745 2549 1812 Sancte
2583 1743 2785 1811 Maris
2811 1749 2874 1809 et
2897 1742 3057 1810 Con·

799 1862 1031 1923 uentus
1063 1862 1290 1923 nostra
1324 1856 1386 1921 in
1423 1857 1762 1940 presencia
1795 1853 2129 1922 constituti
2162 1853 2531 1939 petiuerunt
2563 1872 2605 1917 a
2636 1851 2822 1919 nobis
2846 1852 3050 1919 humi·

795 1964 946 2030 liter
978 1969 1043 2030 ct
1075 1963 1328 2048 deuote,
1380 1969 1447 2028 vt
1479 1963 1899 2030 donacionem
1933 1962 2176 2031 domiui
2228 1961 2394 2030 Peer
2432 1960 2755 2044 quondam
2789 1959 2955 2027 ciuis
2988 1968 3054 2025 et

795 2067 1047 2139 Judicis
1079 2070 1554 2156 Svprvniensis,
1607 2070 1920 2138 videlicet
1949 2069 2308 2136 Ecclesiam
2361 2068 2587 2135 Sancti
2638 2065 2871 2135 Jacobi
2905 2087 3048 2134 cum

794 2185 932 2245 tota
965 2198 1085 2247 sua
1117 2180 1528 2263 possessione
1561 2178 1824 2264 ibidem,
1858 2198 1983 2263 que
2017 2184 2286 2245 vocatur
2306 2176 2503 2261 vulgo
2528 2176 3044 2261 Chlingeupach‚

794 2295 1046 2372 partem
1080 2307 1333 2373 quoquc
1366 2286 1685 2374 Stephani
1746 2286 1998 2354 Judicis
2062 2286 2350 2354 eiusdem
2403 2287 2569 2373 loci,
2621 2293 2685 2353 et
2731 2284 3048 2371 Philippi,

791 2416 985 2482 quam
1019 2395 1160 2482 ipse
1192 2395 1479 2482 predicto
1511 2396 1676 2463 Peer
1707 2393 1995 2462 tradidid
2026 2393 2199 2483 (igy)
2232 2396 2578 2481 plurimum
2600 2401 2754 2462 ante
2776 2402 3045 2481 tempus,

790 2513 852 2568 et
885 2510 1139 2590 partem
1200 2503 1473 2571 aliorum
1539 2504 1851 2571 nobilium
1872 2557 1890 2593 ,
1940 2503 2281 2588 Laurencij
2337 2505 2418 2571 de
2467 2502 2608 2586 nik,
2676 2501 2944 2568 Altman
2978 2510 3044 2568 et

787 2611 1129 2697 Laurencij
1167 2609 1444 2679 filiorum
1478 2610 1724 2699 Taoke,
1778 2633 1940 2699 quas
1993 2614 2134 2700 ipse
2183 2612 2445 2700 propria
2499 2614 2581 2680 ab
2632 2613 2728 2681 eis
2767 2610 3046 2698 pecunia

786 2719 1206 2806 comparauit,
1258 2722 1612 2788 secundum
1649 2723 1820 2805 quod
1870 2723 1937 2788 in
1988 2723 2337 2808 priuilegio
2389 2721 2622 2789 ciuium
2658 2721 2914 2808 plenius
2945 2731 3045 2789 est

787 2849 1189 2917 expressum,
1230 2838 1451 2898 nostro
1488 2830 1906 2914 dignaremur
1936 2831 2283 2916 priuilegio
2315 2833 2715 2899 confirmare.
2769 2831 2903 2898 Nos
2924 2830 3044 2898 ita·

740 2939 743 2942 '
787 2955 910 3018 que
946 2936 1082 3004 viso
1112 2937 1485 3024 priuilegio,
1520 2937 1890 3022 auditisque
1912 2938 2164 3006 ciuibus
2184 2938 2529 3025 vniuersis,
2562 2939 2675 3025 qui
2705 2940 2773 3006 in
2811 2939 3040 3007 eodem

784 3051 1170 3111 testamento
1203 3052 1265 3111 et
1296 3052 1576 3112 tractatu
1614 3046 1873 3114 fuerunt
1912 3068 2118 3132 vsque
2148 3048 2232 3114 ad
2268 3048 2555 3116 debitum
2598 3069 2798 3118 cause
2825 3049 3040 3135 finem,

785 3149 1202 3218 donacionem
1237 3153 1590 3240 supradicti
1623 3157 1806 3241 Pecr,
1856 3156 2211 3224 secundum
2241 3157 2416 3241 quod
2448 3160 2587 3244 ipse
2621 3166 3032 3244 prenotatam

779 3267 1014 3326 terram
1050 3261 1448 3348 possederat,
1497 3283 1641 3330 cum
1677 3264 1971 3331 omnibus
2004 3265 2142 3332 eius
2192 3266 2631 3354 pertinenciis,
2682 3269 3040 3338 secundum

781 3365 1012 3435 ciuium
1047 3369 1463 3455 priuilegium
1504 3372 1723 3457 sigillo
1755 3379 1972 3442 nostro
2023 3373 2419 3443 ratificamus
2452 3383 2515 3442 et
2546 3375 2615 3442 in
2646 3386 3035 3465 perpetuum

658 3467 663 3472 ’
778 3476 1179 3544 roboramus,
1228 3477 1471 3546 Datum
1519 3483 1587 3548 in
1639 3480 1887 3550 Gindes
1925 3483 1991 3547 in
2026 3482 2532 3552 circumcisione
2566 3485 2828 3552 Domini
2861 3505 3037 3554 anno

776 3583 1038 3652 Domini
1081 3583 1693 3656 M⁰CC⁰LXX⁰VII⁰.

776 3765 1047 3829 (Erodetie
1094 3765 1453 3836 ὺδτὶιάηγίιη,
1505 3773 1759 3838 molynek
1786 3770 1939 3825 britul
1992 3776 2095 3826 oda
2120 3783 2365 3842 nyomott
2407 3775 2642 3841 pecsetje
2682 3778 2956 3840 elvestat,
2999 3800 3033 3835 ι

1402 3860 1564 3911 budai
1591 3860 1694 3914 kir.
1733 3862 1977 3914 kamarai
2021 3863 2400 3933 loveltsirban.)
