3319 5249
1719 329 1859 431 se

637 571 860 653 Ducis,
898 575 963 634 et
1003 566 1382 653 specialiter
1433 566 1616 631 iuxta
1655 558 2123 628 continenciam
2164 555 2488 646 priuilegij
2524 549 2901 620 Beatissimi

638 677 932 745 Ladislai
985 676 1178 758 Regis
1230 695 1424 761 super
1491 672 1984 739 confirmacione
2043 668 2357 734 dictorum
2407 659 2900 750 priuilegiorum

639 806 764 852 nec
800 806 931 851 non
980 784 1114 850 fere
1165 783 1640 849 vniuersorum0
1653 779 1898 863 jurium
1931 773 2309 858 Monasterij
2363 769 2674 838 antedicti
2727 784 2901 833 anno

638 898 825 959 sexto
868 890 1116 957 decimo
1148 890 1357 974 Regni
1408 889 1505 955 sui
1539 887 1824 956 emanati
1875 884 2117 954 tenoris
2166 879 2553 964 infrascipti,
2584 875 2904 962 premissa

641 999 1034 1067 authoritate
1067 1000 1275 1082 Regia
1312 1005 1375 1064 et
1404 1004 1630 1064 nostra
1659 995 2007 1063 iudiciaria
2037 992 2253 1062 eidem
2284 984 2676 1057 Monasterio
2708 988 2901 1074 pleno

640 1101 779 1176 iure
833 1108 1230 1174 restituimus
1283 1112 1350 1173 et
1400 1106 1765 1173 statuimus,
1814 1107 2011 1173 Cuius
2045 1099 2302 1187 quidem
2354 1098 2680 1197 priuilegij
2716 1117 2905 1175 tenor

644 1237 761 1302 per
793 1215 1012 1284 omnia
1042 1215 1199 1281 talis
1234 1219 1330 1281 est
1362 1239 1376 1280 ε

859 1324 933 1386 In
985 1321 1242 1387 nomine
1291 1320 1530 1385 Sancte
1580 1319 1945 1388 Trinatatis
1997 1342 2029 1386 s
2070 1322 2130 1387 b.
2192 1323 2334 1407 Ego
2383 1324 2731 1391 Ladislaus
2780 1326 2907 1394 Dei

643 1438 969 1495 annuente
1019 1429 1372 1494 clementia
1403 1429 1862 1511 Hungarorum
1893 1430 2034 1496 Rex
2066 1430 2189 1496 stb.
2244 1428 2669 1517 (kovetkezik
2723 1440 2906 1501 szent

647 1538 880 1603 Laszlo
913 1535 1267 1620 kirztlynak
1305 1537 1574 1602 1093-ki
1609 1535 2083 1620 priuilegiuma,
2132 1539 2297 1604 mint
2334 1543 2904 1627 gyfijtemenyunk

645 1646 750 1711 VI.
785 1645 1015 1730 vagyis
1049 1663 1090 1709 a
1122 1643 1425 1710 masodik
1456 1643 1704 1731 folyam
1738 1646 1789 1710 Ι.
1822 1645 2174 1711 koteteben
2210 1649 2311 1714 66.
2347 1648 2447 1714 sk.
2477 1647 2581 1735 ll.)

863 1755 946 1819 Vt
979 1755 1175 1837 igitur
1207 1754 1395 1820 huius
1440 1753 1876 1820 restitucionis
1926 1754 2129 1822 series
2183 1758 2378 1822 robur
2427 1757 2720 1824 obtineat
2758 1776 2904 1842 per-

647 1870 843 1948 petue
875 1862 1197 1929 firmitatis
1229 1869 1567 1947 presentes
1617 1868 1879 1929 nostras
1926 1864 2183 1930 litteras
2218 1864 2661 1949 priuilegiales
2694 1865 2906 1931 eidem

648 1971 1047 2037 Monasterio
1101 1971 1536 2038 concessimus
1606 1971 1810 2054 sigilli
1863 1973 2067 2039 nostri
2131 1973 2487 2039 munimine
2547 1974 2909 2043 roborataS.

648 2080 890 2145 Datum
936 2079 1096 2146 Albe
1143 2080 1210 2144 in
1242 2078 1473 2161 vigilia
1525 2079 1677 2147 festi
1728 2081 1913 2147 Beati
1963 2081 2279 2167 Stephani
2338 2084 2536 2166 Regis
2567 2103 2739 2150 anno
2771 2083 2903 2148 Do·

651 2189 808 2255 mini
840 2187 1187 2256 millesimo
1220 2187 1667 2256 ducentesimo
1708 2191 2188 2274 septuagesimo
2221 2195 2471 2274 quarto.

657 2386 980 2452 (Saechenyi
1007 2389 1193 2439 Frank
1221 2385 1646 2455 orszagbirdnak
1675 2389 1896 2440 lass-ki
1915 2385 2225 2452 atiratabol,
2251 2404 2286 2440 a
2310 2390 2676 2455 pannonhalm
2702 2386 2915 2457 fflapat-

1534 2476 1635 2544 sAg
1661 2476 2047 2534 leveltae'ukban.

1731 3067 1836 3135 49.

657 3269 894 3333 Miklds
943 3268 1440 3353 orazaqbirdnak
1491 3266 1750 3332 Aladdr
1798 3280 2015 3334 mester
2060 3294 2104 3332 a
2152 3271 2452 3355 kirdlyne
2482 3270 2835 3356 fbtdlnoka
2884 3295 2916 3335 s

656 3375 907 3442 Gemma
955 3374 1482 3461 szekesfehe‘rvdri
1527 3377 1824 3442 kanonok
1875 3379 1939 3442 6⁸
1972 3378 2370 3443 erdektdrsai
2420 3380 2591 3444 ko‘zti
2622 3378 2914 3462 bizonyos

1067 3483 1501 3569 ffifflbirtokot
1533 3486 1840 3571 ta'rqyazd
1870 3485 2240 3551 ite'letlevele.
2292 3489 2484 3551 1274.

878 3698 1012 3763 Nos
1063 3697 1143 3764 N.
1178 3696 1394 3765 Judex
1444 3698 1637 3765 Curie
1688 3699 1948 3764 Domini
2000 3699 2201 3782 Regis
2252 3696 2479 3765 Comes
2532 3698 2616 3764 de
2648 3695 2917 3763 Gechke

667 3807 990 3874 vniuersis
1012 3805 1244 3887 quibus
1276 3805 1537 3890 expedit
1570 3806 2015 3889 significamus
2034 3806 2439 3891 presencium
2472 3825 2586 3890 per
2606 3811 2919 3891 tenorem,

660 3915 831 3999 quod
883 3934 1028 3980 cum
1085 3912 1441 3979 Aladarius
1490 3915 1804 3996 Magister
1850 3914 2308 3999 Dapiferorum
2360 3913 2620 3979 domine
2669 3914 2919 3997 Regine

661 4027 887 4089 contra
910 4021 1290 4103 Magistrum
1314 4021 1619 4115 Gyanum
1640 4023 2034 4088 canonicum
2054 4021 2407 4089 Albensem
2440 4028 2506 4086 et
2538 4020 2918 4103 iobagiones

660 4127 946 4195 eiusdem
979 4131 1063 4196 de
1093 4128 1330 4216 Apaty,
1384 4132 1539 4196 item
1570 4132 1741 4198 Pous
1776 4137 1841 4197 et
1871 4131 2207 4198 Olbertum
2248 4130 2330 4197 de
2363 4130 2606 4196 Sancto
2639 4130 2918 4213 Georgio

659 4258 854 4324 super
900 4237 1074 4304 facto
1126 4239 1466 4305 cuiusdam
1516 4247 1685 4306 terre
1719 4240 2019 4323 Magistri
2052 4240 2372 4324 Othmarij
2410 4240 2578 4306 bone
2609 4240 2919 4304 memorie

660 4347 987 4431 quondam
1020 4347 1332 4413 Canonici
1367 4346 1738 4413 Jauriensis
1791 4348 2083 4416 Ecclesie
2106 4401 2122 4433 ‚
2162 4349 2335 4415 inter
2366 4355 2608 4414 terram
2643 4346 2724 4412 de
2757 4348 2920 4414 San-

664 4461 766 4522 cto
801 4453 1083 4537 Georgio
1118 4460 1185 4520 et
1216 4461 1456 4522 terram
1479 4456 1701 4540 Apaty
1732 4455 2112 4541 adiacentis,
2146 4457 2339 4522 metis
2373 4457 2458 4523 ab
2489 4455 2696 4540 ipsius
2728 4457 2920 4523 terris

667 4564 1164 4645 circumquaque
1212 4570 1515 4648 separate
1565 4569 1631 4629 et
1664 4564 2078 4652 circumdate,
2130 4584 2324 4647 quam
2366 4584 2446 4630 ex
2477 4564 2686 4647 Regia
2716 4564 2919 4631 dona·

665 4673 851 4739 eione
902 4671 1029 4738 sibi
1080 4669 1246 4738 idem
1297 4670 1611 4756 Magister
1657 4671 2013 4739 Aladarius
2081 4672 2341 4739 dicebat
2413 4690 2558 4737 esse
2608 4693 2724 4758 pro
2781 4671 2917 4739 suis
