3319 5249
1489 357 1706 461 *557

526 582 785 629 suarum
819 561 982 628 inibi
1017 559 1421 643 ablatarum,
1474 557 1845 626 duxerimus
1906 553 2366 623 absoluendos.
2430 555 2673 622 Datum
2706 554 2774 620 in

520 672 720 736 Kewe
753 670 918 735 feria
951 669 1157 735 tercia
1188 673 1335 752 post
1399 666 1630 733 festum
1695 664 2083 733 Natiuitatis
2133 663 2420 747 Virginis
2454 662 2772 728 Gloriose.

521 884 798 950 (Eredetie
825 880 1173 948 bothartyam
1200 899 1234 932 a
1261 879 1414 933 hatul
1441 882 1547 932 oda
1570 887 1820 947 nyomott
1865 879 2055 946 pecset
2081 895 2314 946 meg-van
2337 898 2350 943 ς
2379 895 2412 929 a
2439 896 2620 931 nemos
2645 875 2777 929 Kal-

1277 971 1368 1035 lay
1396 968 1579 1021 csalad
1610 966 2028 1035 leveltaraban.)

1441 1240 1866 1249 —————--———-

1585 1772 1738 1842 408.

526 1979 564 2041 1
578 1977 643 2041 V.
668 1975 899 2041 Ldszld
931 1974 1280 2059 kircilynak
1301 1994 1641 2059 parancsa
1675 1972 1947 2037 Lorand
1965 1973 2211 2058 erdelyi
2231 1973 2576 2058 vajclcihoz‚
2608 1977 2775 2058 hoqy

532 2084 929 2161 Chetnekvgek
950 2083 1143 2145 hozzci
1162 2082 1467 2146 menekillt
1490 2082 1648 2164 fiait
1693 2082 1756 2145 e's
1791 2082 2088 2147 rokonait
2119 2081 2385 2166 elfogy'a.
2424 2059 2522 2144 E'v
2553 2082 2784 2145 πέΖΙοᾶί.
2904 2117 2916 2129 ·

747 2296 1096 2364 Ladizlaus
1127 2294 1253 2363 Dei
1284 2295 1513 2380 gracia
1544 2296 1684 2361 Rex
1715 2294 2049 2380 Hungarie
2084 2293 2258 2361 fideli
2316 2315 2432 2362 suo
2482 2295 2782 2363 Rorando

536 2404 871 2491 Woyuode
902 2404 1035 2471 filio
1069 2405 1316 2471 Thome
1347 2403 1623 2471 salutem
1658 2409 1724 2469 et
1753 2402 2069 2486 graciam.
2103 2403 2576 2489 Intelleximus),
2608 2402 2782 2487 quod

533 2512 651 2598 filij
705 2511 1000 2578 Chetnek
1051 2518 1116 2578 et
1165 2511 1432 2596 cognati
1481 2510 1855 2596 eorundem,
1906 2510 2018 2594 qui
2069 2511 2450 2595 Magistrum
2503 2514 2788 2593 Petrum,

536 2619 736 2686 filium
770 2619 1041 2688 Comitis
1071 2618 1409 2687 Michaelis
1444 2618 1560 2704 filij
1597 2617 1794 2698 Wbul
1825 2618 2212 2708 occiderunt,
2263 2620 2675 2708 aufugissent
2727 2627 2795 2687 et

536 2733 754 2796 essent
785 2729 959 2813 apud
992 2736 1077 2795 te.
1112 2728 1331 2807 Quare
1363 2728 1756 2814 precipimus
1792 2726 2092 2795 fidelitati
2125 2736 2251 2814 tue,
2272 2737 2595 2813 quatenus
2627 2729 2793 2796 filios

536 2834 828 2902 eiusdem
860 2835 1173 2922 Chetnek,
1211 2842 1275 2902 et
1304 2843 1619 2919 cognatos
1656 2856 1897 2920 eorum,
1957 2834 2127 2920 dicti,
2160 2837 2270 2919 qui
2324 2837 2536 2923 ipsum
2588 2839 2791 2922 Magi-

538 2949 740 3008 strum
773 2944 1035 3010 Petrum
1067 2943 1381 3010 occidisse
1414 2943 1720 3010 dicuntur
1738 2995 1760 3031 ,
1796 2941 1979 3009 abire
2010 2963 2138 3008 non
2171 2944 2532 3033 permittas,
2564 2953 2628 3011 et
2657 2965 2795 3011 eos-

539 3051 686 3118 dem
716 3057 943 3118 teneas
975 3072 1094 3136 pro
1127 3053 1337 3137 nobiS,
1389 3058 1452 3118 et
1482 3070 1814 3134 resen-nes3
1850 3049 2163 3135 volentes,
2196 3050 2371 3133 quod
2419 3053 2628 3119 eidem
2678 3052 2792 3117 Co-

539 3158 681 3224 miti
714 3158 1022 3224 Michaeli
1051 3165 1115 3227 et
1146 3159 1299 3246 filijs
1332 3159 1539 3244 ipsius
1570 3160 1823 3226 nullum
1854 3164 2326 3244 nocumentum,
2359 3179 2475 3226 seu
2506 3158 2794 3242 aliquam

539 3266 853 3334 lesionem
887 3266 1127 3334 inferre
1162 3267 1411 3335 audeas
1443 3269 1550 3335 uel
1581 3284 1944 3353 presumus.
1978 3266 2218 3333 Datum
2250 3266 2318 3332 in
2375 3267 2580 3333 Kewe
2628 3266 2796 3338 feria

540 3375 744 3442 tercia
774 3382 922 3461 post
953 3376 1191 3442 festum
1223 3376 1604 3444 Natiuitatis
1637 3374 1928 3458 Virginis
1963 3375 2283 3442 Gloriose.

548 3590 821 3655 (Eredetie
849 3589 1196 3659 bo'rhartyan,
1224 3608 1257 3642 a
1283 3589 1560 3659 zrirpecset
1586 3593 1880 3654 elveszett3
1914 3608 1949 3643 a
1975 3607 2162 3642 nomes
2191 3589 2368 3658 Kalay
2398 3591 2584 3644 esaiad
2632 3591 2798 3644 level·

1538 3679 1807 3747 taraban.)
