3319 5249
1795 815 1949 885 434.

738 955 798 1024 A
829 961 1135 1025 zalavdri
1184 962 1576 1027 konvemnek
1609 965 1919 1048 jelentdse
1951 964 2077 1029 IV.
2143 967 2378 1033 Ldszld
2425 969 2787 1052 kirdlyhoz,
2825 970 2993 1052 hoqy

926 1075 1340 1152 parancscim
1369 1071 1670 1157 bizonyos
1703 1072 1937 1139 iddze'st
1968 1074 2411 1159 vdqrehajtott.
2445 1053 2546 1138 Ευ
2577 1076 2812 1139 ne'lkt‘tl.

951 1246 1507 1313 Excellentissimo
1540 1248 1801 1316 domino
1835 1269 1952 1314 suo
1985 1250 2055 1315 L.
2091 1250 2212 1316 Dei
2241 1252 2468 1341 gracia
2494 1252 2661 1335 Regi
2694 1251 2985 1335 Vngarie

735 1352 938 1419 frater
998 1353 1238 1438 Symon
1304 1357 1728 1425 miseracione
1793 1359 2038 1426 Diuina
2065 1360 2288 1427 Abbas
2350 1361 2724 1445 Monasterij
2793 1360 2985 1426 Beati

730 1460 999 1526 Adriani
1070 1460 1154 1527 de
1200 1464 1360 1529 Zala
1425 1469 1721 1549 totusque
1776 1463 2141 1533 Conuentus
2204 1465 2496 1532 eiusdem
2562 1469 2685 1533 loci
2739 1468 2986 1533 oracio-

734 1587 851 1632 nes
883 1568 1218 1636 continuas
1281 1571 1533 1639 debitas
1596 1594 1674 1639 ac
1737 1573 2030 1641 denotas.
2093 1573 2397 1661 Receptis
2460 1574 2691 1641 litteris
2753 1574 2992 1640 Vestre

734 1674 1116 1743 Serenitatis
1149 1679 1565 1765 continentes,
1618 1681 1791 1762 quod
1826 1682 2222 1747 mitteremus
2255 1703 2448 1749 vnum
2482 1703 2561 1748 ex
2622 1681 2812 1747 nobis
2846 1700 2989 1746 cum

735 1783 993 1849 homine
1041 1792 1277 1867 uestro,
1329 1788 1437 1868 qui
1486 1788 1712 1855 citaret
1741 1788 1827 1855 ad
1857 1789 2159 1856 Vestram
2190 1792 2611 1857 Presenciam
2664 1788 2984 1858 Jacobum

734 1890 815 1955 de
847 1889 1184 1979 Tolmach,
1210 1893 1490 1978 Gallum,
1515 1894 1792 1961 Cosman
1826 1902 1887 1962 et
1921 1895 2203 1962 Chemen
2255 1898 2418 1963 filios
2451 1897 2760 1982 eiusdem,
2825 1898 2990 1961 Pau·

734 1999 867 2063 lum
916 1998 1117 2064 filium
1149 2001 1398 2088 Manas,
1462 2001 1678 2089 Helya
1709 2011 1775 2071 et
1809 2003 2009 2069 Cham
2062 2006 2227 2071 filios
2278 2006 2561 2090 Hernek,
2621 2002 2989 2089 Propicium

735 2105 816 2169 de
875 2107 1159 2191 Perene,
1225 2108 1520 2195 Thomoy
1576 2118 1638 2176 et
1690 2110 2069 2177 Ladizlaum
2131 2113 2214 2178 de
2264 2111 2600 2198 Thomoy‚
2656 2109 2988 2193 villasque

736 2212 1085 2279 eorundem
1134 2214 1492 2283 Tholmach
1543 2225 1607 2284 et
1656 2220 1902 2285 Perene
1953 2228 2245 2305 uocatas,
2297 2227 2521 2286 contra
2570 2217 2981 2304 Mychaelem

737 2318 939 2385 filium
970 2323 1141 2389 Varo
1190 2323 1277 2388 ad
1327 2325 1666 2392 terminum
1719 2334 2199 2411 competentem.
2233 2325 2419 2405 Quod
2469 2334 2532 2393 et
2581 2326 2871 2407 fecimus,
2924 2335 2992 2389 et

736 2427 1032 2495 homines
1098 2431 1422 2515 predictos
1472 2432 1560 2497 ad
1607 2434 2024 2500 Presenciam
2073 2434 2300 2501 Vestre
2353 2434 2734 2518 Mayestatis
2805 2430 2993 2498 citari

731 2532 1023 2621 fecimus,
1057 2538 1393 2605 terminum
1427 2538 1666 2606 eisdem
1701 2541 2111 2626 assignantes
2146 2541 2538 2626 quindenam
2569 2541 2771 2608 Beate
2822 2539 2988 2604 Mar-

736 2651 977 2727 garete.
1012 2644 1094 2710 Et
1125 2645 1300 2729 quod
1330 2647 1566 2714 Vestra
1597 2648 2017 2715 Excellencia
2050 2650 2239 2716 nobis
2271 2651 2582 2735 precepit,
2615 2655 2687 2714 vt
2717 2648 2797 2713 de
2821 2647 2984 2712 iniu-

736 2749 874 2836 rijs,
912 2771 1075 2837 quas
1106 2751 1397 2822 homines
1430 2755 1785 2841 supradicti
1816 2754 2024 2823 eidem
2057 2756 2384 2844 Mychaeli
2433 2755 2833 2840 intulissent,
2887 2771 2991 2819 ue-

738 2857 997 2925 ritatem
1028 2862 1360 2948 sciremus,
1425 2868 1489 2928 et
1553 2862 1735 2928 uobis
1799 2862 2295 2945 mandaremus;
2359 2862 2579 2928 taliter
2638 2860 2983 2926 ueritatem

735 2963 1043 3032 sciuimus
1077 2987 1192 3050 per
1222 2968 1544 3035 hominem
1575 2975 1902 3033 nostrum:
1937 2967 2111 3051 quod
2134 2967 2422 3033 homines
2446 2987 2641 3052 supra
2662 2964 2982 3033 nominati

735 3094 930 3140 manu
960 3081 1214 3141 armata
1240 3095 1442 3161 supra
1474 3076 1733 3142 domum
1766 3075 2052 3142 eiusdem
2083 3074 2443 3160 Mychaelis
2473 3074 2830 3151 uenientes,
2858 3073 2980 3139 fra·

732 3191 892 3249 trem
942 3182 1227 3251 eiusdem
1257 3185 1663 3251 Dominicum
1715 3184 1974 3250 nomine
2027 3183 2500 3269 interfecerunt,
2552 3183 2769 3266 ipsum
2822 3203 2976 3248 uero

736 3297 802 3355 et
866 3290 1176 3356 Achillem
1214 3291 1478 3359 fratrem
1509 3292 1715 3375 ipsius
1748 3293 2020 3357 alterum
2052 3291 2341 3374 grauiter
2373 3290 2833 3371 uulnerarunt;
2889 3308 2988 3354 ec-

733 3397 1006 3465 clesiam
1038 3400 1239 3483 ipsius
1291 3401 1636 3484 fregerunt,
1662 3400 2028 3467 auferentes
2051 3398 2201 3464 inde
2253 3396 2557 3481 quicquid
2603 3397 2846 3463 ibidem
2880 3415 2985 3460 re-

730 3515 1067 3591 pererunt3
1104 3514 1344 3591 patrem
1378 3509 1587 3592 ipsius
1618 3506 1942 3590 captiuari
1973 3505 2263 3573 fecerunt
2292 3506 2588 3589 Thomoy
2629 3512 2693 3570 et
2739 3503 2970 3570 Ladiz-

732 3613 895 3697 laus,
932 3613 1317 3697 fratremque
1348 3613 1657 3699 eiusdem,
1717 3633 1877 3698 quos
1929 3612 2235 3699 redemit3
2285 3611 2724 3680 molendinum
2774 3609 2985 3694 ipsius

734 3718 1227 3805 destruxerunt5
1262 3723 1495 3789 siluam
1561 3729 1624 3789 et
1685 3722 1884 3788 fenile
1944 3723 2153 3807 ipsius
2182 3707 2188 3712 ⁹
2216 3728 2474 3802 tenent;
2538 3723 2744 3783 metas
2809 3723 2983 3783 terre

734 3829 1021 3896 eiusdem
1056 3832 1124 3896 in
1157 3830 1403 3899 duobus
1434 3832 1599 3899 locis
1631 3831 2147 3898 drestrucserunt
2189 3828 2386 3917 (igy),
2443 3835 2709 3894 mortem
2762 3825 2977 3893 eidem

733 3956 774 4001 a
807 3937 1077 4004 meridie
1112 3938 1454 4027 minantes,
1492 3937 1951 4006 interficientes
1983 3939 2248 4024 insuper
2278 3937 2607 4021 quendam
2629 3938 2981 4017 cognatum

734 4044 1020 4112 eiusdem
1056 4048 1312 4114 nomine
1340 4048 1710 4114 Johannem
1740 4046 1940 4113 filium
1973 4045 2246 4112 Heches.
2284 4046 2524 4111 Datum
2557 4040 2840 4109 secundo
2864 4038 2968 4104 die

732 4160 881 4236 post
911 4151 1145 4221 festum
1177 4155 1377 4221 Beate
1411 4156 1800 4238 Margarete.

946 4262 1048 4328 Ki
1077 4264 1219 4330 vul
1241 4287 1257 4330 :
1279 4261 1847 4330 Excellentissimo
1879 4258 2137 4328 domino
2157 4261 2231 4326 L.
2254 4257 2378 4326 Dei
2408 4256 2653 4344 gracia.
2684 4293 2748 4304 —
2785 4292 2862 4304 -
2896 4292 2972 4302 —

736 4425 754 4489 (
778 4423 1030 4477 Erodetie
1057 4422 1404 4491 b6rhartyan,
1433 4440 1467 4477 a
1492 4420 1775 4491 zarpecset
1801 4423 2071 4485 elnonem
2098 4438 2133 4475 a
2161 4422 2325 4475 budai
2370 4423 2473 4474 kir.
2524 4421 2769 4473 kamarai
2809 4417 2980 4470 level-

1729 4509 1967 4575 tarban.)
