3319 5249
1365 378 1499 447 263
1580 324 1585 329 A

1353 929 1504 998 182.

303 1128 361 1193 A
398 1131 657 1193 vasvdm'
684 1128 1120 1215 kdptalannak
1151 1128 1675 1216 bizonysdqlevele
1694 1181 1714 1211 ,
1760 1132 1927 1217 hoqy
1976 1133 2155 1200 Jaak
2185 1136 2556 1220 nemzetse‘y·

302 1237 426 1300 beli
459 1233 713 1322 Chepan
742 1235 1025 1317 Jaakon,
1059 1237 1569 1324 Dobropatakon
1602 1241 1665 1303 e's
1699 1238 1894 1305 Sike'n
1909 1239 2111 1327 fekv6
2140 1241 2565 1307 birtokrdszeit

304 1345 587 1423 Mcirton,
623 1342 882 1407 Artuna.
901 1344 1006 1425 fia
1036 1345 1381 1429 meqb'lete'se
1397 1343 1648 1430 feje'ben
1700 1348 2075 1432 &zveqye'nek
2124 1347 2471 1414 Horisnak
2502 1352 2565 1415 6³

805 1452 1042 1533 fidmk
1071 1450 1408 1517 Jdnosnak
1438 1451 1775 1537 citenqedte.
1846 1453 2038 1520 1279.

772 1636 829 1693 A
1200 1630 1254 1693 Β
1623 1630 1673 1695 C
2044 1632 2103 1695 D

516 1791 654 1858 Nos
718 1791 1087 1876 Capitulum
1151 1790 1444 1858 Ecclesie
1508 1791 1730 1857 Sancti
1783 1792 2123 1859 Michaelis
2186 1795 2267 1860 (le
2332 1793 2561 1862 Castro

304 1898 545 1965 Feri-eo
576 1905 797 1965 notum
833 1897 1103 1964 facimus
1137 1905 1360 1964 tenore
1391 1898 1788 1984 presencium
1825 1898 2164 1985 uniuersis,
2206 1888 2375 1985 quod
2408 1901 2561 1968 Che·

303 2023 516 2089 panus
550 2005 724 2072 filins
755 2007 969 2072 Pousa
1021 2004 1101 2070 de
1152 2024 1387 2088 genere
1439 2005 1612 2073 Jaak
1666 2025 1878 2071 coram
1925 2005 2111 2073 nobis
2152 2007 2558 2091 constitutae,

304 2131 527 2179 omnes
579 2112 918 2196 porciones
971 2133 1163 2197 suas,
1215 2132 1377 2195 quas
1429 2112 1713 2178 habebat
1762 2112 1828 2177 in
1870 2114 2045 2180 Jaak
2077 2114 2261 2181 iuxta
2293 2116 2561 2200 Rabam‚

305 2228 369 2287 et
400 2221 467 2286 in
498 2219 887 2305 Dobrpatak
938 2240 1079 2285 cum
1132 2219 1519 2286 molendinis
1554 2218 1746 2287 simul
1780 2241 1923 2287 cum
1957 2221 2074 2287 illa
2107 2227 2315 2308 terra,
2366 2242 2561 2306 quam

303 2327 533 2394 habuit
594 2329 661 2392 in
726 2327 1031 2410 porcione
1081 2326 1272 2411 Sike,
1348 2328 1577 2395 statuit
1627 2327 1913 2393 Johanni
1963 2327 2097 2394 filio
2146 2328 2409 2395 Martini
2441 2329 2557 2413 filij

302 2438 578 2521 Artuna,
633 2442 699 2500 et
749 2434 1006 2505 domine
1056 2434 1266 2502 Floris
1302 2434 1526 2502 relicte
1560 2432 1846 2502 eiusdem
1882 2433 2185 2521 Martini,
2235 2433 2562 2521 Stephano

303 2552 366 2610 et
397 2546 643 2612 Jacobo
676 2541 989 2608 fratribus
1021 2544 1230 2629 ipsius
1262 2541 1603 2631 Johannis,
1649 2564 1767 2628 pro
1801 2544 2031 2627 quibus
2064 2543 2395 2612 Johannes
2416 2563 2559 2609 enm

303 2652 567 2718 domina
616 2659 822 2719 matre
870 2671 989 2718 sua
1039 2654 1460 2736 comparebat
1513 2672 1630 2736 pro
1667 2659 1870 2718 morte
1900 2651 2243 2736 prescripti
2276 2652 2563 2738 Martini,

300 2759 446 2824 iure
493 2766 810 2843 perpetuo
862 2756 1132 2844 pacifice
1195 2765 1258 2824 et
1319 2756 1538 2841 quiete
1585 2758 2094 2826 irreuocabiliter
2131 2758 2560 2844 possidendas

305 2866 608 2931 heredum
641 2865 709 2932 in
744 2865 1032 2933 heredes.
1070 2868 1153 2931 Vt
1188 2867 1386 2951 igitur
1420 2865 1539 2931 hoc
1571 2871 1781 2930 ratum
1803 2865 1888 2931 sit
1911 2873 1974 2934 et
1992 2864 2260 2952 firmum,
2292 2887 2560 2954 presens

302 2973 612 3059 scriptum
665 2973 1056 3040 contulimus
1106 2980 1328 3040 nostro
1369 2972 1588 3056 sigillo
1620 2973 2094 3041 communitum.
2141 2975 2563 3059 Prepositnra

302 3091 619 3166 uacante,
683 3082 990 3165 Magistro
1042 3084 1258 3164 Eguse
1297 3082 1606 3164 Cantore,
1654 3081 1921 3147 Andrea
1961 3083 2280 3170 Custode,
2328 3084 2562 3150 Cosma

301 3191 571 3257 Decano
605 3189 898 3257 Ecclesie
935 3195 1154 3257 nostre
1187 3189 1636 3256 existentibus,
1684 3172 1872 3256 Aimo
1923 3189 2180 3256 Domini
2215 3189 2560 3257 millesimo

303 3294 748 3365 ducentesimo
780 3297 992 3365 LXX⁰
1027 3317 1219 3364 nono.

303 3476 582 3540 (Exedetie
605 3474 937 3543 borhartyau
961 3516 974 3539 ‚
1014 3474 1241 3543 melyrol
1281 3479 1630 3554 1361·zsincgen
1682 3492 1717 3527 a
1766 3476 2032 3544 kaptalan
2059 3475 2297 3545 peesetje
2323 3480 2477 3546 fiigg,
2528 3496 2561 3529 a

942 3583 1116 3618 nemz.
1142 3582 1389 3619 muzeum
1417 3562 1928 3632 kezirat-tarfiban.)
