<?xml version="1.0" encoding="UTF-8"?>
<!DOCTYPE html PUBLIC "-//W3C//DTD XHTML 1.0 Transitional//EN"
    "http://www.w3.org/TR/xhtml1/DTD/xhtml1-transitional.dtd">
<html xmlns="http://www.w3.org/1999/xhtml" xml:lang="en" lang="en">
 <head>
  <title>
</title>
<meta http-equiv="Content-Type" content="text/html;charset=utf-8" />
  <meta name='ocr-system' content='tesseract 3.04.00' />
  <meta name='ocr-capabilities' content='ocr_page ocr_carea ocr_par ocr_line ocrx_word'/>
</head>
<body>
  <div class='ocr_page' id='page_1' title='image "./rpdkorijokmnytr00wenzgoog_0211.png"; bbox 0 0 3319 5249; ppageno 0'>
   <div class='ocr_carea' id='block_1_1' title="bbox 1242 356 1475 459">
    <p class='ocr_par' dir='ltr' id='par_1_1' title="bbox 1242 356 1475 459">
     <span class='ocr_line' id='line_1_1' title="bbox 1242 356 1475 459; baseline -0.013 -32"><span class='ocrx_word' id='word_1_1' title='bbox 1242 356 1475 459; x_wconf 61' lang='lat'>—-157</span> 
     </span>
    </p>
   </div>
   <div class='ocr_carea' id='block_1_2' title="bbox 1342 451 1559 460">
    <p class='ocr_par' dir='ltr' id='par_1_2' title="bbox 1342 451 1559 460">
     <span class='ocr_line' id='line_1_2' title="bbox 1342 451 1559 460; baseline 0 4789"><span class='ocrx_word' id='word_1_2' title='bbox 1342 451 1559 460; x_wconf 95' lang='lat' dir='ltr'> </span> 
     </span>
    </p>
   </div>
   <div class='ocr_carea' id='block_1_3' title="bbox 244 550 2538 2588">
    <p class='ocr_par' dir='ltr' id='par_1_3' title="bbox 244 550 2538 2588">
     <span class='ocr_line' id='line_1_3' title="bbox 266 550 2534 649; baseline 0.003 -29"><span class='ocrx_word' id='word_1_3' title='bbox 266 550 614 621; x_wconf 86' lang='lat' dir='ltr'>uoluntate</span> <span class='ocrx_word' id='word_1_4' title='bbox 662 552 932 641; x_wconf 79' lang='lat' dir='ltr'>predicti</span> <span class='ocrx_word' id='word_1_5' title='bbox 999 554 1267 623; x_wconf 84' lang='lat' dir='ltr'>Comitis</span> <span class='ocrx_word' id='word_1_6' title='bbox 1320 556 1633 642; x_wconf 85' lang='lat' dir='ltr'>Demetrij</span> <span class='ocrx_word' id='word_1_7' title='bbox 1691 557 1915 625; x_wconf 82' lang='lat' dir='ltr'>fratris</span> <span class='ocrx_word' id='word_1_8' title='bbox 1966 559 2083 640; x_wconf 88' lang='lat' dir='ltr'>sui,</span> <span class='ocrx_word' id='word_1_9' title='bbox 2130 566 2205 626; x_wconf 88' lang='lat' dir='ltr'>ut</span> <span class='ocrx_word' id='word_1_10' title='bbox 2253 558 2534 649; x_wconf 83' lang='lat' dir='ltr'>dicebat,</span> 
     </span>
     <span class='ocr_line' id='line_1_4' title="bbox 266 662 2538 749; baseline 0.004 -22"><span class='ocrx_word' id='word_1_11' title='bbox 266 662 443 729; x_wconf 85' lang='lat' dir='ltr'>dicto</span> <span class='ocrx_word' id='word_1_12' title='bbox 474 662 673 730; x_wconf 84' lang='lat' dir='ltr'>etiam</span> <span class='ocrx_word' id='word_1_13' title='bbox 728 664 1057 733; x_wconf 79' lang='lat' dir='ltr'><strong>Demetrio</strong></span> <span class='ocrx_word' id='word_1_14' title='bbox 1121 664 1255 732; x_wconf 89' lang='lat' dir='ltr'>filio</span> <span class='ocrx_word' id='word_1_15' title='bbox 1310 683 1429 731; x_wconf 93' lang='lat' dir='ltr'>suo</span> <span class='ocrx_word' id='word_1_16' title='bbox 1450 666 1914 749; x_wconf 74' lang='lat' dir='ltr'>,personaliter</span> <span class='ocrx_word' id='word_1_17' title='bbox 1963 667 2412 737; x_wconf 80' lang='lat' dir='ltr'>consenciente</span> <span class='ocrx_word' id='word_1_18' title='bbox 2473 675 2538 737; x_wconf 93' lang='lat' dir='ltr'>et</span> 
     </span>
     <span class='ocr_line' id='line_1_5' title="bbox 264 770 2536 855; baseline 0.002 -18"><span class='ocrx_word' id='word_1_19' title='bbox 264 771 701 855; x_wconf 84' lang='lat' dir='ltr'>permittente,</span> <span class='ocrx_word' id='word_1_20' title='bbox 743 770 914 838; x_wconf 86' lang='lat' dir='ltr'>duas</span> <span class='ocrx_word' id='word_1_21' title='bbox 946 778 1156 839; x_wconf 81' lang='lat' dir='ltr'>terras</span> <span class='ocrx_word' id='word_1_22' title='bbox 1195 790 1351 839; x_wconf 83' lang='lat' dir='ltr'>suas</span> <span class='ocrx_word' id='word_1_23' title='bbox 1399 772 1583 839; x_wconf 77' lang='lat' dir='ltr'>Zada</span> <span class='ocrx_word' id='word_1_24' title='bbox 1616 779 1684 839; x_wconf 96' lang='lat' dir='ltr'>et</span> <span class='ocrx_word' id='word_1_25' title='bbox 1711 772 1971 842; x_wconf 81' lang='lat' dir='ltr'>Tarcha</span> <span class='ocrx_word' id='word_1_26' title='bbox 2019 781 2287 847; x_wconf 81' lang='lat' dir='ltr'>uocatas</span> <span class='ocrx_word' id='word_1_27' title='bbox 2319 777 2385 841; x_wconf 90' lang='lat' dir='ltr'>in</span> <span class='ocrx_word' id='word_1_28' title='bbox 2422 776 2536 842; x_wconf 89' lang='lat' dir='ltr'>Co-</span> 
     </span>
     <span class='ocr_line' id='line_1_6' title="bbox 268 879 2532 951; baseline 0.003 -7"><span class='ocrx_word' id='word_1_29' title='bbox 268 880 501 946; x_wconf 82' lang='lat' dir='ltr'>mitatu</span> <span class='ocrx_word' id='word_1_30' title='bbox 536 880 619 947; x_wconf 91' lang='lat' dir='ltr'>de</span> <span class='ocrx_word' id='word_1_31' title='bbox 650 880 916 947; x_wconf 90' lang='lat' dir='ltr'>Zemlen</span> <span class='ocrx_word' id='word_1_32' title='bbox 950 879 1133 947; x_wconf 84' lang='lat' dir='ltr'>iuxta</span> <span class='ocrx_word' id='word_1_33' title='bbox 1166 879 1430 949; x_wconf 88' lang='lat' dir='ltr'>fluuium</span> <span class='ocrx_word' id='word_1_34' title='bbox 1483 879 1755 948; x_wconf 82' lang='lat' dir='ltr'>Taktha</span> <span class='ocrx_word' id='word_1_35' title='bbox 1804 882 2203 949; x_wconf 87' lang='lat' dir='ltr'>nominatum</span> <span class='ocrx_word' id='word_1_36' title='bbox 2257 882 2532 951; x_wconf 85' lang='lat' dir='ltr'>existen-</span> 
     </span>
     <span class='ocr_line' id='line_1_7' title="bbox 264 988 2534 1076; baseline 0.003 -25"><span class='ocrx_word' id='word_1_37' title='bbox 264 994 386 1071; x_wconf 86' lang='lat' dir='ltr'>tes,</span> <span class='ocrx_word' id='word_1_38' title='bbox 440 995 505 1052; x_wconf 88' lang='lat' dir='ltr'>et</span> <span class='ocrx_word' id='word_1_39' title='bbox 546 989 672 1054; x_wconf 88' lang='lat' dir='ltr'>sibi</span> <span class='ocrx_word' id='word_1_40' title='bbox 735 988 1084 1058; x_wconf 83' lang='lat' dir='ltr'>inmediate</span> <span class='ocrx_word' id='word_1_41' title='bbox 1149 989 1567 1075; x_wconf 85' lang='lat' dir='ltr'>adiacentes,</span> <span class='ocrx_word' id='word_1_42' title='bbox 1632 1010 1776 1056; x_wconf 90' lang='lat' dir='ltr'>cum</span> <span class='ocrx_word' id='word_1_43' title='bbox 1835 992 2007 1057; x_wconf 90' lang='lat' dir='ltr'>omni</span> <span class='ocrx_word' id='word_1_44' title='bbox 2043 991 2435 1076; x_wconf 79' lang='lat' dir='ltr'>integritate,</span> <span class='ocrx_word' id='word_1_45' title='bbox 2469 999 2534 1058; x_wconf 89' lang='lat' dir='ltr'>et</span> 
     </span>
     <span class='ocr_line' id='line_1_8' title="bbox 263 1094 2533 1185; baseline 0.002 -25"><span class='ocrx_word' id='word_1_46' title='bbox 263 1094 663 1163; x_wconf 81' lang='lat' dir='ltr'>utilitatibus</span> <span class='ocrx_word' id='word_1_47' title='bbox 696 1117 776 1163; x_wconf 85' lang='lat' dir='ltr'>ac</span> <span class='ocrx_word' id='word_1_48' title='bbox 806 1098 1228 1183; x_wconf 78' lang='lat' dir='ltr'>pertinenciis</span> <span class='ocrx_word' id='word_1_49' title='bbox 1262 1098 1416 1181; x_wconf 87' lang='lat' dir='ltr'>suis,</span> <span class='ocrx_word' id='word_1_50' title='bbox 1464 1097 1631 1163; x_wconf 90' lang='lat' dir='ltr'>sicut</span> <span class='ocrx_word' id='word_1_51' title='bbox 1664 1095 1807 1185; x_wconf 90' lang='lat' dir='ltr'>ipse</span> <span class='ocrx_word' id='word_1_52' title='bbox 1829 1105 1891 1165; x_wconf 89' lang='lat' dir='ltr'>ct</span> <span class='ocrx_word' id='word_1_53' title='bbox 1911 1097 2148 1165; x_wconf 84' lang='lat' dir='ltr'>Comes·</span> <span class='ocrx_word' id='word_1_54' title='bbox 2162 1097 2533 1166; x_wconf 87' lang='lat' dir='ltr'>Demetrius</span> 
     </span>
     <span class='ocr_line' id='line_1_9' title="bbox 264 1200 2530 1292; baseline 0.001 -26"><span class='ocrx_word' id='word_1_55' title='bbox 264 1200 468 1271; x_wconf 84' lang='lat' dir='ltr'>frater</span> <span class='ocrx_word' id='word_1_56' title='bbox 499 1224 659 1271; x_wconf 87' lang='lat' dir='ltr'>suus</span> <span class='ocrx_word' id='word_1_57' title='bbox 693 1202 956 1272; x_wconf 81' lang='lat' dir='ltr'>easdem</span> <span class='ocrx_word' id='word_1_58' title='bbox 986 1205 1389 1291; x_wconf 84' lang='lat' dir='ltr'>possidebat,</span> <span class='ocrx_word' id='word_1_59' title='bbox 1433 1204 1905 1292; x_wconf 85' lang='lat' dir='ltr'>prenominatis</span> <span class='ocrx_word' id='word_1_60' title='bbox 1939 1206 2149 1271; x_wconf 88' lang='lat' dir='ltr'>Escen</span> <span class='ocrx_word' id='word_1_61' title='bbox 2172 1255 2188 1288; x_wconf 91' lang='lat'>,</span> <span class='ocrx_word' id='word_1_62' title='bbox 2236 1204 2530 1291; x_wconf 85' lang='lat' dir='ltr'>Lukach,</span> 
     </span>
     <span class='ocr_line' id='line_1_10' title="bbox 262 1311 2530 1400; baseline 0 -21"><span class='ocrx_word' id='word_1_63' title='bbox 262 1311 574 1398; x_wconf 80' lang='lat' dir='ltr'>Johanni,</span> <span class='ocrx_word' id='word_1_64' title='bbox 622 1313 925 1379; x_wconf 83' lang='lat' dir='ltr'>Michaeli</span> <span class='ocrx_word' id='word_1_65' title='bbox 958 1322 1021 1380; x_wconf 94' lang='lat' dir='ltr'>et</span> <span class='ocrx_word' id='word_1_66' title='bbox 1052 1332 1272 1380; x_wconf 89' lang='lat' dir='ltr'>eorum</span> <span class='ocrx_word' id='word_1_67' title='bbox 1324 1312 1692 1397; x_wconf 85' lang='lat' dir='ltr'>heredibus,</span> <span class='ocrx_word' id='word_1_68' title='bbox 1746 1335 1865 1400; x_wconf 86' lang='lat' dir='ltr'>pro</span> <span class='ocrx_word' id='word_1_69' title='bbox 1899 1313 2366 1398; x_wconf 88' lang='lat' dir='ltr'>multiplicibus</span> <span class='ocrx_word' id='word_1_70' title='bbox 2400 1332 2530 1380; x_wconf 89' lang='lat' dir='ltr'>ser-</span> 
     </span>
     <span class='ocr_line' id='line_1_11' title="bbox 263 1419 2531 1510; baseline 0.002 -26"><span class='ocrx_word' id='word_1_71' title='bbox 263 1419 457 1505; x_wconf 89' lang='lat' dir='ltr'>uicijs</span> <span class='ocrx_word' id='word_1_72' title='bbox 489 1420 801 1506; x_wconf 86' lang='lat' dir='ltr'>ipsorum,</span> <span class='ocrx_word' id='word_1_73' title='bbox 860 1442 986 1505; x_wconf 90' lang='lat' dir='ltr'>que</span> <span class='ocrx_word' id='word_1_74' title='bbox 1020 1422 1168 1510; x_wconf 89' lang='lat' dir='ltr'>sibi,</span> <span class='ocrx_word' id='word_1_75' title='bbox 1235 1429 1304 1490; x_wconf 90' lang='lat' dir='ltr'>ut</span> <span class='ocrx_word' id='word_1_76' title='bbox 1334 1421 1611 1508; x_wconf 82' lang='lat' dir='ltr'>dicebat,</span> <span class='ocrx_word' id='word_1_77' title='bbox 1676 1443 1717 1489; x_wconf 87' lang='lat' dir='ltr'>a</span> <span class='ocrx_word' id='word_1_78' title='bbox 1767 1423 1998 1507; x_wconf 82' lang='lat' dir='ltr'>puerili</span> <span class='ocrx_word' id='word_1_79' title='bbox 2040 1431 2211 1491; x_wconf 79' lang='lat' dir='ltr'>etate</span> <span class='ocrx_word' id='word_1_80' title='bbox 2243 1423 2531 1510; x_wconf 84' lang='lat' dir='ltr'>ipsorum</span> 
     </span>
     <span class='ocr_line' id='line_1_12' title="bbox 262 1527 2528 1616; baseline 0.001 -22"><span class='ocrx_word' id='word_1_81' title='bbox 262 1527 550 1596; x_wconf 88' lang='lat' dir='ltr'>fideliter</span> <span class='ocrx_word' id='word_1_82' title='bbox 580 1530 1030 1612; x_wconf 79' lang='lat' dir='ltr'>exhibuerunt,</span> <span class='ocrx_word' id='word_1_83' title='bbox 1077 1532 1366 1613; x_wconf 87' lang='lat' dir='ltr'>contulit,</span> <span class='ocrx_word' id='word_1_84' title='bbox 1409 1532 1638 1598; x_wconf 79' lang='lat' dir='ltr'>statuit</span> <span class='ocrx_word' id='word_1_85' title='bbox 1700 1538 1765 1597; x_wconf 92' lang='lat' dir='ltr'>et</span> <span class='ocrx_word' id='word_1_86' title='bbox 1815 1531 2183 1616; x_wconf 84' lang='lat' dir='ltr'>assignauit</span> <span class='ocrx_word' id='word_1_87' title='bbox 2214 1538 2528 1616; x_wconf 84' lang='lat' dir='ltr'>perpetuo</span> 
     </span>
     <span class='ocr_line' id='line_1_13' title="bbox 264 1637 2527 1725; baseline 0.001 -23"><span class='ocrx_word' id='word_1_88' title='bbox 264 1643 326 1703; x_wconf 88' lang='lat' dir='ltr'>et</span> <span class='ocrx_word' id='word_1_89' title='bbox 360 1637 894 1707; x_wconf 80' lang='lat' dir='ltr'>inreuocabiliter</span> <span class='ocrx_word' id='word_1_90' title='bbox 931 1639 1394 1725; x_wconf 81' lang='lat' dir='ltr'>possidendas3</span> <span class='ocrx_word' id='word_1_91' title='bbox 1442 1646 1671 1724; x_wconf 84' lang='lat' dir='ltr'>petens</span> <span class='ocrx_word' id='word_1_92' title='bbox 1724 1658 1865 1704; x_wconf 88' lang='lat' dir='ltr'>eum</span> <span class='ocrx_word' id='word_1_93' title='bbox 1918 1638 2278 1724; x_wconf 85' lang='lat' dir='ltr'>instancia,</span> <span class='ocrx_word' id='word_1_94' title='bbox 2330 1637 2527 1705; x_wconf 82' lang='lat' dir='ltr'>dona·</span> 
     </span>
     <span class='ocr_line' id='line_1_14' title="bbox 264 1746 2529 1815; baseline -0.001 -2"><span class='ocrx_word' id='word_1_95' title='bbox 264 1747 517 1814; x_wconf 90' lang='lat' dir='ltr'>cionem</span> <span class='ocrx_word' id='word_1_96' title='bbox 554 1747 872 1814; x_wconf 82' lang='lat' dir='ltr'>dictarum</span> <span class='ocrx_word' id='word_1_97' title='bbox 927 1755 1243 1815; x_wconf 84' lang='lat' dir='ltr'>terrarum</span> <span class='ocrx_word' id='word_1_98' title='bbox 1301 1746 1690 1815; x_wconf 82' lang='lat' dir='ltr'>auctoritate</span> <span class='ocrx_word' id='word_1_99' title='bbox 1742 1755 2111 1815; x_wconf 81' lang='lat' dir='ltr'>nostrarum</span> <span class='ocrx_word' id='word_1_100' title='bbox 2160 1747 2529 1814; x_wconf 85' lang='lat' dir='ltr'>litterarum</span> 
     </span>
     <span class='ocr_line' id='line_1_15' title="bbox 265 1855 2527 1942; baseline 0.002 -23"><span class='ocrx_word' id='word_1_101' title='bbox 265 1856 665 1922; x_wconf 87' lang='lat' dir='ltr'>communiri.</span> <span class='ocrx_word' id='word_1_102' title='bbox 701 1857 837 1924; x_wconf 86' lang='lat' dir='ltr'>Nos</span> <span class='ocrx_word' id='word_1_103' title='bbox 870 1865 1085 1925; x_wconf 85' lang='lat' dir='ltr'>autem</span> <span class='ocrx_word' id='word_1_104' title='bbox 1121 1855 1207 1924; x_wconf 81' lang='lat' dir='ltr'>ad</span> <span class='ocrx_word' id='word_1_105' title='bbox 1240 1858 1633 1942; x_wconf 84' lang='lat' dir='ltr'>peticionem</span> <span class='ocrx_word' id='word_1_106' title='bbox 1669 1856 1954 1924; x_wconf 89' lang='lat' dir='ltr'>eiusdem</span> <span class='ocrx_word' id='word_1_107' title='bbox 1989 1857 2262 1924; x_wconf 86' lang='lat' dir='ltr'>Comitis</span> <span class='ocrx_word' id='word_1_108' title='bbox 2291 1857 2527 1924; x_wconf 84' lang='lat' dir='ltr'>Micha-</span> 
     </span>
     <span class='ocr_line' id='line_1_16' title="bbox 266 1963 2526 2050; baseline 0 -20"><span class='ocrx_word' id='word_1_109' title='bbox 266 1963 387 2030; x_wconf 87' lang='lat' dir='ltr'>elis</span> <span class='ocrx_word' id='word_1_110' title='bbox 438 1970 778 2048; x_wconf 87' lang='lat' dir='ltr'>presentes</span> <span class='ocrx_word' id='word_1_111' title='bbox 839 1965 1340 2050; x_wconf 84' lang='lat' dir='ltr'>litterasdictis</span> <span class='ocrx_word' id='word_1_112' title='bbox 1409 1966 1846 2033; x_wconf 86' lang='lat' dir='ltr'>seruientibus</span> <span class='ocrx_word' id='word_1_113' title='bbox 1896 1964 2032 2033; x_wconf 90' lang='lat' dir='ltr'>suis</span> <span class='ocrx_word' id='word_1_114' title='bbox 2088 1967 2526 2032; x_wconf 89' lang='lat' dir='ltr'>concessimus</span> 
     </span>
     <span class='ocr_line' id='line_1_17' title="bbox 265 2072 2529 2158; baseline 0.001 -21"><span class='ocrx_word' id='word_1_115' title='bbox 265 2072 471 2154; x_wconf 88' lang='lat' dir='ltr'>sigilli</span> <span class='ocrx_word' id='word_1_116' title='bbox 503 2073 709 2138; x_wconf 86' lang='lat' dir='ltr'>nostri</span> <span class='ocrx_word' id='word_1_117' title='bbox 741 2072 1091 2139; x_wconf 89' lang='lat' dir='ltr'>munimine</span> <span class='ocrx_word' id='word_1_118' title='bbox 1128 2075 1487 2142; x_wconf 84' lang='lat' dir='ltr'>roboratas.</span> <span class='ocrx_word' id='word_1_119' title='bbox 1537 2075 1779 2141; x_wconf 86' lang='lat' dir='ltr'>Datum</span> <span class='ocrx_word' id='word_1_120' title='bbox 1820 2093 1935 2158; x_wconf 89' lang='lat' dir='ltr'>per</span> <span class='ocrx_word' id='word_1_121' title='bbox 1967 2093 2200 2139; x_wconf 88' lang='lat' dir='ltr'>manus</span> <span class='ocrx_word' id='word_1_122' title='bbox 2231 2074 2529 2156; x_wconf 82' lang='lat' dir='ltr'>Magistri</span> 
     </span>
     <span class='ocr_line' id='line_1_18' title="bbox 267 2178 2526 2269; baseline 0 -24"><span class='ocrx_word' id='word_1_123' title='bbox 267 2178 604 2262; x_wconf 85' lang='lat' dir='ltr'>Ambrosij</span> <span class='ocrx_word' id='word_1_124' title='bbox 628 2180 972 2247; x_wconf 82' lang='lat' dir='ltr'>Scolastici</span> <span class='ocrx_word' id='word_1_125' title='bbox 990 2181 1335 2269; x_wconf 90' lang='lat' dir='ltr'>Budensis,</span> <span class='ocrx_word' id='word_1_126' title='bbox 1370 2201 1542 2247; x_wconf 85' lang='lat' dir='ltr'>anno</span> <span class='ocrx_word' id='word_1_127' title='bbox 1562 2181 1828 2248; x_wconf 90' lang='lat' dir='ltr'>Domini</span> <span class='ocrx_word' id='word_1_128' title='bbox 1861 2181 2300 2248; x_wconf 84' lang='lat' dir='ltr'>M⁰CC⁰LXX⁰</span> <span class='ocrx_word' id='word_1_129' title='bbox 2325 2188 2526 2249; x_wconf 83' lang='lat' dir='ltr'>sexto.</span> 
     </span>
     <span class='ocr_line' id='line_1_19' title="bbox 264 2286 2528 2375; baseline 0.003 -25"><span class='ocrx_word' id='word_1_130' title='bbox 264 2286 587 2371; x_wconf 80' lang='lat' dir='ltr'>Magistro</span> <span class='ocrx_word' id='word_1_131' title='bbox 646 2287 947 2356; x_wconf 79' lang='lat' dir='ltr'>Johanne</span> <span class='ocrx_word' id='word_1_132' title='bbox 1011 2290 1311 2375; x_wconf 81' lang='lat' dir='ltr'>Cantore,</span> <span class='ocrx_word' id='word_1_133' title='bbox 1375 2290 1571 2357; x_wconf 87' lang='lat' dir='ltr'>Petro</span> <span class='ocrx_word' id='word_1_134' title='bbox 1634 2288 1940 2373; x_wconf 87' lang='lat' dir='ltr'>Custode,</span> <span class='ocrx_word' id='word_1_135' title='bbox 2008 2287 2181 2375; x_wconf 85' lang='lat' dir='ltr'>Elya</span> <span class='ocrx_word' id='word_1_136' title='bbox 2241 2289 2528 2375; x_wconf 81' lang='lat' dir='ltr'>Decano,</span> 
     </span>
     <span class='ocr_line' id='line_1_20' title="bbox 244 2374 2528 2485; baseline 0.002 -24"><span class='ocrx_word' id='word_1_137' title='bbox 244 2374 465 2462; x_wconf 78' lang='lat' dir='ltr'>&#39;Scela</span> <span class='ocrx_word' id='word_1_138' title='bbox 494 2398 887 2483; x_wconf 77' lang='lat' dir='ltr'>Sacerdote5</span> <span class='ocrx_word' id='word_1_139' title='bbox 919 2397 1270 2485; x_wconf 82' lang='lat' dir='ltr'>Damiano,</span> <span class='ocrx_word' id='word_1_140' title='bbox 1300 2398 1472 2482; x_wconf 84' lang='lat' dir='ltr'>Elya</span> <span class='ocrx_word' id='word_1_141' title='bbox 1504 2403 1567 2463; x_wconf 90' lang='lat' dir='ltr'>et</span> <span class='ocrx_word' id='word_1_142' title='bbox 1601 2395 1937 2482; x_wconf 82' lang='lat' dir='ltr'>Stephano</span> <span class='ocrx_word' id='word_1_143' title='bbox 1967 2396 2326 2485; x_wconf 82' lang='lat' dir='ltr'>Magistris,</span> <span class='ocrx_word' id='word_1_144' title='bbox 2361 2405 2528 2465; x_wconf 91' lang='lat' dir='ltr'>cete·</span> 
     </span>
     <span class='ocr_line' id='line_1_21' title="bbox 264 2503 1339 2588; baseline 0.002 -19"><span class='ocrx_word' id='word_1_145' title='bbox 264 2505 481 2588; x_wconf 88' lang='lat' dir='ltr'>risque</span> <span class='ocrx_word' id='word_1_146' title='bbox 515 2503 863 2572; x_wconf 75' lang='lat' dir='ltr'>canonicis</span> <span class='ocrx_word' id='word_1_147' title='bbox 898 2504 1339 2575; x_wconf 81' lang='lat' dir='ltr'>existentibus.</span> 
     </span>
    </p>
   </div>
   <div class='ocr_carea' id='block_1_4' title="bbox 263 2683 2527 2845">
    <p class='ocr_par' dir='ltr' id='par_1_4' title="bbox 263 2683 2527 2845">
     <span class='ocr_line' id='line_1_22' title="bbox 263 2683 2527 2754; baseline 0.001 -17"><span class='ocrx_word' id='word_1_148' title='bbox 263 2686 549 2749; x_wconf 83' lang='lat' dir='ltr'>(Eredetie</span> <span class='ocrx_word' id='word_1_149' title='bbox 592 2684 945 2754; x_wconf 68' lang='grc' dir='ltr'>δότίιέηγιὶη,</span> <span class='ocrx_word' id='word_1_150' title='bbox 998 2689 1121 2740; x_wconf 71' lang='lat' dir='ltr'>zbld</span> <span class='ocrx_word' id='word_1_151' title='bbox 1158 2686 1644 2754; x_wconf 75' lang='lat' dir='ltr'>zselyemzsinoron</span> <span class='ocrx_word' id='word_1_152' title='bbox 1671 2687 1840 2754; x_wconf 66' lang='lat' dir='ltr'>sugg&amp;</span> <span class='ocrx_word' id='word_1_153' title='bbox 1887 2683 2072 2753; x_wconf 72' lang='lat' dir='ltr'>peeset</span> <span class='ocrx_word' id='word_1_154' title='bbox 2115 2687 2270 2749; x_wconf 63' lang='lat' dir='ltr'>alut,</span> <span class='ocrx_word' id='word_1_155' title='bbox 2323 2702 2356 2738; x_wconf 76' lang='lat' dir='ltr'><strong>a</strong></span> <span class='ocrx_word' id='word_1_156' title='bbox 2380 2683 2527 2739; x_wconf 69' lang='lat' dir='ltr'>melt.</span> 
     </span>
     <span class='ocr_line' id='line_1_23' title="bbox 867 2772 1931 2845; baseline -0.002 -15"><span class='ocrx_word' id='word_1_157' title='bbox 867 2776 997 2830; x_wconf 60' lang='lat' dir='ltr'>biso</span> <span class='ocrx_word' id='word_1_158' title='bbox 1033 2775 1481 2845; x_wconf 70' lang='lat' dir='ltr'>Perenyi-esuliid</span> <span class='ocrx_word' id='word_1_159' title='bbox 1507 2772 1931 2843; x_wconf 63' lang='lat' dir='ltr'>leveltairt&#39;tban.)</span> 
     </span>
    </p>
   </div>
   <div class='ocr_carea' id='block_1_5' title="bbox 1326 3606 1478 3676">
    <p class='ocr_par' dir='ltr' id='par_1_5' title="bbox 1326 3606 1478 3676">
     <span class='ocr_line' id='line_1_24' title="bbox 1326 3606 1478 3676; baseline 0.02 -3"><span class='ocrx_word' id='word_1_160' title='bbox 1326 3606 1478 3676; x_wconf 82' lang='lat'>105.</span> 
     </span>
    </p>
   </div>
   <div class='ocr_carea' id='block_1_6' title="bbox 261 3800 2527 4110">
    <p class='ocr_par' dir='ltr' id='par_1_6' title="bbox 261 3800 2527 4110">
     <span class='ocr_line' id='line_1_25' title="bbox 261 3800 2527 3894; baseline -0.004 -21"><span class='ocrx_word' id='word_1_161' title='bbox 261 3808 323 3873; x_wconf 82' lang='lat' dir='ltr'><em>A</em></span> <span class='ocrx_word' id='word_1_162' title='bbox 389 3809 594 3874; x_wconf 65' lang='lat' dir='ltr'>budae·</span> <span class='ocrx_word' id='word_1_163' title='bbox 658 3806 1106 3894; x_wconf 72' lang='lat' dir='ltr'>kdptalannak</span> <span class='ocrx_word' id='word_1_164' title='bbox 1142 3808 1446 3894; x_wconf 56' lang='lat' dir='ltr'>jelente‘se</span> <span class='ocrx_word' id='word_1_165' title='bbox 1466 3856 1487 3888; x_wconf 90' lang='lat'>,</span> <span class='ocrx_word' id='word_1_166' title='bbox 1533 3805 1696 3892; x_wconf 60' lang='lat' dir='ltr'>hoyy</span> <span class='ocrx_word' id='word_1_167' title='bbox 1747 3800 1979 3891; x_wconf 72' lang='lat' dir='ltr'><strong><em>Chuy-z·</em></strong></span> <span class='ocrx_word' id='word_1_168' title='bbox 2027 3803 2237 3868; x_wconf 62' lang='lat' dir='ltr'>Deme</span> <span class='ocrx_word' id='word_1_169' title='bbox 2285 3803 2347 3865; x_wconf 70' lang='lat'>6⁸</span> <span class='ocrx_word' id='word_1_170' title='bbox 2393 3811 2527 3867; x_wconf 79' lang='lat' dir='ltr'>test-</span> 
     </span>
     <span class='ocr_line' id='line_1_26' title="bbox 262 3909 2527 4002; baseline -0.004 -22"><span class='ocrx_word' id='word_1_171' title='bbox 262 3918 431 3982; x_wconf 74' lang='lat' dir='ltr'>ve&#39;rei</span> <span class='ocrx_word' id='word_1_172' title='bbox 459 3942 500 3980; x_wconf 83' lang='lat' dir='ltr'><em>a</em></span> <span class='ocrx_word' id='word_1_173' title='bbox 532 3916 917 4002; x_wconf 71' lang='lat' dir='ltr'>nyzilsziqeti</span> <span class='ocrx_word' id='word_1_174' title='bbox 946 3914 1234 4001; x_wconf 74' lang='lat' dir='ltr'>apdczdk</span> <span class='ocrx_word' id='word_1_175' title='bbox 1285 3915 1518 3998; x_wconf 77' lang='lat' dir='ltr'>tisztjei</span> <span class='ocrx_word' id='word_1_176' title='bbox 1567 3914 1722 3979; x_wconf 76' lang='lat' dir='ltr'>ellen</span> <span class='ocrx_word' id='word_1_177' title='bbox 1761 3938 1802 3977; x_wconf 86' lang='lat' dir='ltr'><em>a</em></span> <span class='ocrx_word' id='word_1_178' title='bbox 1836 3913 2083 3997; x_wconf 64' lang='lat' dir='ltr'>kirctht·</span> <span class='ocrx_word' id='word_1_179' title='bbox 2129 3909 2527 3996; x_wconf 60' lang='lat' dir='ltr'>torvdnysze&#39;lc</span> 
     </span>
     <span class='ocr_line' id='line_1_27' title="bbox 941 4020 1847 4110; baseline -0.006 -22"><span class='ocrx_word' id='word_1_180' title='bbox 941 4024 1032 4088; x_wconf 71' lang='grc' dir='ltr'>εἶά</span> <span class='ocrx_word' id='word_1_181' title='bbox 1044 4022 1233 4110; x_wconf 77' lang='lat' dir='ltr'>perbe</span> <span class='ocrx_word' id='word_1_182' title='bbox 1263 4020 1602 4087; x_wconf 61' lang='lat' dir='ltr'>iddztettek.</span> <span class='ocrx_word' id='word_1_183' title='bbox 1652 4022 1847 4087; x_wconf 81' lang='lat'><strong><em>1276.</em></strong></span> 
     </span>
    </p>
   </div>
   <div class='ocr_carea' id='block_1_7' title="bbox 260 4211 2526 4734">
    <p class='ocr_par' dir='ltr' id='par_1_7' title="bbox 260 4211 2526 4734">
     <span class='ocr_line' id='line_1_28' title="bbox 477 4211 2520 4305; baseline -0.002 -21"><span class='ocrx_word' id='word_1_184' title='bbox 477 4218 634 4285; x_wconf 89' lang='lat' dir='ltr'>Viro</span> <span class='ocrx_word' id='word_1_185' title='bbox 665 4218 866 4284; x_wconf 90' lang='lat' dir='ltr'>nobili</span> <span class='ocrx_word' id='word_1_186' title='bbox 920 4227 984 4286; x_wconf 91' lang='lat' dir='ltr'>et</span> <span class='ocrx_word' id='word_1_187' title='bbox 1031 4217 1305 4286; x_wconf 87' lang='lat' dir='ltr'>honesto</span> <span class='ocrx_word' id='word_1_188' title='bbox 1354 4218 1541 4305; x_wconf 81' lang='lat' dir='ltr'>Moys</span> <span class='ocrx_word' id='word_1_189' title='bbox 1573 4215 1791 4288; x_wconf 87' lang='lat' dir='ltr'>Judici</span> <span class='ocrx_word' id='word_1_190' title='bbox 1825 4214 2015 4283; x_wconf 85' lang='lat' dir='ltr'>Curie</span> <span class='ocrx_word' id='word_1_191' title='bbox 2049 4211 2289 4281; x_wconf 91' lang='lat' dir='ltr'>domini</span> <span class='ocrx_word' id='word_1_192' title='bbox 2324 4211 2520 4296; x_wconf 84' lang='lat' dir='ltr'>Regis</span> 
     </span>
     <span class='ocr_line' id='line_1_29' title="bbox 263 4321 2522 4413; baseline -0.004 -18"><span class='ocrx_word' id='word_1_193' title='bbox 263 4337 328 4395; x_wconf 84' lang='lat' dir='ltr'>et</span> <span class='ocrx_word' id='word_1_194' title='bbox 358 4327 601 4395; x_wconf 83' lang='lat' dir='ltr'>Comiti</span> <span class='ocrx_word' id='word_1_195' title='bbox 634 4324 1028 4411; x_wconf 75' lang='lat' dir='ltr'>symigiensi</span> <span class='ocrx_word' id='word_1_196' title='bbox 1062 4325 1434 4413; x_wconf 84' lang='lat' dir='ltr'>Capitulum</span> <span class='ocrx_word' id='word_1_197' title='bbox 1486 4323 1804 4391; x_wconf 90' lang='lat' dir='ltr'>Budensis</span> <span class='ocrx_word' id='word_1_198' title='bbox 1857 4323 2147 4392; x_wconf 83' lang='lat' dir='ltr'>Ecclesie</span> <span class='ocrx_word' id='word_1_199' title='bbox 2180 4321 2522 4389; x_wconf 83' lang='lat' dir='ltr'>oraciones</span> 
     </span>
     <span class='ocr_line' id='line_1_30' title="bbox 262 4429 2526 4512; baseline -0.004 -11"><span class='ocrx_word' id='word_1_200' title='bbox 262 4436 328 4501; x_wconf 89' lang='lat' dir='ltr'>in</span> <span class='ocrx_word' id='word_1_201' title='bbox 386 4435 671 4502; x_wconf 91' lang='lat' dir='ltr'>Domino</span> <span class='ocrx_word' id='word_1_202' title='bbox 721 4432 1009 4500; x_wconf 77' lang='lat' dir='ltr'>deuotus.</span> <span class='ocrx_word' id='word_1_203' title='bbox 1071 4433 1332 4499; x_wconf 88' lang='lat' dir='ltr'>Litteris</span> <span class='ocrx_word' id='word_1_204' title='bbox 1384 4430 1765 4498; x_wconf 81' lang='lat' dir='ltr'>Nobilitatis</span> <span class='ocrx_word' id='word_1_205' title='bbox 1814 4431 2047 4498; x_wconf 86' lang='lat' dir='ltr'>Vestre</span> <span class='ocrx_word' id='word_1_206' title='bbox 2105 4429 2351 4496; x_wconf 89' lang='lat' dir='ltr'>honore</span> <span class='ocrx_word' id='word_1_207' title='bbox 2400 4448 2526 4512; x_wconf 89' lang='lat' dir='ltr'>quo</span> 
     </span>
     <span class='ocr_line' id='line_1_31' title="bbox 262 4537 2516 4627; baseline -0.003 -19"><span class='ocrx_word' id='word_1_208' title='bbox 262 4543 480 4610; x_wconf 89' lang='lat' dir='ltr'>decuit</span> <span class='ocrx_word' id='word_1_209' title='bbox 512 4542 813 4627; x_wconf 84' lang='lat' dir='ltr'>receptis,</span> <span class='ocrx_word' id='word_1_210' title='bbox 842 4541 1157 4625; x_wconf 80' lang='lat' dir='ltr'>Magistro</span> <span class='ocrx_word' id='word_1_211' title='bbox 1186 4540 1551 4626; x_wconf 80' lang='lat' dir='ltr'>Pangracio</span> <span class='ocrx_word' id='word_1_212' title='bbox 1600 4537 1848 4606; x_wconf 88' lang='lat' dir='ltr'>bomini</span> <span class='ocrx_word' id='word_1_213' title='bbox 1901 4538 2144 4606; x_wconf 89' lang='lat' dir='ltr'>domini</span> <span class='ocrx_word' id='word_1_214' title='bbox 2178 4537 2373 4621; x_wconf 81' lang='lat' dir='ltr'>Regis</span> <span class='ocrx_word' id='word_1_215' title='bbox 2405 4555 2516 4601; x_wconf 93' lang='lat' dir='ltr'>no·</span> 
     </span>
     <span class='ocr_line' id='line_1_32' title="bbox 260 4644 2520 4734; baseline -0.004 -15"><span class='ocrx_word' id='word_1_216' title='bbox 260 4659 463 4719; x_wconf 86' lang='lat' dir='ltr'>strum</span> <span class='ocrx_word' id='word_1_217' title='bbox 497 4650 824 4719; x_wconf 91' lang='lat' dir='ltr'>bominem</span> <span class='ocrx_word' id='word_1_218' title='bbox 856 4649 1257 4734; x_wconf 85' lang='lat' dir='ltr'>fidedignum</span> <span class='ocrx_word' id='word_1_219' title='bbox 1291 4649 1587 4721; x_wconf 91' lang='lat' dir='ltr'>dedimus</span> <span class='ocrx_word' id='word_1_220' title='bbox 1619 4667 1738 4734; x_wconf 89' lang='lat' dir='ltr'>pro</span> <span class='ocrx_word' id='word_1_221' title='bbox 1765 4644 2150 4731; x_wconf 87' lang='lat' dir='ltr'>testimonio,</span> <span class='ocrx_word' id='word_1_222' title='bbox 2218 4645 2327 4730; x_wconf 91' lang='lat' dir='ltr'>qui</span> <span class='ocrx_word' id='word_1_223' title='bbox 2350 4650 2520 4729; x_wconf 86' lang='lat' dir='ltr'>post-</span> 
     </span>
    </p>
   </div>
  </div>
 </body>
</html>
