3319 5249
1286 324 1416 390 203

1278 841 1426 911 141.

248 1067 346 1133 IV.
400 1067 639 1132 Ldszld
687 1066 906 1148 kircily
969 1065 1425 1149 torve'nykezdsi
1472 1068 1872 1132 immunitdst
1919 1068 2010 1131 ad
2040 1091 2082 1131 a
2113 1069 2490 1154 nyrilsziqeti

935 1173 1535 1258 apdczazdrda'nak.
1583 1176 1778 1241 1278.

428 1370 787 1442 Ladizlaus
848 1367 975 1437 Dei
1034 1368 1265 1455 gracia
1322 1368 1678 1456 Hungarie‚
1739 1370 2127 1458 Dalmacie‚
2189 1372 2482 1462 Croacie,

231 1483 414 1548 Rame
434 1533 453 1567 ,
510 1480 735 1547 Seruie
755 1531 774 1567 ,
828 1476 1113 1544 Gallicie
1133 1527 1152 1561 ,
1216 1476 1614 1563 Lodomerie‚
1675 1477 1990 1546 Cumanie
2038 1481 2485 1566 Bulgarieque

233 1591 356 1656 Rex
386 1587 715 1655 vniuersis
747 1586 988 1655 Christi
1036 1584 1337 1654 fidelibus
1386 1592 1519 1653 tam
1572 1588 1979 1671 presentibus
2005 1611 2217 1673 quam
2250 1590 2484 1657 suturis

233 1698 626 1784 presencium
659 1697 966 1764 noticiam
996 1694 1320 1763 habituris
1350 1696 1626 1761 salutem
1662 1695 1727 1762 in
1748 1695 2028 1764 Domino
2064 1698 2482 1783 sepiternum.

236 1808 486 1873 Piarum
521 1807 840 1873 mencium
882 1811 982 1872 est
1014 1803 1286 1872 deuocio
1338 1805 1810 1893 amplectenda,
1858 1827 1988 1891 qua
2036 1808 2485 1894 progenitores

230 1915 320 1981 sui
350 1914 697 1998 religiosas
731 1914 1028 1981 dominas
1079 1913 1147 1979 in
1200 1913 1538 1998 Hungarie
1589 1915 1882 1999 partibus
1915 1915 2266 1983 existentes
2300 1914 2485 1982 fami·

228 2023 436 2090 liarite
498 2024 708 2107 Regia
771 2022 1157 2090 refouerunt.
1225 2018 1513 2097 Quorum
1563 2041 1681 2089 nos
1714 2022 2013 2108 vestigijs
2080 2023 2486 2108 adherentes,

235 2151 619 2217 quamquam
683 2130 1013 2215 religiosis
1067 2129 1367 2196 omnibus
1415 2149 1706 2214 congrua
1773 2131 2305 2199 consideracione
2339 2153 2482 2217 pro-

233 2239 473 2324 spicere
507 2246 931 2323 satagamus3
979 2237 1131 2304 illas
1177 2244 1396 2304 tamen
1448 2235 1678 2304 fauore
1710 2238 2005 2306 uolumus
2037 2240 2343 2326 prosequi
2375 2261 2486 2326 po-

233 2349 397 2437 ciori,
448 2366 578 2432 que
608 2345 980 2414 oracionum
1012 2365 1275 2413 suarum
1308 2344 1639 2428 suffragijs
1680 2344 1855 2430 apud
1886 2346 2095 2413 Deum
2126 2348 2479 2431 specialius

231 2478 338 2542 pre
370 2454 609 2523 ceteris
642 2455 1031 2520 claruerunt.
1096 2452 1377 2521 Proinde
1408 2451 1493 2519 ad
1526 2452 1970 2520 uniuersorum
2008 2453 2316 2521 noticiam
2370 2453 2481 2521 ha-

232 2584 357 2631 rum
390 2562 568 2631 serie
600 2561 899 2629 uolumus
930 2561 1272 2646 peruenire
1293 2612 1311 2646 ,
1377 2560 1550 2643 quod
1588 2581 1709 2629 nos
1747 2561 1834 2628 ad
1867 2560 2251 2647 peticionem
2289 2569 2354 2629 et
2384 2562 2477 2628 in-

228 2673 538 2740 stanciam
569 2670 825 2737 domine
856 2668 1239 2756 Elyzaheth,
1271 2668 1620 2736 karissime
1648 2669 1887 2736 sororis
1913 2676 2150 2752 nostre,
2199 2670 2469 2737 Prioris-

235 2799 296 2844 se
357 2779 439 2846 de
505 2778 739 2844 Insula
768 2775 1057 2860 Virginis
1091 2776 1387 2843 Gloriose
1420 2795 1497 2841 ac
1526 2778 1806 2843 aliarum
1839 2797 2128 2844 sororum
2159 2780 2228 2843 in
2260 2776 2484 2846 eodem

236 2888 512 2954 claustro
548 2889 687 2953 Deo
721 2884 1203 2965 famulancium,
1251 2885 1421 2951 hanc
1452 2885 1698 2952 eisdem
1728 2885 2019 2969 graciam
2070 2885 2154 2953 de
2186 2885 2481 2968 benigni-

236 3001 363 3063 tate
392 2995 608 3076 Regia
639 2992 936 3060 duximus
969 2991 1376 3077 faciendam;
1410 2991 1583 3075 quod
1613 2992 1840 3078 populi
1875 2993 2162 3078 ipsarum
2184 3012 2472 3059 sororum

232 3102 306 3171 de
336 3101 564 3169 Insula
594 3101 879 3185 Virginis
934 3102 1270 3182 Gloriose,
1335 3100 1700 3184 ubicunque
1733 3102 1801 3167 in
1834 3104 2060 3186 Regno
2092 3106 2312 3168 nostro
2346 3102 2479 3168 exi-

229 3217 499 3289 stentes,
565 3207 806 3275 nullius
891 3207 1118 3276 iudicis
1156 3206 1433 3294 iudicio,
1480 3206 1786 3275 videlicet
1819 3226 1938 3273 nec
1968 3206 2292 3291 Palatini,
2361 3227 2485 3274 nec

228 3318 492 3386 aliorum
548 3315 1026 3382 Parochialium
1078 3314 1394 3382 Comitum
1417 3365 1436 3398 ‚
1500 3321 1714 3400 preter
1777 3319 2065 3381 nostram
2137 3333 2480 3400 personam

231 3425 292 3490 in
324 3441 714 3507 quocunque
766 3441 920 3488 casu
971 3428 1190 3488 astare
1237 3425 1613 3507 teneantur;
1667 3420 1781 3486 sed
1815 3418 2064 3488 iudices
2097 3422 2488 3495 seuofficia-

229 3532 318 3598 les
349 3532 645 3617 ipsarum
678 3548 898 3596 omnes
947 3549 1179 3596 causas
1232 3530 1405 3595 inter
1456 3528 1740 3613 populos
1790 3546 2010 3594 earum
2061 3533 2493 3616 emergentes,

232 3640 515 3707 iudicent
548 3644 613 3705 et
642 3636 1027 3722 decernant;
1075 3636 1184 3720 qui
1236 3636 1294 3704 si
1344 3638 1409 3701 in
1449 3634 1756 3701 facienda
1788 3634 2050 3702 iusticia
2080 3635 2489 3720 negligentes

236 3748 601 3830 existerent,
635 3743 839 3830 ijdem
869 3743 1095 3829 populi
1127 3742 1214 3809 ad
1244 3749 1533 3810 nostram
1563 3742 1967 3828 presenciam
2002 3749 2365 3822 euocentur,
2424 3751 2490 3810 et

236 3877 343 3923 nos
378 3854 460 3922 de
493 3852 660 3938 ipsis
694 3851 962 3918 cuilibet
994 3850 1364 3933 querulanti
1397 3850 1676 3920 iusiticie
1714 3850 2029 3917 faciemus
2062 3851 2488 3937 complemen-

233 3969 398 4046 tum;
448 3964 640 4045 prout
674 3958 1058 4042 premissam
1106 3957 1471 4024 libertatem
1521 3976 1633 4023 seu
1688 3957 1975 4040 graciam
2018 3957 2114 4023 eis
2148 3956 2391 4025 factam
2413 3958 2490 4032 jn

235 4069 470 4138 litteris
501 4066 833 4134 karissimi
885 4065 1092 4150 patris
1147 4067 1353 4134 nostri
1402 4064 1715 4151 Stephani
1770 4064 2044 4132 illustris
2083 4065 2281 4150 Regis
2314 4069 2491 4134 Hun-

237 4176 413 4262 garie
444 4174 661 4242 felicis
691 4172 1166 4240 recordacionis
1214 4173 1494 4239 uidimus
1547 4173 1881 4241 contineri.
1934 4173 2020 4239 Vt
2051 4172 2254 4257 igitur
2301 4175 2491 4243 huius

238 4283 456 4366 gracie
489 4301 605 4367 per
635 4302 776 4369 nos,
812 4288 878 4349 et
910 4301 1025 4367 per
1055 4280 1469 4349 karissimum
1502 4288 1752 4367 patrem
1777 4286 2066 4349 nostrum
2084 4283 2329 4367 Regem
2351 4283 2491 4350 Ste-

237 4390 518 4475 phanum
573 4389 747 4455 facte
797 4409 913 4456 seu
961 4408 1260 4457 concesse
1309 4390 1510 4457 series
1559 4389 1626 4455 in
1680 4396 2060 4476 perpetuum
2093 4396 2490 4477 perseueret,

245 4519 358 4567 nec
407 4497 609 4584 possit
648 4516 961 4581 processu
1011 4503 1368 4583 temporum
1417 4498 1764 4567 retractari
1785 4550 1804 4586 ,
1854 4504 2187 4585 presentes
2240 4497 2490 4566 eisdem

245 4607 673 4675 concessimus
704 4606 958 4675 litteras
992 4605 1314 4694 dupplicis
1363 4605 1568 4694 sigilli
1597 4607 1802 4678 nostri
1833 4607 2188 4676 munimine
2233 4610 2493 4681 robora·
