3319 5249
1357 1026 1509 1097 282.

292 1224 421 1289 IV.
473 1227 737 1291 Mdv-ton
776 1232 965 1313 pdpa
1011 1249 1051 1290 a
1100 1229 1384 1314 rayuzai
1432 1228 1666 1293 dracket
1697 1227 2246 1311 felhatalmazza,
2284 1232 2469 1317 Vhoqy,
2508 1254 2549 1296 α

333 1336 598 1420 stagnei
645 1337 722 1399 62
758 1334 1062 1419 trebiqnei
1095 1333 1351 1420 meqqe'k
1389 1337 1692 1400 szdmdra
1715 1336 2044 1422 Ραφόῖιόι
2095 1337 2503 1426 neveqhesoen.

406 1478 416 1489 .
1317 1439 1539 1507 1284.

504 1635 826 1703 Martinus
893 1636 1260 1723 Episcopus
1322 1656 1547 1704 servus
1610 1656 1943 1705 servorum
2004 1638 2130 1706 Dei
2193 1640 2549 1707 venerabili

286 1743 521 1810 fratri.
560 1796 626 1810 ..
691 1742 1191 1831 Arcbiepiscopo
1260 1744 1593 1829 Ragusino
1643 1744 1921 1814 salutem
1973 1752 2038 1813 et
2094 1746 2545 1831 Apostolicam

283 1851 821 1920 benedictionem.
858 1853 962 1918 Ad
996 1852 1394 1920 audientiam
1425 1859 1717 1921 nostram
1750 1857 2067 1941 pervenit,
2105 1853 2279 1938 quod
2314 1857 2545 1923 Tribu-

281 1961 535 2026 niensis
586 1966 650 2024 et
698 1959 1080 2043 stagnensis
1149 1961 1450 2028 Ecclesie
1517 1958 1988 2047 cathedrales,
2041 1968 2150 2027 tue
2201 1962 2545 2030 Provincie

280 2066 760 2151 Metropolitico
793 2067 916 2132 tibi
948 2068 1084 2133 iure
1116 2068 1428 2153 subiecte,
1477 2074 1656 2134 tanto
1689 2074 1977 2153 tempore
2009 2068 2376 2152 pastoribus
2408 2072 2539 2136 iam

283 2180 708 2262 vacaverunt,
760 2175 930 2260 qnod
980 2195 1198 2242 earum
1232 2175 1515 2261 provisio
1569 2183 1670 2241 est
1693 2175 1780 2241 ad
1830 2175 2538 2262 Sedem‚Apostolicam

280 2281 641 2349 secundnm
692 2281 1031 2350 Generalis
1081 2289 1329 2350 statuta
1375 2282 1657 2351 Concilii
1708 2283 1998 2368 legitime
2048 2284 2370 2352 deuoluta.
2402 2287 2540 2353 Nos

281 2391 529 2475 itaque,
562 2390 791 2472 quibus
823 2409 904 2483 οξ
934 2389 1220 2456 iniuncto
1251 2389 1437 2455 nobis
1467 2389 1893 2476 Apostolatus·
1917 2391 2133 2480 officio
2166 2392 2537 2462 sollicitudo

285 2497 721 2564 Ecclesiarum
773 2498 1063 2566 imminet
1109 2499 1475 2582 generalis,
1525 2498 1928 2584 dispendiis,
1985 2501 2109 2581 qu‘e
2161 2519 2241 2564 ex
2291 2498 2543 2566 diutina
2670 2487 2675 2490 ⁸
2742 2491 2747 2496 ’

283 2607 628 2674 vacatione
657 2607 1074 2693 imposterum
1109 2605 1396 2674 Ecclesie
1426 2606 1714 2693 predicte
1745 2615 2010 2692 possent
2042 2606 2389 2695 incurrere,
2426 2630 2541 2694 per

280 2721 505 2782 nostre
538 2715 939 2800 providentie
971 2715 1249 2782 studium
1284 2735 1623 2783 occurrere
1654 2716 2089 2803 intendentes,
2120 2738 2199 2784 ac
2231 2724 2536 2800 gerentes

282 2821 366 2887 de
417 2828 533 2888 tua
581 2822 1505 2911 circumspectionefiduciam
1556 2822 1624 2888 in
1654 2823 1933 2891 Domino
1967 2823 2358 2910 specialem;
2411 2822 2537 2889 fra-

280 2930 573 2997 ternitati
621 2937 730 2996 tue
779 2951 896 3015 per
944 2930 1324 3016 Apostolica
1375 2931 1619 3017 scripta
1671 2931 2072 3017 mandamus,
2106 2938 2449 3018 quatenus,
2481 2932 2537 2998 si

281 3036 398 3104 tibi
450 3037 810 3104 constiterit
859 3036 953 3104 ita
1004 3058 1161 3123 esse,
1208 3038 1513 3124 predictis
1546 3039 1883 3124 Ecclesiis,
1916 3040 2197 3124 singulis
2230 3038 2540 3105 videlicet

279 3146 581 3228 singulas
632 3164 952 3231 personas
1002 3147 1320 3233 ydoneas‚
1375 3146 1456 3213 de
1506 3147 1920 3232 prudentium
1974 3154 2036 3213 et
2082 3146 2533 3230 religiosorum

278 3255 568 3319 virorum
602 3253 898 3339 consilio,
935 3252 1059 3320 hac
1092 3240 1235 3320 vice
1266 3254 1654 3319 auctoritate
1689 3261 1910 3320 nostra
1942 3252 2240 3338 preficias
2276 3252 2340 3318 in
2382 3253 2536 3338 Epi-

278 3380 515 3447 scopos
549 3366 612 3427 et
644 3368 977 3447 pastores3
1022 3362 1264 3445 eisque,
1300 3361 1526 3427 ascitis
1562 3360 1679 3427 tibi
1714 3362 1918 3427 tribus
1951 3360 2053 3427 vel
2086 3357 2339 3428 duobus
2373 3361 2536 3444 Epi-

277 3467 517 3554 scopis,
570 3483 799 3534 munus
849 3468 1361 3535 consecrationis
1411 3468 1772 3555 impendas,
1823 3468 2071 3535 faciens
2122 3468 2284 3551 ipsis
2325 3489 2367 3534 a
2399 3470 2533 3537 suis

276 3575 555 3643 subditis
590 3575 1025 3643 obedientiam
1059 3583 1123 3643 et
1154 3576 1584 3645 reverentiam
1617 3576 1904 3643 debitam
1933 3576 2257 3659 exhiberi3
2283 3584 2535 3643 contra·

278 3685 560 3751 dictores
610 3704 726 3770 per
775 3704 1117 3751 censuram
1151 3684 1659 3753 ecclesiasticam
1695 3683 2135 3770 appellatione
2168 3685 2534 3770 postposita

278 3791 768 3878 compescendo.
820 3793 966 3859 Non
1019 3794 1337 3873 obstante,
1391 3791 1446 3858 si
1498 3791 1828 3876 aliquibus
1862 3810 1904 3856 a
1944 3790 2113 3857 Sede
2144 3791 2525 3876 Apostolica

279 3901 362 3967 sit
394 3900 739 3987 indultum,
771 3897 944 3983 quod
975 3899 1518 3968 excommunicari
1551 3906 1665 3965 aut
1713 3897 2009 3965 interdici
2043 3905 2387 3985 nequeant,
2424 3899 2528 3965 vel

279 4007 615 4095 suspendi,
641 4026 753 4093 per
802 4007 1050 4074 litteras
1102 4006 1269 4073 dicte
1303 4007 1490 4076 Sedis
1526 4026 1650 4073 non
1687 4007 1999 4075 facientes
2032 4008 2290 4091 plenam
2331 4013 2394 4072 et
2426 4026 2530 4072 ex-

278 4137 589 4201 pressam,
640 4136 718 4183 ae
749 4113 853 4182 'de
907 4116 1103 4184 verbo
1136 4117 1222 4181 ad
1253 4117 1519 4182 verbum
1553 4115 1636 4181 de
1669 4113 1924 4181 indulto
1957 4113 2324 4180 huiusmodi
2356 4134 2529 4180 men·

279 4227 542 4293 tionem.
589 4226 837 4292 ‹Datum
889 4223 1066 4311 apud
1114 4224 1355 4291 Urbem
1408 4224 1670 4291 Veterm
1703 4222 1847 4288 idus
1880 4220 2074 4308 Junii,
2107 4222 2528 4291 Pontificatus

279 4337 477 4402 nostri
511 4353 684 4402 anno
715 4342 964 4417 quart0.

280 4518 529 4583 (Theiner
552 4500 811 4586 Agoston,
847 4516 1039 4567 Vetera
1062 4514 1415 4567 Monumeuta
1459 4511 1749 4565 Slavornm
1775 4509 2214 4564 Meridionalinm
2242 4511 2525 4562 historiam

1011 4606 1348 4659 illustrantia
1375 4605 1418 4656 Ι.
1439 4602 1552 4654 kot.
1586 4604 1706 4655 100.
1735 4602 1792 4669 l.)

1187 4768 1262 4777 ’,ἡ
1307 4768 1348 4774 --·
1367 4764 1605 4775 ι--υτΜ
