<?xml version="1.0" encoding="UTF-8"?>
<!DOCTYPE html PUBLIC "-//W3C//DTD XHTML 1.0 Transitional//EN"
    "http://www.w3.org/TR/xhtml1/DTD/xhtml1-transitional.dtd">
<html xmlns="http://www.w3.org/1999/xhtml" xml:lang="en" lang="en">
 <head>
  <title>
</title>
<meta http-equiv="Content-Type" content="text/html;charset=utf-8" />
  <meta name='ocr-system' content='tesseract 3.04.00' />
  <meta name='ocr-capabilities' content='ocr_page ocr_carea ocr_par ocr_line ocrx_word'/>
</head>
<body>
  <div class='ocr_page' id='page_1' title='image "./rpdkorijokmnytr00wenzgoog_0316.png"; bbox 0 0 3319 5249; ppageno 0'>
   <div class='ocr_carea' id='block_1_1' title="bbox 1803 322 2056 422">
    <p class='ocr_par' dir='ltr' id='par_1_1' title="bbox 1803 322 2056 422">
     <span class='ocr_line' id='line_1_1' title="bbox 1803 322 2056 422; baseline 0.008 -2"><span class='ocrx_word' id='word_1_1' title='bbox 1803 322 2056 422; x_wconf 46' lang='grc' dir='ltr'><strong>ΒΞ..</strong></span> 
     </span>
    </p>
   </div>
   <div class='ocr_carea' id='block_1_2' title="bbox 1836 982 1983 1052">
    <p class='ocr_par' dir='ltr' id='par_1_2' title="bbox 1836 982 1983 1052">
     <span class='ocr_line' id='line_1_2' title="bbox 1836 982 1983 1052; baseline 0.007 -1"><span class='ocrx_word' id='word_1_2' title='bbox 1836 982 1983 1052; x_wconf 80' lang='grc'><strong>165.</strong></span> 
     </span>
    </p>
   </div>
   <div class='ocr_carea' id='block_1_3' title="bbox 781 1180 3048 1377">
    <p class='ocr_par' dir='ltr' id='par_1_3' title="bbox 781 1180 3048 1377">
     <span class='ocr_line' id='line_1_3' title="bbox 781 1180 3048 1279; baseline 0.002 -34"><span class='ocrx_word' id='word_1_3' title='bbox 781 1180 910 1247; x_wconf 88' lang='lat' dir='ltr'><strong>IV.</strong></span> <span class='ocrx_word' id='word_1_4' title='bbox 962 1180 1194 1249; x_wconf 65' lang='lat' dir='ltr'><strong>Ldszld</strong></span> <span class='ocrx_word' id='word_1_5' title='bbox 1240 1182 1462 1267; x_wconf 73' lang='lat' dir='ltr'><strong>kirdly</strong></span> <span class='ocrx_word' id='word_1_6' title='bbox 1488 1186 1852 1268; x_wconf 62' lang='lat' dir='ltr'><strong>meyer-&amp;siti</strong></span> <span class='ocrx_word' id='word_1_7' title='bbox 1882 1208 1922 1247; x_wconf 85' lang='lat' dir='ltr'><strong>a</strong></span> <span class='ocrx_word' id='word_1_8' title='bbox 1952 1184 2329 1279; x_wconf 67' lang='lat' dir='ltr'><strong>‘nyztlsziqeti</strong></span> <span class='ocrx_word' id='word_1_9' title='bbox 2360 1184 2729 1270; x_wconf 72' lang='lat' dir='ltr'><strong>apdezcikat</strong></span> <span class='ocrx_word' id='word_1_10' title='bbox 2769 1206 2810 1247; x_wconf 87' lang='grc' dir='ltr'><em>α</em></span> <span class='ocrx_word' id='word_1_11' title='bbox 2841 1182 3048 1249; x_wconf 61' lang='lat' dir='ltr'><strong>budae·</strong></span> 
     </span>
     <span class='ocr_line' id='line_1_4' title="bbox 992 1288 2822 1377; baseline -0.001 -22"><span class='ocrx_word' id='word_1_12' title='bbox 992 1293 1112 1355; x_wconf 76' lang='lat' dir='ltr'><strong>vdr</strong></span> <span class='ocrx_word' id='word_1_13' title='bbox 1130 1288 1645 1377; x_wconf 70' lang='lat' dir='ltr'><strong>plebd‘nidjdnak</strong></span> <span class='ocrx_word' id='word_1_14' title='bbox 1685 1291 2134 1377; x_wconf 75' lang='lat' dir='ltr'><strong>keqywrijoqa</strong></span> <span class='ocrx_word' id='word_1_15' title='bbox 2175 1289 2569 1356; x_wconf 73' lang='lat' dir='ltr'><strong>birtokdban.</strong></span> <span class='ocrx_word' id='word_1_16' title='bbox 2627 1294 2822 1359; x_wconf 83' lang='lat'>1279.</span> 
     </span>
    </p>
   </div>
   <div class='ocr_carea' id='block_1_4' title="bbox 755 1470 3048 2766">
    <p class='ocr_par' dir='ltr' id='par_1_4' title="bbox 755 1470 3048 2524">
     <span class='ocr_line' id='line_1_5' title="bbox 995 1470 3040 1573; baseline 0.001 -22"><span class='ocrx_word' id='word_1_17' title='bbox 995 1485 1345 1553; x_wconf 88' lang='lat' dir='ltr'><strong>Ladizlaus</strong></span> <span class='ocrx_word' id='word_1_18' title='bbox 1409 1486 1531 1552; x_wconf 89' lang='lat' dir='ltr'><strong>Dei</strong></span> <span class='ocrx_word' id='word_1_19' title='bbox 1613 1486 1842 1572; x_wconf 78' lang='lat' dir='ltr'><strong>gracia</strong></span> <span class='ocrx_word' id='word_1_20' title='bbox 1893 1470 2226 1573; x_wconf 38' lang='lat' dir='ltr'><strong>Hu&#39;ngarie</strong></span> <span class='ocrx_word' id='word_1_21' title='bbox 2246 1540 2262 1573; x_wconf 88' lang='lat'><em>‚</em></span> <span class='ocrx_word' id='word_1_22' title='bbox 2315 1486 2655 1554; x_wconf 88' lang='lat' dir='ltr'><strong>Dalmacie</strong></span> <span class='ocrx_word' id='word_1_23' title='bbox 2672 1537 2691 1571; x_wconf 91' lang='lat'><strong>,</strong></span> <span class='ocrx_word' id='word_1_24' title='bbox 2747 1485 3040 1570; x_wconf 86' lang='lat' dir='ltr'><strong>Croacie,</strong></span> 
     </span>
     <span class='ocr_line' id='line_1_6' title="bbox 782 1592 3047 1682; baseline 0.001 -22"><span class='ocrx_word' id='word_1_25' title='bbox 782 1594 1001 1681; x_wconf 80' lang='lat' dir='ltr'><strong>Rame,</strong></span> <span class='ocrx_word' id='word_1_26' title='bbox 1047 1592 1306 1679; x_wconf 85' lang='lat' dir='ltr'><strong>Seruie,</strong></span> <span class='ocrx_word' id='word_1_27' title='bbox 1355 1593 1674 1680; x_wconf 83' lang='lat' dir='ltr'><strong>Gallicie‚</strong></span> <span class='ocrx_word' id='word_1_28' title='bbox 1720 1593 2143 1682; x_wconf 90' lang='lat' dir='ltr'><strong>Lodomerie,</strong></span> <span class='ocrx_word' id='word_1_29' title='bbox 2204 1595 2555 1681; x_wconf 83' lang='lat' dir='ltr'><strong>Cumanie‚</strong></span> <span class='ocrx_word' id='word_1_30' title='bbox 2604 1595 3047 1678; x_wconf 86' lang='lat' dir='ltr'><strong>Bulgarieque</strong></span> 
     </span>
     <span class='ocr_line' id='line_1_7' title="bbox 784 1700 3044 1786; baseline 0.002 -23"><span class='ocrx_word' id='word_1_31' title='bbox 784 1700 920 1767; x_wconf 86' lang='lat' dir='ltr'><strong>Rex</strong></span> <span class='ocrx_word' id='word_1_32' title='bbox 952 1700 1270 1768; x_wconf 84' lang='lat' dir='ltr'><strong>vniuersis</strong></span> <span class='ocrx_word' id='word_1_33' title='bbox 1305 1701 1710 1786; x_wconf 89' lang='lat' dir='ltr'><strong>presencium</strong></span> <span class='ocrx_word' id='word_1_34' title='bbox 1744 1702 2047 1770; x_wconf 84' lang='lat' dir='ltr'><strong>noticiam</strong></span> <span class='ocrx_word' id='word_1_35' title='bbox 2088 1703 2408 1771; x_wconf 82' lang='lat' dir='ltr'><strong>habituris</strong></span> <span class='ocrx_word' id='word_1_36' title='bbox 2441 1704 2716 1772; x_wconf 86' lang='lat' dir='ltr'><strong>salutem</strong></span> <span class='ocrx_word' id='word_1_37' title='bbox 2745 1703 2814 1768; x_wconf 91' lang='lat' dir='ltr'><strong>in</strong></span> <span class='ocrx_word' id='word_1_38' title='bbox 2846 1704 3044 1770; x_wconf 91' lang='lat' dir='ltr'><strong>omni-</strong></span> 
     </span>
     <span class='ocr_line' id='line_1_8' title="bbox 755 1808 3045 1898; baseline 0.002 -25"><span class='ocrx_word' id='word_1_39' title='bbox 755 1818 889 1873; x_wconf 80' lang='lat' dir='ltr'><strong>&#39;um</strong></span> <span class='ocrx_word' id='word_1_40' title='bbox 924 1810 1278 1877; x_wconf 88' lang='lat' dir='ltr'><strong>saluatore.</strong></span> <span class='ocrx_word' id='word_1_41' title='bbox 1326 1808 1430 1875; x_wconf 92' lang='lat' dir='ltr'><strong>Ad</strong></span> <span class='ocrx_word' id='word_1_42' title='bbox 1462 1817 1844 1897; x_wconf 89' lang='lat' dir='ltr'><strong>perpetuam</strong></span> <span class='ocrx_word' id='word_1_43' title='bbox 1886 1814 1977 1879; x_wconf 88' lang='lat' dir='ltr'><strong>rei</strong></span> <span class='ocrx_word' id='word_1_44' title='bbox 2012 1812 2387 1879; x_wconf 82' lang='lat' dir='ltr'><strong>memoriam</strong></span> <span class='ocrx_word' id='word_1_45' title='bbox 2430 1813 2718 1898; x_wconf 77' lang='lat' dir='ltr'><strong>presenti</strong></span> <span class='ocrx_word' id='word_1_46' title='bbox 2751 1810 3045 1878; x_wconf 89' lang='lat' dir='ltr'><strong>insinua·</strong></span> 
     </span>
     <span class='ocr_line' id='line_1_9' title="bbox 785 1915 3046 2005; baseline 0.001 -24"><span class='ocrx_word' id='word_1_47' title='bbox 785 1916 972 1983; x_wconf 92' lang='lat' dir='ltr'><strong>cione</strong></span> <span class='ocrx_word' id='word_1_48' title='bbox 1005 1916 1311 1984; x_wconf 85' lang='lat' dir='ltr'><strong>duximus</strong></span> <span class='ocrx_word' id='word_1_49' title='bbox 1341 1915 1826 2005; x_wconf 87' lang='lat' dir='ltr'><strong>declarandum,</strong></span> <span class='ocrx_word' id='word_1_50' title='bbox 1860 1939 1981 1986; x_wconf 91' lang='lat' dir='ltr'><strong>nos</strong></span> <span class='ocrx_word' id='word_1_51' title='bbox 2014 1921 2341 2004; x_wconf 78' lang='lat' dir='ltr'><strong>recepisse</strong></span> <span class='ocrx_word' id='word_1_52' title='bbox 2374 1928 2438 1986; x_wconf 90' lang='lat' dir='ltr'><strong>et</strong></span> <span class='ocrx_word' id='word_1_53' title='bbox 2469 1920 2837 2005; x_wconf 83' lang='lat' dir='ltr'><strong>inspexisse</strong></span> <span class='ocrx_word' id='word_1_54' title='bbox 2872 1918 3046 1985; x_wconf 86' lang='lat' dir='ltr'><strong>litte-</strong></span> 
     </span>
     <span class='ocr_line' id='line_1_10' title="bbox 786 2025 3045 2111; baseline 0.002 -22"><span class='ocrx_word' id='word_1_55' title='bbox 786 2044 894 2091; x_wconf 86' lang='lat' dir='ltr'><strong>ras</strong></span> <span class='ocrx_word' id='word_1_56' title='bbox 924 2025 1369 2109; x_wconf 87' lang='lat' dir='ltr'><strong>priuilegiales</strong></span> <span class='ocrx_word' id='word_1_57' title='bbox 1403 2025 1734 2094; x_wconf 87' lang='lat' dir='ltr'><strong>karissimi</strong></span> <span class='ocrx_word' id='word_1_58' title='bbox 1770 2029 1874 2095; x_wconf 87' lang='lat' dir='ltr'><strong>aui</strong></span> <span class='ocrx_word' id='word_1_59' title='bbox 1910 2030 2112 2095; x_wconf 81' lang='lat' dir='ltr'><strong>nostri</strong></span> <span class='ocrx_word' id='word_1_60' title='bbox 2162 2028 2321 2095; x_wconf 91' lang='lat' dir='ltr'><strong>Bele</strong></span> <span class='ocrx_word' id='word_1_61' title='bbox 2354 2027 2480 2094; x_wconf 92' lang='lat' dir='ltr'><strong>Dei</strong></span> <span class='ocrx_word' id='word_1_62' title='bbox 2510 2028 2737 2111; x_wconf 84' lang='lat' dir='ltr'><strong>gracia</strong></span> <span class='ocrx_word' id='word_1_63' title='bbox 2767 2026 3045 2093; x_wconf 89' lang='lat' dir='ltr'><strong>condam</strong></span> 
     </span>
     <span class='ocr_line' id='line_1_11' title="bbox 788 2130 3048 2222; baseline 0.003 -27"><span class='ocrx_word' id='word_1_64' title='bbox 788 2130 1066 2198; x_wconf 83' lang='lat' dir='ltr'><strong>illustris</strong></span> <span class='ocrx_word' id='word_1_65' title='bbox 1099 2133 1297 2216; x_wconf 88' lang='lat' dir='ltr'><strong>Regis</strong></span> <span class='ocrx_word' id='word_1_66' title='bbox 1331 2134 1667 2218; x_wconf 88' lang='lat' dir='ltr'><strong>Hungarie</strong></span> <span class='ocrx_word' id='word_1_67' title='bbox 1703 2136 1770 2202; x_wconf 90' lang='lat' dir='ltr'><strong>in</strong></span> <span class='ocrx_word' id='word_1_68' title='bbox 1805 2136 2017 2222; x_wconf 89' lang='lat' dir='ltr'><strong>prima</strong></span> <span class='ocrx_word' id='word_1_69' title='bbox 2050 2144 2113 2204; x_wconf 87' lang='lat' dir='ltr'><strong>et</strong></span> <span class='ocrx_word' id='word_1_70' title='bbox 2146 2150 2304 2204; x_wconf 86' lang='lat' dir='ltr'><strong>uera</strong></span> <span class='ocrx_word' id='word_1_71' title='bbox 2335 2136 2546 2222; x_wconf 88' lang='lat' dir='ltr'><strong>figura</strong></span> <span class='ocrx_word' id='word_1_72' title='bbox 2578 2157 2705 2203; x_wconf 92' lang='lat' dir='ltr'><strong>non</strong></span> <span class='ocrx_word' id='word_1_73' title='bbox 2740 2135 3048 2217; x_wconf 82' lang='lat' dir='ltr'><strong>viciatas,</strong></span> 
     </span>
     <span class='ocr_line' id='line_1_12' title="bbox 788 2241 3046 2332; baseline 0.001 -27"><span class='ocrx_word' id='word_1_74' title='bbox 788 2259 914 2305; x_wconf 91' lang='lat' dir='ltr'><strong>non</strong></span> <span class='ocrx_word' id='word_1_75' title='bbox 946 2241 1368 2327; x_wconf 85' lang='lat' dir='ltr'><strong>cancellatas,</strong></span> <span class='ocrx_word' id='word_1_76' title='bbox 1423 2263 1544 2310; x_wconf 90' lang='lat' dir='ltr'><strong>nec</strong></span> <span class='ocrx_word' id='word_1_77' title='bbox 1574 2245 1641 2309; x_wconf 89' lang='lat' dir='ltr'><strong>in</strong></span> <span class='ocrx_word' id='word_1_78' title='bbox 1677 2244 1900 2329; x_wconf 89' lang='lat' dir='ltr'><strong>aliqua</strong></span> <span class='ocrx_word' id='word_1_79' title='bbox 1930 2246 2031 2313; x_wconf 91' lang='lat' dir='ltr'><strong>sui</strong></span> <span class='ocrx_word' id='word_1_80' title='bbox 2063 2253 2250 2332; x_wconf 89' lang='lat' dir='ltr'><strong>parte</strong></span> <span class='ocrx_word' id='word_1_81' title='bbox 2284 2245 2584 2330; x_wconf 89' lang='lat' dir='ltr'><strong>abolitas,</strong></span> <span class='ocrx_word' id='word_1_82' title='bbox 2636 2245 2756 2312; x_wconf 89' lang='lat' dir='ltr'><strong>sub</strong></span> <span class='ocrx_word' id='word_1_83' title='bbox 2792 2264 2947 2311; x_wconf 88' lang='lat' dir='ltr'><strong>uero</strong></span> <span class='ocrx_word' id='word_1_84' title='bbox 2981 2250 3046 2309; x_wconf 85' lang='lat' dir='ltr'><strong>et</strong></span> 
     </span>
     <span class='ocr_line' id='line_1_13' title="bbox 787 2349 3045 2438; baseline 0.002 -27"><span class='ocrx_word' id='word_1_85' title='bbox 787 2349 1109 2418; x_wconf 88' lang='lat' dir='ltr'><strong>autentico</strong></span> <span class='ocrx_word' id='word_1_86' title='bbox 1167 2350 1375 2437; x_wconf 88' lang='lat' dir='ltr'><strong>ipsius</strong></span> <span class='ocrx_word' id='word_1_87' title='bbox 1426 2352 1642 2438; x_wconf 89' lang='lat' dir='ltr'><strong>sigillo</strong></span> <span class='ocrx_word' id='word_1_88' title='bbox 1694 2354 1969 2420; x_wconf 86' lang='lat' dir='ltr'><strong>formam</strong></span> <span class='ocrx_word' id='word_1_89' title='bbox 2027 2360 2089 2420; x_wconf 92' lang='lat' dir='ltr'><strong>et</strong></span> <span class='ocrx_word' id='word_1_90' title='bbox 2139 2360 2427 2422; x_wconf 88' lang='lat' dir='ltr'><strong>tenorem</strong></span> <span class='ocrx_word' id='word_1_91' title='bbox 2478 2351 2808 2420; x_wconf 88' lang='lat' dir='ltr'><strong>huiusmdi</strong></span> <span class='ocrx_word' id='word_1_92' title='bbox 2847 2352 3045 2417; x_wconf 88' lang='lat' dir='ltr'><strong>conti—</strong></span> 
     </span>
     <span class='ocr_line' id='line_1_14' title="bbox 787 2461 1056 2524; baseline 0.007 -4"><span class='ocrx_word' id='word_1_93' title='bbox 787 2461 1056 2524; x_wconf 82' lang='lat' dir='ltr'><strong>nentes:</strong></span> 
     </span>
    </p>

    <p class='ocr_par' dir='ltr' id='par_1_5' title="bbox 789 2566 3048 2766">
     <span class='ocr_line' id='line_1_15' title="bbox 1001 2566 3048 2658; baseline 0 -26"><span class='ocrx_word' id='word_1_94' title='bbox 1001 2568 1166 2634; x_wconf 91' lang='lat' dir='ltr'><strong>Bela</strong></span> <span class='ocrx_word' id='word_1_95' title='bbox 1196 2566 1320 2635; x_wconf 87' lang='lat' dir='ltr'><strong>Dei</strong></span> <span class='ocrx_word' id='word_1_96' title='bbox 1353 2568 1585 2653; x_wconf 86' lang='lat' dir='ltr'><strong>gracia</strong></span> <span class='ocrx_word' id='word_1_97' title='bbox 1616 2570 1950 2653; x_wconf 83' lang='lat' dir='ltr'><strong>Hungarie</strong></span> <span class='ocrx_word' id='word_1_98' title='bbox 1982 2569 2104 2641; x_wconf 90' lang='lat' dir='ltr'><strong>stb.</strong></span> <span class='ocrx_word' id='word_1_99' title='bbox 2148 2571 2287 2637; x_wconf 83' lang='lat' dir='ltr'><strong>Rex</strong></span> <span class='ocrx_word' id='word_1_100' title='bbox 2324 2571 2445 2639; x_wconf 90' lang='lat' dir='ltr'><strong>stb.</strong></span> <span class='ocrx_word' id='word_1_101' title='bbox 2484 2567 2907 2658; x_wconf 72' lang='lat' dir='ltr'><strong>(kovetkezik</strong></span> <span class='ocrx_word' id='word_1_102' title='bbox 2939 2568 3048 2634; x_wconf 89' lang='lat' dir='ltr'><strong>IV.</strong></span> 
     </span>
     <span class='ocr_line' id='line_1_16' title="bbox 789 2674 3047 2766; baseline 0.001 -28"><span class='ocrx_word' id='word_1_103' title='bbox 789 2674 951 2741; x_wconf 81' lang='lat' dir='ltr'><strong>Bela</strong></span> <span class='ocrx_word' id='word_1_104' title='bbox 999 2674 1357 2758; x_wconf 76' lang='lat' dir='ltr'><strong>kiralynak</strong></span> <span class='ocrx_word' id='word_1_105' title='bbox 1427 2675 1696 2746; x_wconf 76' lang='lat' dir='ltr'><strong>1255-ki</strong></span> <span class='ocrx_word' id='word_1_106' title='bbox 1746 2676 2206 2764; x_wconf 75' lang='lat' dir='ltr'><strong>privilegiuma</strong></span> <span class='ocrx_word' id='word_1_107' title='bbox 2236 2731 2254 2766; x_wconf 90' lang='lat'><strong>,</strong></span> <span class='ocrx_word' id='word_1_108' title='bbox 2315 2679 2492 2758; x_wconf 50' lang='lat' dir='ltr'><strong>mint,</strong></span> <span class='ocrx_word' id='word_1_109' title='bbox 2529 2677 2831 2761; x_wconf 75' lang='lat' dir='ltr'><strong>Fejernel</strong></span> <span class='ocrx_word' id='word_1_110' title='bbox 2889 2676 3047 2743; x_wconf 85' lang='lat' dir='ltr'><strong>Cod.</strong></span> 
     </span>
    </p>
   </div>
   <div class='ocr_carea' id='block_1_5' title="bbox 669 2781 1773 2870">
    <p class='ocr_par' dir='ltr' id='par_1_6' title="bbox 669 2781 1773 2870">
     <span class='ocr_line' id='line_1_17' title="bbox 669 2781 1773 2870; baseline 0 -23"><span class='ocrx_word' id='word_1_111' title='bbox 669 2821 672 2827; x_wconf 33' lang='grc' dir='ltr'><strong><em>ι</em></strong></span> <span class='ocrx_word' id='word_1_112' title='bbox 789 2781 962 2866; x_wconf 90' lang='lat' dir='ltr'><strong>Dipl.</strong></span> <span class='ocrx_word' id='word_1_113' title='bbox 998 2783 1105 2849; x_wconf 90' lang='lat' dir='ltr'><strong>IV.</strong></span> <span class='ocrx_word' id='word_1_114' title='bbox 1140 2781 1277 2848; x_wconf 60' lang='lat' dir='ltr'><strong>kat.</strong></span> <span class='ocrx_word' id='word_1_115' title='bbox 1320 2785 1382 2848; x_wconf 76' lang='lat'><strong>2.</strong></span> <span class='ocrx_word' id='word_1_116' title='bbox 1417 2802 1466 2849; x_wconf 90' lang='lat' dir='ltr'><strong>r.</strong></span> <span class='ocrx_word' id='word_1_117' title='bbox 1509 2785 1661 2850; x_wconf 80' lang='lat'><strong>320.</strong></span> <span class='ocrx_word' id='word_1_118' title='bbox 1695 2781 1773 2870; x_wconf 91' lang='lat'><strong>1.)</strong></span> 
     </span>
    </p>
   </div>
   <div class='ocr_carea' id='block_1_6' title="bbox 789 2889 3053 4686">
    <p class='ocr_par' dir='ltr' id='par_1_7' title="bbox 789 2889 3053 4686">
     <span class='ocr_line' id='line_1_18' title="bbox 1006 2889 3043 2977; baseline -0 -21"><span class='ocrx_word' id='word_1_119' title='bbox 1006 2891 1164 2957; x_wconf 85' lang='lat' dir='ltr'><strong>Cum</strong></span> <span class='ocrx_word' id='word_1_120' title='bbox 1196 2889 1393 2975; x_wconf 91' lang='lat' dir='ltr'><strong>igitur</strong></span> <span class='ocrx_word' id='word_1_121' title='bbox 1424 2891 1533 2977; x_wconf 88' lang='lat' dir='ltr'><strong>pie</strong></span> <span class='ocrx_word' id='word_1_122' title='bbox 1565 2892 1965 2960; x_wconf 89' lang='lat' dir='ltr'><strong>desiderium</strong></span> <span class='ocrx_word' id='word_1_123' title='bbox 2008 2894 2369 2961; x_wconf 85' lang='lat' dir='ltr'><strong>voluntatis</strong></span> <span class='ocrx_word' id='word_1_124' title='bbox 2391 2945 2406 2974; x_wconf 93' lang='lat'><strong>,</strong></span> <span class='ocrx_word' id='word_1_125' title='bbox 2458 2900 2520 2960; x_wconf 87' lang='lat' dir='ltr'><strong>et</strong></span> <span class='ocrx_word' id='word_1_126' title='bbox 2558 2890 2890 2961; x_wconf 86' lang='lat' dir='ltr'><strong>laudande</strong></span> <span class='ocrx_word' id='word_1_127' title='bbox 2923 2890 3043 2956; x_wconf 86' lang='lat' dir='ltr'><strong>dif-</strong></span> 
     </span>
     <span class='ocr_line' id='line_1_19' title="bbox 791 2996 3050 3088; baseline 0 -25"><span class='ocrx_word' id='word_1_128' title='bbox 791 2996 1112 3066; x_wconf 86' lang='lat' dir='ltr'><strong>finicionis</strong></span> <span class='ocrx_word' id='word_1_129' title='bbox 1145 2999 1429 3066; x_wconf 86' lang='lat' dir='ltr'><strong>intencio</strong></span> <span class='ocrx_word' id='word_1_130' title='bbox 1461 3000 1814 3083; x_wconf 86' lang='lat' dir='ltr'><strong>Regalibus</strong></span> <span class='ocrx_word' id='word_1_131' title='bbox 1854 3002 1941 3068; x_wconf 88' lang='lat' dir='ltr'><strong>sit</strong></span> <span class='ocrx_word' id='word_1_132' title='bbox 1983 3001 2296 3087; x_wconf 87' lang='lat' dir='ltr'><strong>subsidijs</strong></span> <span class='ocrx_word' id='word_1_133' title='bbox 2335 2999 2731 3088; x_wconf 77' lang='lat' dir='ltr'><strong>adiuuanda,</strong></span> <span class='ocrx_word' id='word_1_134' title='bbox 2783 3007 2847 3067; x_wconf 91' lang='lat' dir='ltr'><strong>et</strong></span> <span class='ocrx_word' id='word_1_135' title='bbox 2892 3018 3050 3064; x_wconf 89' lang='lat' dir='ltr'><strong>cura</strong></span> 
     </span>
     <span class='ocr_line' id='line_1_20' title="bbox 791 3105 3048 3195; baseline 0 -24"><span class='ocrx_word' id='word_1_136' title='bbox 791 3108 877 3171; x_wconf 85' lang='lat' dir='ltr'><strong>sit</strong></span> <span class='ocrx_word' id='word_1_137' title='bbox 905 3105 1333 3173; x_wconf 85' lang='lat' dir='ltr'><strong>sollicitudini</strong></span> <span class='ocrx_word' id='word_1_138' title='bbox 1372 3105 1600 3174; x_wconf 90' lang='lat' dir='ltr'><strong>merito</strong></span> <span class='ocrx_word' id='word_1_139' title='bbox 1623 3107 2012 3194; x_wconf 86' lang='lat' dir='ltr'><strong>adhibenda,</strong></span> <span class='ocrx_word' id='word_1_140' title='bbox 2057 3116 2127 3177; x_wconf 91' lang='lat' dir='ltr'><strong>ut</strong></span> <span class='ocrx_word' id='word_1_141' title='bbox 2160 3129 2238 3175; x_wconf 91' lang='lat' dir='ltr'><strong>ea</strong></span> <span class='ocrx_word' id='word_1_142' title='bbox 2262 3129 2386 3194; x_wconf 91' lang='lat' dir='ltr'><strong>que</strong></span> <span class='ocrx_word' id='word_1_143' title='bbox 2424 3129 2540 3195; x_wconf 90' lang='lat' dir='ltr'><strong>pro</strong></span> <span class='ocrx_word' id='word_1_144' title='bbox 2574 3109 2792 3191; x_wconf 88' lang='lat' dir='ltr'><strong>quiete</strong></span> <span class='ocrx_word' id='word_1_145' title='bbox 2827 3108 3048 3191; x_wconf 85' lang='lat' dir='ltr'><strong>religi·</strong></span> 
     </span>
     <span class='ocr_line' id='line_1_21' title="bbox 792 3214 3049 3301; baseline 0 -21"><span class='ocrx_word' id='word_1_146' title='bbox 792 3232 905 3280; x_wconf 87' lang='lat' dir='ltr'><strong>ose</strong></span> <span class='ocrx_word' id='word_1_147' title='bbox 936 3214 1461 3283; x_wconf 87' lang='lat' dir='ltr'><strong>conuersacionis</strong></span> <span class='ocrx_word' id='word_1_148' title='bbox 1499 3221 1648 3283; x_wconf 89' lang='lat' dir='ltr'><strong>sunt</strong></span> <span class='ocrx_word' id='word_1_149' title='bbox 1684 3215 1962 3284; x_wconf 83' lang='lat' dir='ltr'><strong>diffinita</strong></span> <span class='ocrx_word' id='word_1_150' title='bbox 1984 3224 2047 3284; x_wconf 88' lang='lat' dir='ltr'><strong>et</strong></span> <span class='ocrx_word' id='word_1_151' title='bbox 2069 3215 2393 3301; x_wconf 87' lang='lat' dir='ltr'><strong>ordinata,</strong></span> <span class='ocrx_word' id='word_1_152' title='bbox 2435 3216 2809 3283; x_wconf 87' lang='lat' dir='ltr'><strong>nullatenus</strong></span> <span class='ocrx_word' id='word_1_153' title='bbox 2839 3214 3049 3297; x_wconf 86' lang='lat' dir='ltr'><strong>negli-</strong></span> 
     </span>
     <span class='ocr_line' id='line_1_22' title="bbox 790 3320 3049 3410; baseline 0.001 -24"><span class='ocrx_word' id='word_1_154' title='bbox 790 3327 1063 3407; x_wconf 82' lang='lat' dir='ltr'><strong>gantur,</strong></span> <span class='ocrx_word' id='word_1_155' title='bbox 1112 3320 1227 3389; x_wconf 88' lang='lat' dir='ltr'><strong>sed</strong></span> <span class='ocrx_word' id='word_1_156' title='bbox 1279 3323 1502 3407; x_wconf 89' lang='lat' dir='ltr'><strong>pocius</strong></span> <span class='ocrx_word' id='word_1_157' title='bbox 1552 3324 1780 3410; x_wconf 88' lang='lat' dir='ltr'><strong>Regijs</strong></span> <span class='ocrx_word' id='word_1_158' title='bbox 1810 3325 2125 3410; x_wconf 88' lang='lat' dir='ltr'><strong>subsidijs</strong></span> <span class='ocrx_word' id='word_1_159' title='bbox 2155 3327 2573 3409; x_wconf 82' lang='lat' dir='ltr'><strong>roborentur3</strong></span> <span class='ocrx_word' id='word_1_160' title='bbox 2625 3344 2744 3390; x_wconf 89' lang='lat' dir='ltr'><strong>nos</strong></span> <span class='ocrx_word' id='word_1_161' title='bbox 2777 3322 3049 3408; x_wconf 86' lang='lat' dir='ltr'><strong>premis-</strong></span> 
     </span>
     <span class='ocr_line' id='line_1_23' title="bbox 791 3428 3050 3520; baseline 0 -26"><span class='ocrx_word' id='word_1_162' title='bbox 791 3447 931 3494; x_wconf 88' lang='lat' dir='ltr'><strong>sam</strong></span> <span class='ocrx_word' id='word_1_163' title='bbox 966 3428 1469 3517; x_wconf 89' lang='lat' dir='ltr'><strong>ordinacionem,</strong></span> <span class='ocrx_word' id='word_1_164' title='bbox 1513 3431 2014 3520; x_wconf 87' lang='lat' dir='ltr'><strong>concessionem,</strong></span> <span class='ocrx_word' id='word_1_165' title='bbox 2047 3432 2478 3501; x_wconf 86' lang='lat' dir='ltr'><strong>donacionem</strong></span> <span class='ocrx_word' id='word_1_166' title='bbox 2509 3439 2573 3497; x_wconf 86' lang='lat' dir='ltr'><strong>et</strong></span> <span class='ocrx_word' id='word_1_167' title='bbox 2604 3431 3050 3514; x_wconf 86' lang='lat' dir='ltr'><strong>collacionem,</strong></span> 
     </span>
     <span class='ocr_line' id='line_1_24' title="bbox 792 3538 3053 3624; baseline 0.001 -23"><span class='ocrx_word' id='word_1_168' title='bbox 792 3555 963 3620; x_wconf 82' lang='lat' dir='ltr'><strong>quas</strong></span> <span class='ocrx_word' id='word_1_169' title='bbox 989 3557 1070 3604; x_wconf 86' lang='lat' dir='ltr'><strong>ex</strong></span> <span class='ocrx_word' id='word_1_170' title='bbox 1102 3538 1411 3605; x_wconf 87' lang='lat' dir='ltr'><strong>instinctu</strong></span> <span class='ocrx_word' id='word_1_171' title='bbox 1442 3539 1726 3621; x_wconf 88' lang='lat' dir='ltr'><strong>quodam</strong></span> <span class='ocrx_word' id='word_1_172' title='bbox 1768 3541 2008 3608; x_wconf 93' lang='lat' dir='ltr'><strong>Diuino</strong></span> <span class='ocrx_word' id='word_1_173' title='bbox 2042 3561 2173 3608; x_wconf 91' lang='lat' dir='ltr'><strong>non</strong></span> <span class='ocrx_word' id='word_1_174' title='bbox 2207 3547 2304 3608; x_wconf 88' lang='lat' dir='ltr'><strong>cst</strong></span> <span class='ocrx_word' id='word_1_175' title='bbox 2336 3540 2604 3607; x_wconf 88' lang='lat' dir='ltr'><strong>dubium</strong></span> <span class='ocrx_word' id='word_1_176' title='bbox 2639 3539 3053 3624; x_wconf 84' lang='lat' dir='ltr'><strong>processisse,</strong></span> 
     </span>
     <span class='ocr_line' id='line_1_25' title="bbox 789 3644 3050 3735; baseline -0.002 -23"><span class='ocrx_word' id='word_1_177' title='bbox 789 3646 1243 3733; x_wconf 83' lang='lat' dir='ltr'><strong>approbamus,</strong></span> <span class='ocrx_word' id='word_1_178' title='bbox 1292 3646 1712 3735; x_wconf 87' lang='lat' dir='ltr'><strong>ratificamus,</strong></span> <span class='ocrx_word' id='word_1_179' title='bbox 1748 3654 1815 3715; x_wconf 86' lang='lat' dir='ltr'><strong>et</strong></span> <span class='ocrx_word' id='word_1_180' title='bbox 1846 3656 2071 3733; x_wconf 89' lang='lat' dir='ltr'><strong>gratas</strong></span> <span class='ocrx_word' id='word_1_181' title='bbox 2102 3647 2440 3734; x_wconf 87' lang='lat' dir='ltr'><strong>habentes,</strong></span> <span class='ocrx_word' id='word_1_182' title='bbox 2484 3644 2807 3733; x_wconf 88' lang='lat' dir='ltr'><strong>presentis</strong></span> <span class='ocrx_word' id='word_1_183' title='bbox 2839 3645 3050 3712; x_wconf 88' lang='lat' dir='ltr'><strong>nostri</strong></span> 
     </span>
     <span class='ocr_line' id='line_1_26' title="bbox 791 3751 3050 3842; baseline 0.001 -25"><span class='ocrx_word' id='word_1_184' title='bbox 791 3751 1117 3838; x_wconf 87' lang='lat' dir='ltr'><strong>priuilegij</strong></span> <span class='ocrx_word' id='word_1_185' title='bbox 1153 3753 1516 3839; x_wconf 86' lang='lat' dir='ltr'><strong>patrocinio</strong></span> <span class='ocrx_word' id='word_1_186' title='bbox 1552 3754 2045 3842; x_wconf 87' lang='lat' dir='ltr'><strong>communimus,</strong></span> <span class='ocrx_word' id='word_1_187' title='bbox 2094 3775 2170 3823; x_wconf 93' lang='lat' dir='ltr'><strong>eo</strong></span> <span class='ocrx_word' id='word_1_188' title='bbox 2204 3755 2621 3823; x_wconf 86' lang='lat' dir='ltr'><strong>affectuosius</strong></span> <span class='ocrx_word' id='word_1_189' title='bbox 2655 3754 2872 3821; x_wconf 88' lang='lat' dir='ltr'><strong>omnia</strong></span> <span class='ocrx_word' id='word_1_190' title='bbox 2904 3773 3050 3837; x_wconf 89' lang='lat' dir='ltr'><strong>pre-</strong></span> 
     </span>
     <span class='ocr_line' id='line_1_27' title="bbox 792 3858 3049 3946; baseline 0 -22"><span class='ocrx_word' id='word_1_191' title='bbox 792 3859 993 3925; x_wconf 88' lang='lat' dir='ltr'><strong>missa</strong></span> <span class='ocrx_word' id='word_1_192' title='bbox 1024 3865 1089 3925; x_wconf 89' lang='lat' dir='ltr'><strong>et</strong></span> <span class='ocrx_word' id='word_1_193' title='bbox 1122 3860 1382 3944; x_wconf 86' lang='lat' dir='ltr'><strong>singula</strong></span> <span class='ocrx_word' id='word_1_194' title='bbox 1430 3858 1847 3929; x_wconf 89' lang='lat' dir='ltr'><strong>intendentes</strong></span> <span class='ocrx_word' id='word_1_195' title='bbox 1888 3882 2312 3946; x_wconf 83' lang='lat' dir='ltr'><strong>conseruare,</strong></span> <span class='ocrx_word' id='word_1_196' title='bbox 2364 3881 2490 3943; x_wconf 87' lang='lat' dir='ltr'><strong>quo</strong></span> <span class='ocrx_word' id='word_1_197' title='bbox 2550 3862 2800 3928; x_wconf 87' lang='lat' dir='ltr'><strong>cercius</strong></span> <span class='ocrx_word' id='word_1_198' title='bbox 2852 3860 2920 3924; x_wconf 90' lang='lat' dir='ltr'><strong>in</strong></span> <span class='ocrx_word' id='word_1_199' title='bbox 2954 3859 3049 3926; x_wconf 87' lang='lat' dir='ltr'><strong>eis</strong></span> 
     </span>
     <span class='ocr_line' id='line_1_28' title="bbox 792 3966 3049 4053; baseline -0.001 -20"><span class='ocrx_word' id='word_1_200' title='bbox 792 3966 1100 4033; x_wconf 85' lang='lat' dir='ltr'><strong>Diuinam</strong></span> <span class='ocrx_word' id='word_1_201' title='bbox 1135 3966 1379 4052; x_wconf 88' lang='lat' dir='ltr'><strong>placari</strong></span> <span class='ocrx_word' id='word_1_202' title='bbox 1410 3968 1677 4035; x_wconf 89' lang='lat' dir='ltr'><strong>firmiter</strong></span> <span class='ocrx_word' id='word_1_203' title='bbox 1716 3969 2038 4036; x_wconf 88' lang='lat' dir='ltr'><strong>credimus</strong></span> <span class='ocrx_word' id='word_1_204' title='bbox 2071 3970 2502 4037; x_wconf 85' lang='lat' dir='ltr'><strong>Maiestatem.</strong></span> <span class='ocrx_word' id='word_1_205' title='bbox 2552 3970 2640 4035; x_wconf 89' lang='lat' dir='ltr'><strong>Vt</strong></span> <span class='ocrx_word' id='word_1_206' title='bbox 2677 3968 2875 4052; x_wconf 90' lang='lat' dir='ltr'><strong>igitur</strong></span> <span class='ocrx_word' id='word_1_207' title='bbox 2908 3987 3049 4053; x_wconf 88' lang='lat' dir='ltr'><strong>pre·</strong></span> 
     </span>
     <span class='ocr_line' id='line_1_29' title="bbox 792 4073 3051 4164; baseline -0.001 -25"><span class='ocrx_word' id='word_1_208' title='bbox 792 4073 994 4142; x_wconf 88' lang='lat' dir='ltr'><strong>missa</strong></span> <span class='ocrx_word' id='word_1_209' title='bbox 1027 4074 1378 4160; x_wconf 86' lang='lat' dir='ltr'><strong>ordinacio,</strong></span> <span class='ocrx_word' id='word_1_210' title='bbox 1426 4073 1721 4164; x_wconf 81' lang='lat' dir='ltr'><strong>donacio,</strong></span> <span class='ocrx_word' id='word_1_211' title='bbox 1758 4076 2030 4144; x_wconf 88' lang='lat' dir='ltr'><strong>collacio</strong></span> <span class='ocrx_word' id='word_1_212' title='bbox 2064 4097 2180 4145; x_wconf 89' lang='lat' dir='ltr'><strong>seu</strong></span> <span class='ocrx_word' id='word_1_213' title='bbox 2212 4074 2564 4159; x_wconf 85' lang='lat' dir='ltr'><strong>disposicio</strong></span> <span class='ocrx_word' id='word_1_214' title='bbox 2596 4081 2739 4142; x_wconf 90' lang='lat' dir='ltr'><strong>rate</strong></span> <span class='ocrx_word' id='word_1_215' title='bbox 2770 4081 2834 4141; x_wconf 90' lang='lat' dir='ltr'><strong>et</strong></span> <span class='ocrx_word' id='word_1_216' title='bbox 2869 4073 3051 4139; x_wconf 87' lang='lat' dir='ltr'><strong>firme</strong></span> 
     </span>
     <span class='ocr_line' id='line_1_30' title="bbox 792 4179 3050 4270; baseline -0.002 -22"><span class='ocrx_word' id='word_1_217' title='bbox 792 4182 859 4248; x_wconf 94' lang='lat' dir='ltr'><strong>in</strong></span> <span class='ocrx_word' id='word_1_218' title='bbox 892 4189 1222 4268; x_wconf 88' lang='lat' dir='ltr'><strong>posterum</strong></span> <span class='ocrx_word' id='word_1_219' title='bbox 1261 4190 1675 4269; x_wconf 88' lang='lat' dir='ltr'><strong>perseueret,</strong></span> <span class='ocrx_word' id='word_1_220' title='bbox 1723 4183 2077 4270; x_wconf 88' lang='lat' dir='ltr'><strong>premissas</strong></span> <span class='ocrx_word' id='word_1_221' title='bbox 2130 4182 2584 4269; x_wconf 86' lang='lat' dir='ltr'><strong>priuilegiales</strong></span> <span class='ocrx_word' id='word_1_222' title='bbox 2629 4181 2890 4250; x_wconf 82' lang='lat' dir='ltr'><strong>litteras</strong></span> <span class='ocrx_word' id='word_1_223' title='bbox 2941 4179 3050 4246; x_wconf 87' lang='lat' dir='ltr'><strong>aui</strong></span> 
     </span>
     <span class='ocr_line' id='line_1_31' title="bbox 791 4288 3051 4379; baseline 0 -24"><span class='ocrx_word' id='word_1_224' title='bbox 791 4290 993 4357; x_wconf 87' lang='lat' dir='ltr'><strong>nostri</strong></span> <span class='ocrx_word' id='word_1_225' title='bbox 1027 4290 1301 4374; x_wconf 86' lang='lat' dir='ltr'><strong>predicti</strong></span> <span class='ocrx_word' id='word_1_226' title='bbox 1334 4291 1416 4360; x_wconf 88' lang='lat' dir='ltr'><strong>de</strong></span> <span class='ocrx_word' id='word_1_227' title='bbox 1449 4293 1646 4360; x_wconf 82' lang='lat' dir='ltr'><strong>verbo</strong></span> <span class='ocrx_word' id='word_1_228' title='bbox 1680 4291 1766 4358; x_wconf 89' lang='lat' dir='ltr'><strong>ad</strong></span> <span class='ocrx_word' id='word_1_229' title='bbox 1798 4293 2063 4359; x_wconf 86' lang='lat' dir='ltr'><strong>verbum</strong></span> <span class='ocrx_word' id='word_1_230' title='bbox 2098 4292 2371 4358; x_wconf 85' lang='lat' dir='ltr'><strong>insertas</strong></span> <span class='ocrx_word' id='word_1_231' title='bbox 2405 4290 2838 4379; x_wconf 86' lang='lat' dir='ltr'><strong>presentibus,</strong></span> <span class='ocrx_word' id='word_1_232' title='bbox 2893 4288 3051 4373; x_wconf 88' lang='lat' dir='ltr'><strong>dup-</strong></span> 
     </span>
     <span class='ocr_line' id='line_1_32' title="bbox 792 4396 3050 4482; baseline -0.001 -20"><span class='ocrx_word' id='word_1_233' title='bbox 792 4396 985 4481; x_wconf 87' lang='lat' dir='ltr'><strong>plicis</strong></span> <span class='ocrx_word' id='word_1_234' title='bbox 1036 4398 1238 4482; x_wconf 87' lang='lat' dir='ltr'><strong>sigilli</strong></span> <span class='ocrx_word' id='word_1_235' title='bbox 1290 4400 1492 4468; x_wconf 89' lang='lat' dir='ltr'><strong>nostri</strong></span> <span class='ocrx_word' id='word_1_236' title='bbox 1545 4400 1897 4466; x_wconf 90' lang='lat' dir='ltr'><strong>munimine</strong></span> <span class='ocrx_word' id='word_1_237' title='bbox 1947 4399 2247 4466; x_wconf 85' lang='lat' dir='ltr'><strong>duximus</strong></span> <span class='ocrx_word' id='word_1_238' title='bbox 2300 4397 2723 4465; x_wconf 85' lang='lat' dir='ltr'><strong>roborandas.</strong></span> <span class='ocrx_word' id='word_1_239' title='bbox 2807 4399 3050 4463; x_wconf 88' lang='lat' dir='ltr'><strong>Datum</strong></span> 
     </span>
     <span class='ocr_line' id='line_1_33' title="bbox 792 4503 3050 4590; baseline -0.002 -19"><span class='ocrx_word' id='word_1_240' title='bbox 792 4512 856 4571; x_wconf 88' lang='lat' dir='ltr'><strong>et</strong></span> <span class='ocrx_word' id='word_1_241' title='bbox 919 4512 1132 4574; x_wconf 88' lang='lat' dir='ltr'><strong>actum</strong></span> <span class='ocrx_word' id='word_1_242' title='bbox 1197 4526 1368 4574; x_wconf 91' lang='lat' dir='ltr'><strong>anno</strong></span> <span class='ocrx_word' id='word_1_243' title='bbox 1431 4507 1694 4574; x_wconf 92' lang='lat' dir='ltr'><strong>Domini</strong></span> <span class='ocrx_word' id='word_1_244' title='bbox 1760 4508 2107 4575; x_wconf 86' lang='lat' dir='ltr'><strong>millesimo</strong></span> <span class='ocrx_word' id='word_1_245' title='bbox 2169 4505 2516 4573; x_wconf 83' lang='lat' dir='ltr'>CC⁰LXX⁰</span> <span class='ocrx_word' id='word_1_246' title='bbox 2567 4526 2734 4571; x_wconf 92' lang='lat' dir='ltr'><strong>nono</strong></span> <span class='ocrx_word' id='word_1_247' title='bbox 2756 4555 2773 4590; x_wconf 92' lang='lat'><strong>,</strong></span> <span class='ocrx_word' id='word_1_248' title='bbox 2842 4503 3050 4588; x_wconf 87' lang='lat' dir='ltr'><strong>Regni</strong></span> 
     </span>
     <span class='ocr_line' id='line_1_34' title="bbox 791 4605 1707 4686; baseline 0.001 -4"><span class='ocrx_word' id='word_1_249' title='bbox 791 4620 1009 4682; x_wconf 83' lang='lat' dir='ltr'><strong>autem</strong></span> <span class='ocrx_word' id='word_1_250' title='bbox 1060 4615 1264 4685; x_wconf 88' lang='lat' dir='ltr'><strong>nostri</strong></span> <span class='ocrx_word' id='word_1_251' title='bbox 1296 4636 1466 4685; x_wconf 87' lang='lat' dir='ltr'><strong>anno</strong></span> <span class='ocrx_word' id='word_1_252' title='bbox 1501 4605 1707 4686; x_wconf 66' lang='lat' dir='ltr'><strong>sexto]</strong></span> 
     </span>
    </p>
   </div>
  </div>
 </body>
</html>
