3319 5249
1338 362 1464 434 179

1320 903 1473 973 121.

267 1104 550 1170 Ενεεέόει
580 1054 1007 1190 k-irdlgjndnak
1038 1104 1273 1172 Dubza
1324 1106 1621 1194 helyse'qet
1672 1109 1984 1193 tciryyazd
2013 1109 2377 1196 adomdnya
2406 1109 2521 1176 Ja-

889 1211 1012 1277 kab
1063 1222 1285 1279 mester
1322 1218 1640 1280 szdmdra.
1692 1218 1888 1283 1277.

474 1408 834 1497 Elysabeth
866 1410 992 1475 Dei
1027 1410 1251 1492 gracia
1282 1410 1538 1495 Regina
1568 1410 1906 1495 Hungarie
1949 1412 2248 1481 omnibus
2283 1413 2520 1485 Christi

268 1518 560 1586 fidelibus
613 1518 1032 1604 presentibus
1084 1516 1330 1602 pariter
1384 1526 1445 1586 et
1495 1518 1735 1587 futuris
1783 1528 2152 1605 presentem
2206 1523 2516 1609 paginam

268 1626 954 1714 inspecturis,salu¹em
987 1625 1055 1692 in
1088 1627 1389 1695 Domino,
1436 1626 1512 1694 In
1547 1632 1797 1713 partem
1836 1628 2179 1713 Reginalis
2213 1630 2517 1713 sollicitu-

269 1734 430 1802 dinis
461 1734 715 1802 accedit
769 1734 982 1802 metiri
1035 1734 1265 1803 merita
1315 1734 1758 1821 singulorum,
1809 1743 1872 1803 et
1905 1737 2250 1821 vnicuique
2291 1760 2519 1806 secun·

269 1845 408 1910 dum
441 1844 848 1929 exigenciam
882 1845 1248 1911 moritorum
1283 1843 1675 1932 respondere
1696 1899 1716 1933 ,
1765 1854 1834 1913 vt
1882 1847 1973 1933 hij
2009 1867 2283 1930 quorum
2318 1868 2518 1935 opera

266 1954 581 2038 singulari
651 1953 931 2037 quodam
997 1946 1339 2038 probitatis
1402 1956 1595 2022 titulo
1663 1953 2103 2023 commendari
2167 1964 2513 2044 merentur,

267 2063 408 2129 dum
442 2063 992 2133 remuneracionis
1024 2064 1345 2130 beneficio
1382 2062 1784 2149 prospiciunt
1817 2086 1888 2132 se
1912 2064 2240 2152 fecundoS,
2274 2067 2355 2133 de
2387 2069 2515 2135 uir·

264 2178 392 2239 tute
421 2189 716 2238 crescere
747 2171 1053 2239 studeant
1103 2172 1169 2237 in
1221 2171 1532 2259 uirtutes;
1582 2174 1697 2259 alij
1735 2192 1992 2257 quoque
2045 2194 2265 2242 eorum
2301 2195 2513 2243 exem·

266 2281 367 2363 plo
399 2280 486 2345 ad
505 2301 707 2367 operu
729 2278 1062 2346 fidelitatis
1084 2279 1448 2347 exercenda
1470 2287 1771 2366 prompta
1791 2301 2045 2367 semper
2065 2289 2128 2347 et
2146 2292 2382 2368 parata
2406 2285 2515 2351 be-

266 2389 644 2457 niuolencia
663 2388 1038 2456 inuitentur.
1070 2388 1347 2455 Proinde
1380 2389 1466 2455 ad
1487 2389 1939 2457 vniuersitatis
1973 2397 2182 2458 vestre
2205 2391 2514 2458 noticiam

265 2495 484 2565 harum
520 2500 695 2566 serie
724 2499 1023 2566 volumus
1057 2499 1436 2585 peruenire3
1487 2497 1661 2583 quod
1710 2519 1855 2565 cum
1888 2499 2204 2585 Magister
2237 2500 2517 2567 Jacobus

264 2606 469 2674 fidelis
501 2615 745 2693 noster,
792 2607 895 2674 vir
946 2608 1170 2692 utique
1219 2605 1459 2675 nobilis
1514 2614 1578 2673 et
1611 2605 1946 2694 honestae,
1995 2606 2256 2676 domino
2288 2606 2516 2674 Ladiz-

261 2715 361 2782 lao
389 2715 643 2784 Illustri
675 2717 839 2800 Regi
871 2717 1204 2802 Hungarie
1254 2715 1601 2784 karissimo
1654 2715 1786 2783 filio
1839 2724 2056 2785 nostro
2089 2718 2154 2784 in
2190 2718 2515 2804 prosperis

261 2826 502 2909 pariter
532 2831 599 2892 et
630 2824 943 2911 aduersis,
992 2845 1337 2910 personam
1371 2844 1556 2893 suam
1606 2824 1867 2893 casibus
1919 2824 2172 2894 fortune
2225 2806 2512 2894 commit·

258 2941 390 3001 tere
424 2956 563 3001 non
594 2932 974 3018 formidans,
1020 2941 1276 3018 gratum
1314 2936 1384 3000 in
1415 2934 1668 3003 feruore
1707 2954 1884 3001 mere
1917 2933 2258 3002 fidelitatis
2289 2936 2516 3020 inpen-

256 3043 417 3110 derit
445 3042 878 3110 famulatum:
927 3043 1221 3110 volentes
1255 3042 1466 3111 eidem
1518 3042 1586 3108 in
1636 3043 2283 3130 reconpensacionem
2316 3043 2516 3112 serui·

254 3151 497 3218 ciorum
529 3171 813 3235 suorum,
845 3151 1000 3218 licet
1031 3151 1335 3236 ampliori
1355 3151 1731 3235 prouisione
1754 3150 1992 3236 dignus
2016 3158 2203 3239 esset,
2240 3152 2517 3234 aliquali

254 3259 804 3328 remuneracionis
837 3256 1166 3344 stipendio
1188 3259 1619 3345 respondere;
1673 3259 1991 3343 quasdam
2023 3261 2219 3328 villas
2253 3267 2513 3328 nostras

252 3368 414 3435 duas
447 3368 687 3434 Dubza
719 3374 1121 3453 noncupatas
1155 3367 1221 3433 in
1256 3368 1578 3436 comitatu
1611 3368 2039 3452 Segusdiensi
2073 3368 2198 3435 sibi
2229 3368 2512 3435 inuicem

253 3476 592 3560 contiguas
627 3481 691 3543 et
722 3475 997 3562 vicinas,
1048 3474 1114 3542 in
1149 3496 1421 3561 quarum
1455 3476 1668 3544 altera
1697 3476 1980 3545 ecclesia
2012 3475 2202 3544 Beati
2251 3473 2520 3544 Martini

251 3595 346 3654 est
379 3585 685 3669 fundata,
751 3605 895 3651 cum
951 3585 1089 3652 suis
1139 3585 1530 3654 vtilitatibus
1582 3593 1647 3653 et
1697 3585 2119 3672 pertinencijs
2187 3583 2513 3652 vuiuersis

249 3692 375 3778 ipsi
409 3693 726 3778 Magistro
759 3691 1008 3761 Jacobo
1069 3700 1135 3760 et
1167 3694 1301 3761 suis
1336 3693 1686 3762 heredibus
1748 3693 2187 3777 heredumque
2249 3711 2509 3759 suorum

250 3801 738 3870 successoribus
771 3801 1091 3886 dedimuS,
1124 3801 1508 3870 donauimus
1542 3808 1605 3869 et
1639 3801 2029 3869 contulimus
2083 3807 2395 3887 perpetuo
2444 3806 2509 3866 et

245 3910 520 3995 pacifice
577 3908 1028 3996 possidendas.
1072 3911 1150 3977 In
1200 3912 1385 3978 cuius
1435 3910 1530 3979 rei
1582 3909 1963 3977 memoriam
2014 3908 2512 3992 firmitatemque

245 4026 628 4105 perpetuam
659 4027 998 4104 presentes
1029 4018 1286 4104 prefato
1319 4019 1632 4102 Magistro
1668 4016 1914 4086 Jacobo
1949 4016 2383 4084 concessimus
2414 4016 2518 4082 lit-

244 4135 426 4194 teras
459 4126 790 4213 dupplicis
822 4126 1028 4212 sigilli
1060 4126 1260 4196 nostri
1314 4127 1671 4196 munimine
1703 4128 2064 4196 roboratas.
2110 4126 2351 4191 Datum
2398 4147 2516 4213 per

244 4255 487 4305 manus
537 4234 829 4321 Magistri
865 4235 1166 4322 Gregorij
1209 4238 1363 4304 aule
1395 4243 1612 4304 nostre
1645 4235 2032 4320 Cancellarij
2068 4233 2281 4302 fidelis
2312 4232 2518 4301 nostri

245 4365 423 4413 anno
458 4341 722 4412 Domini
770 4342 994 4411 Μ’ὈΟο
1024 4345 1515 4431 septuagesimo
1542 4345 1848 4431 septimo.

238 4491 365 4558 (HL
407 4491 596 4544 Endre
640 4486 937 4555 kiralynak
987 4491 1209 4544 1298-ki
1246 4488 1566 4558 megerb'slto
1617 4486 2093 4558 privilegiumabol
2141 4503 2175 4540 a
2216 4487 2385 4541 budai
2413 4487 2517 4540 kir.

1064 4584 1313 4637 kamarai
1351 4577 1715 4649 leveltarban)

2065 4777 2196 4845 12*
