3319 5249
1783 281 1914 344 544

714 472 1132 562 (kovetkezik
1165 495 1241 540 az
1291 475 1675 558 esztergami
1726 470 2184 558 kaptalannak
2234 473 2566 559 okmanya
2614 470 2774 539 mint
2822 469 2998 537 fen·

709 585 887 651 tebb.
911 586 1042 652 386
1064 603 1149 649 sz.
1172 580 1264 668 a.)

926 689 1272 757 Peeierunt
1305 690 1525 773 itaque
1557 686 1759 772 ijdem
1791 687 2123 755 Adrianus
2157 695 2222 753 et
2270 688 2588 771 Magister
2635 687 2980 775 Anyanus

708 819 750 864 a
780 796 968 864 nobis
998 797 1338 883 instanter,
1374 795 1686 881 dicentes,
1720 794 1892 878 quod
1925 816 2069 861 cum
2103 794 2458 881 predictum
2511 793 2990 862 concambium

708 913 1029 972 terrarum
1062 903 1582 990 supradictarum
1612 903 1821 988 ipsius
1853 903 2126 970 Adriani
2163 910 2232 971 ct
2267 903 2502 989 prefati
2557 903 2980 989 strigonien-

708 1015 799 1080 sis
851 1012 1142 1098 Capituli
1190 1011 1581 1099 processerit
1629 1011 1712 1077 de
1764 1031 2053 1079 consona
2107 1019 2183 1079 et
2228 1010 2542 1079 beniuola
2593 1012 2971 1097 uoluntate,

707 1125 1116 1206 prenotatam
1168 1118 1579 1204 priuilegium
1629 1117 1913 1206 Capituli
1963 1118 2430 1203 strigoniensis
2513 1119 2580 1184 in
2629 1120 2981 1205 publicam

710 1226 985 1294 formam
1017 1226 1222 1293 nostri
1252 1225 1576 1312 priuilegij
1632 1226 1983 1293 transcribi
2034 1234 2098 1293 et
2146 1226 2344 1293 inseri
2394 1225 2770 1297 faceremus.
2827 1227 2986 1294 Nos

709 1341 925 1402 antem
960 1333 1346 1419 peticionem
1375 1353 1599 1401 eorum
1633 1333 2123 1401 considerantes
2142 1352 2286 1401 esse
2318 1353 2670 1418 congruam
2693 1334 2977 1418 racioni‚

712 1443 1070 1531 predictum
1104 1440 1520 1527 priuilegium
1552 1439 1636 1508 de
1667 1442 1865 1509 uerbo
1898 1441 1987 1507 ad
2020 1443 2290 1509 uerbum
2341 1440 2713 1526 redigentes
2761 1441 2827 1507 in
2880 1449 2986 1510 te·

710 1571 932 1619 norem
964 1549 1385 1636 presencium,
1420 1549 1965 1632 quemadmodum
1995 1557 2096 1618 est
2135 1548 2542 1636 premissum,
2598 1547 2804 1632 sigilli
2852 1568 2978 1615 no·

712 1659 829 1725 stri
897 1657 1298 1744 appensione
1366 1656 1669 1726 duximus
1737 1665 2102 1744 presentem
2151 1658 2461 1743 paginam
2511 1654 2982 1724 roborandam.

716 1766 965 1833 Datum
1000 1784 1173 1832 anno
1204 1772 1269 1831 et
1299 1764 1405 1830 dic
1456 1765 1757 1850 superius
1789 1764 2141 1833 annotatis.

893 1981 997 2047 (Aa
1028 1981 1230 2034 eredeti
1250 1977 1387 2032 utan
1415 1981 1612 2033 Knanz
1638 1975 1864 2032 Nandor
1887 1980 2118 2047 Magyar
2143 1979 2274 2032 Sion
2300 1980 2402 2031 111.
2431 1979 2542 2031 hot.
2573 1981 2695 2032 ⁷06.
2722 1980 2784 2047 1.)

1637 2286 2065 2297 -————-.-————

1779 2782 1933 2853 394.

726 2985 905 3050 Trau
936 2988 1124 3050 vdros
1154 2986 1405 3071 leoz-8692·
1440 2985 1980 3069 hatdrozmdnyai
2039 2981 2176 3048 tabb
2206 2982 2482 3048 odavalo'
2501 2983 2747 3070 polqdr
2775 2990 2983 3051 adm-

1406 3093 1640 3157 azetdse
1672 3090 2056 3176 tdryydban.
2091 3086 2289 3154 1290.

933 3285 1124 3353 Anno
1155 3284 1532 3353 M⁰cc⁰xc0
1564 3284 1671 3352 die
1702 3285 1975 3372 septimo
2008 3285 2248 3352 mensis
2299 3284 2551 3371 Marcij.
2616 3285 2851 3356 Actum
2895 3256 2974 3356 'in

720 3395 983 3481 palacio
1005 3393 1305 3461 Ciuitatis
1327 3394 1791 3478 Traguriensis
1811 3418 1827 3480 ;
1850 3393 2254 3480 presentibus
2273 3393 2531 3460 domino
2551 3395 2810 3463 Donato
2860 3395 2981 3463 do-

721 3505 883 3570 mini
933 3502 1163 3570 Nicole
1205 3502 1668 3584 examinatore,
1701 3499 1978 3569 dominis
2010 3502 2224 3570 Dessa
2252 3500 2591 3585 Amblasij,
2619 3501 2799 3568 Luca
2845 3504 2984 3570 Ma·

717 3610 877 3695 thei,
914 3609 1263 3676 Valentino
1298 3607 1651 3695 Casarizze,
1688 3614 1753 3676 et
1772 3609 1923 3696 alijs
1942 3608 2234 3692 pluribus
2254 3608 2551 3696 testibus,
2574 3608 2641 3676 bi
2640 3612 2707 3697 js
2728 3610 2981 3679 vocatis

709 3724 776 3785 et
806 3717 1070 3802 rogatis.
1103 3715 1271 3794 Quia
1300 3718 1554 3804 Petrus,
1585 3719 1821 3798 Lucas,
1851 3718 2133 3802 Zannes‚
2164 3718 2618 3785 Martinossius
2671 3725 2738 3784 et
2807 3720 2979 3786 Mar·

713 3826 981 3912 garitus‚
1014 3825 1128 3910 filij
1165 3824 1493 3910 quondam
1526 3824 1762 3892 Jacobi
1791 3823 1978 3908 Deeij
2017 3824 2098 3891 de
2146 3824 2485 3910 Tragurio,
2522 3825 2590 3892 in
2650 3846 2873 3893 eorum
2904 3828 2980 3894 li·

708 3937 962 4002 bertatc
990 3931 1257 4019 propria
1286 3935 1642 3999 existentes
1678 3953 1896 4000 coram
1931 3951 2031 3998 me
2063 3931 2360 4013 Notario,
2409 3932 2602 4001 dictis
2640 3935 2978 4003 examina-

712 4047 852 4108 tore
912 4046 978 4107 et
1024 4039 1299 4108 testibus
1362 4060 1515 4109 vere
1545 4042 1952 4124 confitentur,
1988 4039 2331 4107 affirmant
2364 4045 2431 4107 et
2460 4050 2776 4128 asserunt,
2809 4043 2984 4127 quod

717 4148 1018 4216 dominus
1052 4148 1237 4217 Vitus
1267 4149 1456 4216 Cerni
1489 4150 1569 4218 de
1601 4149 1835 4216 Jadria
1865 4170 1983 4218 suo
2015 4149 2274 4217 nomine
2331 4171 2449 4236 pro
2480 4150 2541 4215 D
2628 4149 2812 4215 libris
2835 4199 2855 4235 ‚
2914 4158 2984 4217 et

717 4255 1156 4342 procuratorio
1188 4256 1448 4322 nomine
1481 4254 1721 4323 domini
1785 4256 1993 4323 Micbe
2044 4256 2426 4324 Martinossi
2477 4256 2562 4324 de
2611 4253 2815 4324 Jadra
2857 4277 2982 4353 ⁸pro

717 4364 784 4431 Μ
815 4364 1019 4450 libris,
1053 4363 1491 4431 Preuoslauus
1515 4363 1822 4430 Dobralis
1856 4383 1972 4449 pro
2008 4363 2057 4428 C
2080 4363 2283 4447 libris,
2320 4362 2576 4430 Milcius
2605 4364 2818 4430 Desse
2866 4385 2983 4450 pro

715 4469 767 4536 C
798 4469 1001 4555 libris,
1052 4476 1117 4537 et
1170 4469 1487 4555 dompnus
1540 4469 1867 4538 Volcinna
1915 4470 2359 4556 procuratorio
2410 4472 2668 4537 nomine
2723 4469 2985 4539 domine

713 4578 1025 4647 Jacobine
1056 4598 1173 4645 sue
1202 4580 1426 4646 matris
1462 4599 1578 4665 pro
1611 4577 1663 4644 C
1696 4578 1902 4667 libris,
1936 4579 2235 4665 Duymus
2269 4578 2509 4665 Gaudij
2544 4599 2662 4667 pro
2695 4578 2746 4645 C
2776 4578 2984 4669 libris,
