3319 5249
1277 379 1593 477 33:³-

317 566 504 637 homo
550 579 765 640 uester
813 574 1141 657 quandam
1172 580 1409 641 terram
1443 574 1659 660 Chery
1694 583 2013 664 uocatam,
2050 596 2321 647 uacuam
2354 588 2419 649 et
2444 580 2555 649 ha·

320 675 700 750 bitatoribus
754 682 1144 766 destitutam,
1179 703 1396 750 coram
1456 685 1913 752 commetaneis
1968 693 2031 752 et
2078 687 2312 755 uicinis
2377 690 2560 756 iuxta

316 793 566 854 ueteres
620 798 828 857 metas
878 799 940 857 et
988 793 1176 876 signa
1228 794 1701 862 reambulasset
1748 799 1814 862 et
1860 795 2193 863 statuisset
2230 797 2559 864 Demetrio

315 894 550 962 Comiti
580 899 711 968 filio
742 900 980 986 Hunth,
1008 902 1262 968 nemine
1291 903 1766 971 contradictore
1799 903 2133 971 existente.

316 1093 438 1155 (IV.
484 1095 678 1150 Lfiszlo
722 1097 901 1167 kiraly
952 1102 1172 1156 1280-ki
1217 1099 1775 1169 adomanylevelebiil,
1802 1105 1939 1154 mint
1963 1101 2198 1161 sentem),
2227 1102 2349 1156 192.
2377 1121 2448 1155 ει.
2476 1100 2552 1173 a.)

1278 1889 1293 1908 ¹
1363 1874 1515 1942 207.

297 2074 505 2157 Buya
574 2074 876 2161 helysdqet
940 2078 1250 2163 tdrqyazd
1315 2077 1653 2141 osztoztat6
1701 2074 2175 2159 torve'nykezesi
2223 2079 2554 2143 hatcirozat

369 2181 574 2259 Jdkd,
606 2181 920 2248 Katennek
938 2184 1073 2266 fia,
1106 2186 1167 2249 &s
1197 2184 1609 2262 drdcktdrsai,
1642 2208 1674 2247 s
1705 2183 1966 2268 Mihdly
1998 2188 2056 2250 e's
2088 2184 2493 2251 &rdektdrsai

1239 2292 1398 2357 kszt.
1438 2291 1630 2354 1280.

527 2488 737 2554 Datur
786 2509 903 2573 pro
953 2489 1280 2571 memoria,
1329 2487 1501 2569 quod
1532 2489 1762 2554 Comes
1793 2487 1961 2556 Pons
1994 2488 2165 2557 filius
2195 2490 2405 2557 Merse
2436 2508 2552 2576 pro

304 2598 630 2664 Michaele
678 2597 811 2664 filio
857 2595 1115 2666 Andree
1168 2597 1251 2664 de
1307 2598 1515 2682 Buya,
1569 2596 1750 2664 cuius
1782 2604 2102 2683 protector
2132 2617 2214 2664 ex
2243 2596 2554 2665 mandato

303 2708 516 2790 Regio
548 2706 869 2788 extiterat,
900 2713 970 2771 ut
1001 2707 1277 2791 dicebat,
1311 2707 1392 2772 ab
1426 2725 1554 2772 uua
1586 2714 1795 2793 parte,
1839 2708 1925 2773 ab
1955 2707 2165 2773 altera
2194 2726 2351 2774 uero
2383 2704 2547 2772 Jaco

304 2814 485 2880 filius
529 2814 737 2880 Keten
793 2822 859 2880 et
900 2816 1085 2881 Acha
1132 2813 1330 2880 frater
1381 2811 1692 2898 eiusdem,
1729 2834 1807 2880 ac
1858 2815 2106 2880 Powka
2137 2813 2306 2881 filius
2336 2816 2549 2880 Povsa

303 2924 831 3006 consanguineus
864 2922 1250 3007 eorundem3
1285 2924 1439 2988 item
1470 2923 1698 2989 Nemel
1723 2924 1891 2989 filius
1909 2922 2179 3009 MirizIO,
2204 2930 2267 2990 et
2290 2924 2548 2989 Mortun

306 3051 391 3096 ac
443 3031 708 3117 Symum
759 3032 871 3117 filij
926 3030 1027 3097 sui
1059 3029 1141 3095 de
1175 3028 1401 3097 eadem
1434 3030 1621 3114 Buya
1653 3048 1867 3095 coram
1900 3029 2088 3096 nobis
2120 3031 2551 3115 personaliter

306 3139 642 3207 constituti
662 3139 983 3223 dixerunt,
1001 3136 1172 3222 quod
1204 3158 1348 3205 cum
1381 3134 1731 3204 secundum
1764 3139 2231 3204 continenciam
2264 3139 2546 3223 priorum

306 3247 672 3312 litterarum
724 3254 1088 3313 nostrarum
1143 3245 1585 3311 memorialum
1617 3245 1787 3311 inter
1817 3244 2136 3331 prefatum
2169 3244 2550 3311 Michaelem

306 3364 377 3421 et
420 3357 581 3422 Jaco
629 3375 707 3420 ac
754 3354 937 3421 Acha
984 3359 1357 3441 prenotatos
1406 3353 1472 3418 in
1524 3360 1697 3421 terra
1746 3355 2028 3439 ipsorum
2082 3355 2265 3440 Buya
2317 3359 2550 3420 uocata

306 3463 542 3530 diuisio
593 3462 769 3528 facta
809 3463 1152 3547 extitisset,
1188 3471 1252 3529 et
1283 3463 1512 3529 Nemel
1547 3483 1623 3528 ac
1655 3462 1773 3543 filij
1808 3463 1909 3530 sui
1940 3464 2276 3529 memorati
2309 3464 2375 3527 in
2408 3462 2552 3547 ipsa

302 3573 627 3639 diuisione
660 3593 785 3637 nou
821 3571 1111 3653 fuissent,
1147 3572 1407 3638 tandem
1441 3571 1871 3638 mediantibus
1902 3571 2043 3656 ipso
2075 3570 2323 3637 Comite
2353 3568 2547 3655 Povs,

301 3692 376 3748 et
420 3682 687 3764 Mathey
734 3682 867 3746 filio
918 3683 1135 3747 Povsa
1186 3682 1264 3746 de
1314 3681 1522 3765 Lelez,
1561 3671 1651 3745 ac
1682 3680 1831 3762 alijs
1862 3680 2022 3747 uiris
2051 3678 2326 3762 ydoneis
2355 3696 2547 3761 quam

300 3791 600 3876 pluribus
647 3790 872 3856 taliter
922 3790 1250 3857 extitisset
1298 3809 1494 3875 super
1525 3792 1673 3874 ipsa
1704 3788 2024 3855 diuisione
2056 3786 2350 3873 predicte
2381 3794 2548 3853 terre

302 3898 719 3966 ordinatum:
752 3899 926 3982 quod
975 3898 1254 3966 Michael
1308 3898 1676 3966 antedictus
1727 3898 2049 3982 prefatam
2097 3904 2334 3964 terram
2363 3896 2551 3981 Buya

304 4016 609 4075 uocatam
661 4008 991 4077 diuisisset
1039 4008 1106 4074 in
1158 4007 1319 4074 duas
1372 4013 1589 4092 partes
1644 4006 1928 4091 equales,
1979 4026 2059 4071 ex
2092 4006 2320 4088 quibus
2353 4024 2547 4069 unam

303 4127 549 4203 partem
587 4133 644 4183 ‘a
694 4124 878 4203 parte
927 4117 1335 4184 meridionali
1369 4117 1810 4182 subiacentem
1842 4117 2021 4201 Jaco,
2054 4114 2255 4196 Acha,
2288 4113 2538 4195 Pouka,

307 4228 532 4295 Nemel
583 4234 646 4292 et
692 4226 808 4310 filij
864 4227 965 4293 sui
1015 4226 1350 4291 memorati
1398 4225 1705 4308 eligendo
1738 4224 2134 4310 recepissent
2162 4222 2289 4289 sibi
2318 4229 2385 4289 et
2413 4221 2549 4288 suis

306 4335 653 4402 heredibus
685 4334 824 4400 iure
854 4341 1167 4420 perpetuo
1198 4333 1678 4418 possidendam,
1729 4331 1983 4413 reliqua
2010 4337 2212 4416 parte,
2243 4329 2551 4395 uidelicet

308 4463 348 4507 a
397 4451 582 4529 parte
632 4442 1174 4529 septemtrionali,
1207 4442 1414 4508 eidem
1465 4440 1768 4513 Michaeli
1820 4448 1884 4506 et
1912 4441 2045 4506 filio
2076 4458 2192 4505 suo
2224 4456 2305 4503 ac
2333 4456 2550 4503 eorum

315 4551 656 4619 heredibus
694 4559 1065 4619 remanente
1099 4551 1393 4618 similiter
1417 4552 1552 4617 iure
1585 4556 1898 4636 perpetuo
1930 4546 2342 4634 possidenda.
2384 4547 2553 4611 Mete

313 4670 517 4727 autem
570 4661 1019 4729 distinccionis
1071 4661 1362 4747 predicte
1394 4665 1582 4745 terre,
1615 4659 1785 4726 sicut
1817 4661 2034 4741 partes
2064 4655 2414 4722 recitarunt
2444 4672 2547 4720 co·

394 4800 593 4838 nortun.
624 4799 791 4836 nuno.
826 4797 965 4835 uror.
996 4808 1082 4818 --
1114 4797 1339 4835 nirtou.
1374 4787 1445 4833 1⁷.
2152 4765 2229 4834 19
