3319 5249
1645 249 1782 314 574

588 441 838 510 uocatis
873 440 1339 508 commetaneis
1378 446 1443 505 et
1474 439 1726 523 vicinis,
1782 449 1844 506 et
1892 440 2168 507 eandem
2215 448 2531 508 statueret
2594 449 2660 509 et
2688 444 2841 509 assi-

589 555 819 633 gnaret
864 547 1253 615 Monasterio
1305 547 1503 615 Beate
1553 547 1839 631 Virginis
1892 548 1973 615 de
2033 546 2206 614 dicta
2237 548 2465 616 Insula
2526 558 2842 636 perpetuo

587 654 1046 741 possidendam
1088 654 1275 720 nouis
1325 654 1515 721 metis
1568 655 1851 738 vndique
1883 652 2365 722 circumdando.
2422 657 2583 722 Cum
2642 657 2842 740 igitur

589 783 708 829 nos
771 768 1073 846 precepto
1134 760 1502 829 huiusmodi
1566 760 1863 829 mandati
1920 798 2484 813 —————
2548 772 2838 829 nostrum

585 869 906 935 hominem
957 889 1098 934 eum
1147 869 1399 954 prefato
1451 870 1762 955 Magistro
1827 872 1902 935 Β.
1955 871 2378 958 misissemus,
2431 873 2836 956 postmodum

583 975 783 1058 ijdem
813 975 1121 1058 Magister
1150 976 1225 1044 Β.
1259 981 1323 1041 et
1354 975 1544 1042 homo
1577 985 1803 1044 noster
1854 977 1940 1043 ad
1972 1000 2089 1046 nos
2122 979 2314 1044 simul
2347 980 2594 1045 reuersi
2645 979 2830 1045 nobis

587 1082 991 1149 concorditer
1024 1084 1400 1172 retulerunt,
1434 1084 1606 1169 quod
1653 1086 1795 1170 ipse
1847 1087 2160 1171 Magister
2193 1088 2265 1152 B.
2303 1086 2661 1170 predictam
2697 1108 2836 1171 pos·

588 1189 942 1257 sessionem
974 1190 1200 1257 Chaba
1250 1193 1589 1259 reambula
1614 1229 1685 1273 7-
1737 1228 1824 1240 —-
1853 1230 1942 1239 —-
1973 1231 2060 1242 —
2091 1193 2496 1278 presentibus
2546 1196 2840 1259 omnibus

587 1298 1048 1365 commetaneis
1073 1306 1135 1367 et
1158 1296 1385 1365 vicinis
1408 1301 1587 1367 nullo
1639 1301 2118 1367 contradictore
2175 1308 2530 1384 apparente
2562 1300 2833 1366 eandem

590 1423 732 1469 cum
757 1405 1049 1472 omnibus
1083 1405 1467 1472 Vtilitatibus
1499 1403 1592 1492 (et
1611 1404 2065 1493 pertinencijs)
2100 1406 2236 1473 suis
2269 1407 2387 1472 sub
2421 1407 2614 1473 certis
2649 1408 2836 1472 metis

588 1512 824 1578 statuit
857 1519 921 1578 et
952 1514 1315 1595 assignauit
1347 1510 1617 1599 (eidem)
1675 1512 2073 1579 Monasterio
2124 1519 2190 1579 et
2235 1513 2562 1579 sororibus
2612 1534 2809 1599 supra

588 1618 776 1685 dictis
812 1655 1618 1668 ———————
1648 1620 1725 1686 B.
1760 1628 1826 1687 et
1856 1620 2046 1686 homo
2097 1629 2317 1687 noster
2366 1621 2553 1687 nobis
2605 1623 2835 1687 retule-

601 1735 773 1792 runt.
813 1725 1039 1814 (Cuius
1074 1725 1336 1809 quidem
1369 1724 1565 1813 mete)
1590 1726 1712 1794 hoc
1731 1728 1955 1793 ordine
1975 1727 2372 1811 distiguntur
2393 1754 2408 1791 :
2430 1730 2651 1795 Prima
2671 1737 2841 1794 meta

595 1835 827 1919 incipit
859 1856 899 1899 a
931 1841 1114 1918 parte
1146 1833 1452 1899 orientali
1483 1835 1549 1900 in
1585 1843 1800 1902 monte
1850 1835 1917 1901 in
1969 1855 2206 1918 magna
2256 1836 2428 1901 silua
2478 1857 2597 1920 per
2646 1838 2836 1921 viam,

584 1963 709 2025 que
741 1944 916 2009 venit
946 1964 988 2009 a
1019 1950 1201 2026 parte
1236 1941 1756 2024 septemtrionali
1788 1942 1868 2009 de
1924 1943 2124 2027 Chen,
2174 1963 2294 2028 per
2342 1962 2537 2024 quam
2587 1946 2717 2008 itur
2766 1943 2835 2008 in

585 2051 648 2114 K
682 2087 763 2098 -
806 2087 879 2097 —
924 2090 1000 2098 —
1042 2086 1124 2099 —
1157 2049 1270 2116 via
1301 2056 1536 2117 vocata
1566 2051 1787 2134 Kuest,
1824 2051 1936 2117 ubi
1967 2058 2235 2134 separat
2265 2050 2348 2117 de
2382 2087 2467 2097 —
2505 2088 2581 2097 —
2625 2089 2706 2099 -
2750 2087 2825 2096 -

583 2159 731 2243 plus
763 2165 1035 2243 vocata;
1073 2157 1307 2224 deinde
1337 2178 1567 2243 parum
1620 2158 1835 2226 eundo
1897 2158 1983 2223 ad
2034 2165 2275 2244 partem
2331 2158 2828 2225 meridionalem

584 2267 720 2333 exit
748 2267 829 2332 de
863 2268 972 2333 via
1001 2266 1088 2334 ad
1120 2273 1371 2351 partem
1405 2266 1881 2334 occidentalem
1915 2289 2142 2353 parum
2164 2267 2500 2335 diuertens
2522 2289 2637 2354 per
2659 2268 2826 2332 viam

584 2375 1065 2458 graminosam;
1097 2374 1335 2441 abhinc
1366 2375 1688 2441 modicum
1722 2375 1930 2441 eundo
1979 2376 2393 2461 progreditur
2443 2376 2530 2441 ad
2580 2384 2832 2461 partem

583 2482 1077 2548 meridionalem
1109 2483 1344 2549 iterato
1380 2482 1469 2548 ad
1498 2486 1784 2550 montem
1815 2483 1884 2548 in
1915 2482 2162 2569 lapide,
2196 2483 2306 2550 vbi
2339 2491 2508 2550 mete
2560 2485 2820 2571 populo-

583 2611 721 2656 rum
755 2589 835 2655 de
867 2586 1072 2674 Kurth
1105 2588 1302 2656 simul
1335 2591 1794 2678 terminantur;
1832 2590 2070 2659 exinde
2104 2591 2507 2659 descendens
2542 2613 2659 2677 per
2707 2591 2822 2659 sic-

581 2720 724 2766 cam
757 2705 823 2764 et
852 2697 1219 2781 lapidosam
1247 2700 1487 2765 vallem
1525 2700 1762 2767 transit
1794 2720 2107 2783 magnam
2133 2699 2332 2788 viam,
2350 2721 2465 2784 per
2487 2720 2682 2784 quam
2704 2701 2829 2765 itur

520 2871 527 2880 ,
583 2808 666 2875 de
696 2805 1027 2890 Strigonio
1060 2807 1129 2872 in
1177 2806 1428 2873 Budam
1491 2815 1556 2874 et
1614 2810 1952 2893 perueniet
2004 2806 2089 2876 ad
2151 2808 2316 2875 duas
2379 2810 2641 2875 arbores
2705 2805 2828 2889 piri

580 2918 987 2982 vrskurthuez
1050 2921 1351 2999 vocatas5
1406 2915 1646 2983 abhinc
1679 2917 2037 2984 ascendens
2092 2916 2180 2981 ad
2251 2918 2652 2984 occidentem
2714 2936 2828 3000 per

580 3026 899 3093 arabilem
932 3033 1171 3093 terram
1202 3024 1271 3090 in
1302 3025 1522 3113 Bercz,
1557 3025 1738 3091 vadit
1770 3026 1884 3092 diu
1915 3044 2030 3112 per
2061 3026 2410 3109 virgultum
2444 3033 2507 3093 et
2529 3022 2824 3093 ascendit

580 3133 666 3200 ad
734 3139 1013 3200 montem
1074 3131 1404 3197 excelsum
1457 3131 2064 3217 Chababykthetew
2125 3139 2445 3212 vocatum,
2495 3132 2606 3198 vbi
2660 3137 2826 3198 mete

577 3242 964 3326 populorum
997 3239 1081 3306 de
1114 3239 1419 3307 Weiretie
1454 3237 1781 3325 finiuntur,
1813 3247 1876 3307 et
1904 3241 2257 3324 iunguntur
2318 3239 2512 3306 metis
2562 3239 2824 3324 populo—

584 3367 722 3412 rum
759 3347 838 3414 de
870 3347 1244 3433 Kowachy;
1280 3347 1513 3414 deinde
1542 3347 1902 3433 procedens
1931 3368 2049 3434 per
2080 3347 2254 3414 viam
2288 3347 2478 3414 vadit
2527 3345 2616 3411 ad
2666 3346 2823 3411 occi-

586 3455 843 3519 dentem
879 3474 995 3538 per
1026 3455 1299 3539 siluam3
1336 3460 1399 3521 et
1429 3454 1664 3522 abhinc
1697 3455 1961 3522 diuertit
2015 3475 2129 3541 per
2181 3453 2456 3522 eandem
2507 3454 2680 3519 viam
2737 3453 2820 3517 ad

581 3567 829 3646 partem
864 3562 1480 3647 septemtrionalem,
1542 3570 1605 3628 et
1645 3555 1827 3629 vadit
1858 3561 1986 3647 diu,
2024 3564 2134 3629 vbi
2167 3581 2371 3648 prope
2404 3561 2490 3626 ad
2539 3566 2824 3626 castrum

581 3666 870 3753 Eynardi
905 3669 1040 3734 exit
1070 3668 1150 3736 de
1182 3668 1307 3752 via,
1340 3677 1403 3735 et
1436 3679 1826 3755 separantur
1855 3678 2025 3737 meto
2059 3670 2444 3755 populorum
2477 3668 2561 3735 de
2593 3669 2825 3733 Kowa-

578 3778 704 3861 chy
737 3775 1050 3859 finaliter,
1087 3784 1149 3843 et
1182 3777 1535 3861 iunguntur
1567 3777 1756 3843 metis
1788 3777 2175 3863 populorum
2223 3776 2480 3842 Nicolai
2535 3775 2614 3840 de
2666 3774 2825 3841 villa

577 3886 826 3971 Tynne,
862 3892 925 3950 ct
956 3885 1252 3969 peruenit
1284 3881 1366 3949 ad
1397 3905 1703 3969 quercum
1736 3905 1924 3952 cruce
1981 3884 2345 3970 signatum;
2400 3883 2640 3952 abinde
2690 3888 2823 3949 ten·

578 3992 737 4059 dens
772 3992 855 4058 ad
887 3992 1195 4061 orientem
1228 3994 1408 4059 venit
1438 3993 1525 4058 ad
1557 3994 1722 4060 duas
1755 4001 1961 4061 metas
1993 3995 2321 4078 antiquas,
2370 3992 2479 4059 vbi
2541 4011 2671 4056 vna
2722 3997 2822 4057 est

579 4120 779 4184 noua3
818 4098 1048 4165 deinde
1078 4119 1356 4184 pergens
1389 4100 1475 4165 ad
1509 4098 1911 4166 occidentem
1942 4100 2237 4166 similiter
2266 4100 2350 4164 ad
2402 4097 2565 4164 duas
2618 4101 2821 4163 metas

575 4210 899 4294 antiquas,
934 4206 1043 4271 ubi
1075 4227 1202 4273 vna
1235 4214 1334 4273 est
1384 4226 1592 4291 noua;
1646 4206 1885 4273 exinde
1934 4206 2264 4275 diuertens
2316 4205 2404 4271 ad
2457 4204 2820 4288 aquilonem

575 4315 872 4402 peruenit
905 4310 990 4377 ad
1020 4313 1185 4381 duas
1217 4318 1422 4380 metas
1456 4319 1702 4380 terreas
1734 4316 2058 4401 antiquas,
2095 4315 2204 4380 ubi
2238 4315 2439 4379 tercia
2494 4319 2592 4378 est
2626 4331 2817 4396 noua,

578 4430 644 4487 et
676 4429 844 4488 mete
875 4421 1259 4506 populorum
1290 4419 1369 4486 de
1401 4421 1630 4505 Tynne
1680 4421 1985 4488 finiuntur
2051 4422 2242 4489 metis
2304 4419 2529 4488 Jacobi
2579 4419 2823 4485 Ombus

575 4527 850 4600 filiorum
882 4527 1298 4620 Appolinaris
1329 4526 1563 4594 nobilis
1596 4527 1677 4594 de
1721 4530 1994 4621 Obcrch,
2019 4529 2127 4598 vbi
2178 4527 2385 4595 tendit
2435 4528 2519 4592 ad
2569 4525 2814 4613 aquilo-
