3319 5249
1237 379 1455 478 2³61

271 579 620 669 Elysabetb
668 578 750 645 de
781 577 1007 644 Insula
1036 579 1237 644 Beate
1268 577 1559 662 Uirginis
1607 570 1810 641 sorori
1861 573 2104 642 domini
2138 574 2340 642 nostri
2373 575 2497 639 Re-

271 691 386 778 gis,
423 689 977 756 Excellentissimc
1010 687 1270 755 domine
1301 693 1521 755 nostre
1543 739 1562 772 ,
1617 684 2089 753 commissimus
2143 687 2363 753 omnia
2390 685 2507 750 illa

275 799 602 867 obseruari
633 796 1208 865 facienda.Datnm
1228 796 1403 883 apud
1435 795 1727 864 Sambuk
1747 794 1816 860 in
1852 793 2030 861 Cena
2061 791 2320 861 Domini
2338 811 2509 860 auno

273 906 562 975 eiusdem
593 906 1092 974 M⁰CO⁰LXXX⁰
1130 905 1349 973 tercio.
1750 925 1753 932 ·

270 1125 547 1184 (Bredetie
571 1121 922 1190 bothartyan,
962 1139 996 1175 a
1031 1120 1187 1176 hatul
1215 1123 1571 1190 odanyomott
1612 1121 1905 1188 pccsetnek
1930 1118 2075 1173 nemi
2112 1116 2506 1186 maradvdnyai

590 1214 712 1282 meg
754 1215 1116 1283 megvannak‚
1143 1230 1177 1266 a
1212 1214 1377 1267 budai
1417 1215 1522 1267 kir.
1559 1215 1807 1266 kamarai
1844 1209 2220 1277 levelusban.)

1182 1486 1591 1495 ..m

1321 1958 1472 2032 258.
1573 1897 1578 1900 ι

266 2158 323 2227 Α
349 2160 566 2226 ‘badar‘
594 2159 1049 2248 kdptalannak
1083 2159 1613 2260 bizonysdqlevele
1631 2211 1652 2243 ,
1702 2166 1865 2250 hoqy
1915 2158 2089 2249 sapi
2132 2159 2340 2228 Jcinos
2372 2156 2510 2244 Sap

267 2268 632 2357 helysiyben
660 2269 795 2335 le'ol}
824 2270 1006 2358 eqyilc
1035 2270 1421 2337 birtokre'sze't
1453 2294 1498 2336 a
1525 2269 1908 2359 nydlsze'qeti
1937 2265 2508 2359 apa'czazdrdcinak

531 2393 536 2398 ’
1155 2379 1388 2445 eladta.
1421 2380 1617 2446 1283.

797 2563 861 2643 ‘A
1381 2579 1433 2645 Β
1926 2574 1975 2642 c

478 2735 619 2804 Nos
669 2737 1038 2823 Capitulum
1089 2738 1406 2808 Budensis
1455 2741 1752 2808 Ecclesie
1802 2738 2245 2826 significamus
2277 2737 2509 2820 quibus

276 2845 539 2932 expedit
569 2847 930 2934 uniuersis,
981 2848 1148 2933 quod
1179 2847 1507 2918 Johannes
1555 2849 1724 2917 filius
1756 2850 1930 2916 Petri
1981 2846 2215 2915 nobilis
2261 2846 2344 2912 de
2374 2845 2509 2930 Sap

275 2954 352 3018 ab
385 2973 520 3020 nna
552 2960 773 3039 parte,
809 2962 875 3021 et
922 2956 1413 3026 Bartholomeus
1465 2944 1765 3024 officialis
1813 2977 2103 3024 sororum
2154 2953 2236 3022 de
2281 2952 2508 3022 Insula

273 3060 474 3129 Beate
506 3060 797 3147 Uirginis
845 3084 963 3150 pro
1014 3066 1331 3134 uniuersis
1383 3066 1713 3133 sororibus
1761 3066 1846 3134 de
1891 3064 2119 3132 eadem
2163 3085 2244 3131 ex
2276 3062 2506 3150 altera,

274 3190 486 3239 coram
521 3172 706 3238 nobis
737 3175 1169 3257 personaliter
1199 3174 1552 3261 constituti,
1586 3174 1916 3260 predictus
1952 3158 2281 3240 Jobannes
2303 3190 2505 3258 quau·

277 3276 420 3344 dam
453 3283 825 3367 porcionem
884 3281 968 3350 de
1016 3288 1194 3350 terra
1221 3303 1342 3350 sua
1401 3283 1797 3352 hereditaria
1829 3281 1964 3367 Sap
2012 3286 2288 3368 uocata,
2320 3279 2507 3348 metis

277 3387 655 3473 subscriptIs
687 3387 1077 3478 distinctam,
1110 3410 1224 3477 per
1256 3389 1579 3458 hominem
1609 3397 1900 3458 nostrum
1930 3389 2251 3473 ydoneum
2282 3388 2367 3455 ad
2388 3387 2511 3453 hoc

275 3497 646 3582 specialiter
666 3498 1040 3585 deputatum
1062 3500 1555 3587 reambulatarn,
1571 3500 1753 3568 nullo
1770 3499 2025 3585 penitus
2047 3496 2510 3565 contradictore

276 3611 664 3690 apparente,
713 3606 1046 3675 confessus
1095 3614 1195 3675 est
1245 3628 1317 3675 se
1351 3607 1726 3676 uendidisse
1776 3609 2021 3676 eisdem
2069 3607 2396 3674 sororibus
2447 3613 2513 3673 et

281 3712 565 3781 Ecclesie
594 3714 798 3783 Beate
839 3713 1130 3801 Uirginis
1193 3717 1275 3785 de
1324 3717 1551 3785 Insula
1601 3738 1718 3804 pro
1768 3717 2035 3801 triginta
2080 3714 2317 3784 marcis
2346 3714 2511 3782 finiti

281 3822 527 3906 argenti
586 3823 781 3909 plene
843 3824 1122 3910 receptis
1153 3833 1467 3911 perpetuo
1501 3823 1997 3911 possidendam;
2060 3841 2512 3908 assumpmcns

280 3928 537 4017 insuper
566 3930 740 3998 idem
773 3930 1106 4001 Johanncs
1137 3935 1317 4019 ipsas
1352 3954 1606 4004 sorores
1640 3941 1706 4001 et
1737 3934 2093 4001 Ecclesiam
2129 3931 2329 4000 Beate
2370 3930 2509 4001 Uir·

285 4039 445 4121 ginis
476 4046 828 4106 memorate
871 4041 952 4107 ab
1005 4042 1302 4110 omnibus
1353 4043 1692 4110 occasione
1747 4039 1920 4107 dicte
1981 4040 2299 4127 particule
2345 4046 2514 4108 terre

284 4147 622 4215 molestare
650 4147 1024 4216 uolentibus
1059 4149 1405 4219 defensare
1436 4169 1553 4217 suo
1583 4151 1808 4217 labore
1832 4148 2091 4236 proprio
2113 4156 2178 4216 et
2209 4166 2510 4233 expensa.

286 4251 630 4323 Distinccio
662 4263 880 4324 autem
931 4266 1246 4335 metarum
1294 4258 1462 4327 dicte
1511 4258 1871 4346 particule,
1905 4265 2094 4343 prout
2143 4255 2370 4324 eodem
2402 4254 2511 4323 ho·

288 4361 448 4431 mine
474 4374 694 4432 nostro
727 4365 1165 4435 intelleximus
1213 4367 1536 4435 referente
1553 4418 1574 4455 ,
1642 4369 1764 4435 hoc
1795 4365 2025 4433 ordine
2058 4364 2510 4451 distinximns;

288 4468 492 4539 Prima
521 4479 697 4539 meta
728 4473 953 4560 incipit
983 4494 1026 4541 a
1067 4481 1254 4560 parte
1302 4476 1599 4542 orientali
1630 4495 1830 4562 super
1858 4480 2132 4560 pratum,
2171 4495 2211 4538 a
2242 4493 2365 4558 quo
2397 4492 2513 4559 per

290 4579 557 4647 medium
586 4580 923 4648 cuiusdam
956 4582 1235 4651 nemoris
1256 4584 1552 4669 peruenit
1573 4582 1659 4650 ad
1693 4583 1980 4651 arborem
2004 4583 2133 4669 piri
2167 4582 2511 4669 siluestris,

295 4687 503 4756 subtus
535 4708 730 4775 quam
761 4697 912 4757 sunt
942 4692 1069 4757 due
1099 4700 1306 4776 mete;
1351 4689 1501 4761 inde
1533 4690 1744 4759 tendit
1774 4691 1862 4759 ad
1891 4696 2195 4779 montem,
2224 4691 2335 4759 ubi
2366 4698 2515 4759 sunt
