3319 5249
1848 342 1978 406 300

1832 1046 1984 1114 216.

784 1263 1078 1331 Erzsebet
1124 1265 1420 1353 lcirdlyne
1463 1267 1772 1353 biztosz'tja
1836 1267 2024 1332 Mikdt
2076 1268 2139 1333 6⁸
2188 1268 2512 1345 testve'rcit,
2529 1268 2867 1354 fequeres
2888 1265 3023 1349 job-

786 1373 1056 1459 bdqyait,
1103 1375 1269 1462 hoqy
1321 1376 1602 1469 Epelben
1651 1378 1789 1442 Ζέυό
1822 1374 2144 1461 so'ldjiilret
2175 1398 2309 1439 nem
2323 1374 2527 1461 foyja
2562 1376 2731 1439 tb'lillc
2763 1376 3022 1441 elvenm'.

1811 1481 2006 1547 1281.

1002 1715 1334 1782 Elisabeth
1387 1715 1508 1782 Dei
1556 1716 1784 1802 gracia
1815 1717 2066 1799 Regina
2099 1716 2430 1800 Hungarie
2464 1715 2757 1783 omnibus
2794 1715 3026 1784 Christi

785 1823 1103 1905 fidelibus,
1135 1844 1398 1909 presens
1434 1826 1742 1910 scriptum
1776 1824 2174 1891 intuentibus
2208 1825 2487 1891 salutem
2520 1825 2587 1890 in
2620 1825 2862 1891 salutis
2898 1824 3024 1889 lar-

784 1933 1020 2017 gitore.
1055 1932 1138 1997 Vt
1172 1952 1252 1998 ea
1285 1954 1408 2016 que
1443 1940 1714 2015 aguntur
1745 1934 1813 1999 in
1846 1939 2158 2018 tempora,
2191 1954 2319 1999 non
2351 1934 2685 2000 irritentur
2704 1938 2858 2019 post
2880 1939 3026 1999 tem·

785 2060 962 2127 pora,
1017 2060 1136 2106 nec
1188 2062 1228 2105 a
1280 2042 1590 2109 memoria
1640 2041 2045 2126 dilabantur,
2099 2042 2186 2107 ad
2238 2048 2527 2107 eternam
2584 2040 2677 2106 rei
2725 2041 3028 2107 noticiam

785 2147 1002 2214 solent
1048 2147 1407 2214 litterarum
1437 2149 1796 2235 patrocinio
1830 2150 2230 2216 communiri.
2266 2147 2551 2215 Proinde
2583 2149 3028 2216 uniuersorum

784 2255 1188 2340 presencium
1241 2258 1724 2341 futurorumque
1775 2259 2014 2324 noticie
2063 2258 2292 2325 harum
2347 2258 2514 2325 serie
2556 2258 2860 2324 uolumus
2893 2255 3025 2323 fieri

667 2378 681 2389 ·
784 2365 1237 2450 manifestum3
1290 2367 1463 2450 quod
1517 2388 1659 2432 cum
1711 2375 1951 2432 terram
2006 2367 2235 2450 Mycou
2285 2366 2474 2434 biloti
2541 2368 2658 2452 filij
2715 2365 3024 2449 Chomon,

785 2471 1095 2558 Stephani
1129 2480 1190 2539 ct
1222 2475 1523 2561 Symonis
1557 2475 1831 2541 fratrum
1886 2476 2177 2543 eiusdem
2214 2475 2641 2560 jobagionum
2677 2475 3030 2542 exercitua-

784 2579 939 2645 lium
962 2589 1321 2650 nostrorum
1346 2584 1426 2651 de
1449 2578 1613 2652 villa
1632 2585 1816 2672 Epel,
1840 2583 1920 2650 de
1941 2583 2247 2651 comitati
2280 2584 2735 2669 strigoniensi,
2764 2593 3031 2672 propter

784 2690 1046 2756 diuersa
1092 2690 1500 2758 incommoda
1560 2699 1623 2759 et
1676 2693 2062 2778 muitiplicia
2097 2692 2411 2759 scandala
2442 2693 2510 2758 in
2548 2695 2774 2777 Regno
2804 2700 3021 2760 nostro

784 2798 1207 2883 emergencia,
1259 2820 1452 2882 quam
1500 2801 1720 2884 plures
1754 2801 2138 2885 petiuissent
2189 2800 2312 2867 sibi
2358 2800 2499 2866 dari
2530 2825 2544 2865 :
2575 2802 2700 2867 iuri
2736 2802 3022 2886 ipsorum

782 2905 1171 2973 hereditario
1223 2909 1517 2975 nolentes
1568 2908 1976 2992 preiudicare
2025 2909 2092 2972 iu
2142 2907 2264 2972 hac
2312 2916 2495 2993 parte
2523 2960 2540 2992 ,
2595 2915 2812 2976 tamen
2872 2909 3021 2992 quia

784 3022 1021 3080 terram
1058 3016 1341 3099 ipsorum
1367 3017 1799 3101 jobagionum
1831 3022 2196 3082 nostrorum
2229 3017 2528 3099 cuiquam
2562 3017 2853 3085 conferre
2875 3017 3025 3099 legi·

783 3124 938 3188 time
969 3144 1099 3188 non
1133 3145 1496 3209 possumne,
1520 3146 1639 3192 nec
1673 3127 1818 3191 sine
1856 3142 2074 3191 eorum
2109 3125 2425 3191 famulatu
2459 3145 2681 3192 carere
2698 3123 3028 3192 commode

784 3233 1118 3315 ualemus;
1170 3230 1535 3317 predictam
1589 3240 1827 3300 terram
1879 3235 2044 3318 Epel
2095 3242 2417 3319 uocatam,
2475 3254 2601 3317 que
2634 3231 2720 3299 ad
2748 3234 3024 3320 ipsorum

785 3339 1038 3424 Mycou,
1075 3342 1388 3426 Stephani
1420 3349 1484 3407 et
1515 3341 1837 3430 Symonis,
1859 3362 1939 3408 ac
1971 3341 2277 3409 heredum
2314 3362 2593 3423 suorum,
2606 3342 3025 3428 jobagionum

786 3446 1083 3515 videlicet
1135 3449 1623 3515 exercitualium
1656 3435 2042 3532 nostrorum,
2080 3452 2181 3515 ius
2212 3448 2673 3515 hereditarium
2707 3449 3027 3535 pertinere

786 3565 851 3624 et
880 3565 1172 3643 spectare
1204 3558 1582 3643 dinoscitur,
1607 3559 1986 3643 reliquimus
2018 3564 2080 3623 et
2112 3557 2521 3644 permisimus
2553 3557 2798 3624 eisdem
2829 3578 2910 3623 ac
2931 3578 3025 3626 eo·

787 3686 925 3731 rum
978 3664 1324 3733 heredibus
1377 3667 1809 3752 heredumque
1861 3687 2123 3734 suorum
2171 3666 2651 3734 successoribus
2694 3672 3025 3752 perpetuo,

784 3773 1050 3860 pacifice
1098 3781 1161 3841 et
1209 3775 1722 3843 irrcuocabiliter
1771 3774 2249 3859 possidendam,
2304 3773 2495 3840 simul
2561 3795 2699 3840 cum
2736 3774 3023 3840 omnibus

781 3881 1167 3949 utilitatibus
1196 3884 1334 3950 suis
1367 3893 1432 3949 et
1467 3884 1884 3971 pertinencijs
1918 3882 2274 3967 universis;
2318 3883 2610 3950 volentes
2663 3891 2728 3950 et
2760 3883 3019 3949 auctori·

781 3997 920 4058 tate
968 3991 1375 4077 presencium
1428 3992 1670 4059 eisdem
1726 3991 2193 4078 promittentes,
2235 3991 2409 4074 quod
2443 3988 2762 4075 prefatam
2794 3998 3020 4058 terram

786 4100 974 4186 Epel,
1028 4100 1093 4164 in
1147 4100 1247 4164 ius
1299 4109 1361 4166 et
1413 4102 1867 4188 proprietatem
1902 4101 2185 4188 ipsorum
2212 4099 2638 4185 jobagionum
2672 4108 3021 4167 nostrorum

784 4206 1229 4295 pertinentem,
1264 4206 1429 4274 nulli
1460 4209 1799 4295 nobilium,
1862 4229 1975 4275 seu
2024 4207 2232 4291 Regni
2266 4208 2464 4274 nostri
2497 4207 2851 4276 incolarum
2888 4193 3020 4274 con·

789 4317 1087 4402 feremuS,
1127 4317 1194 4381 in
1253 4317 1601 4384 eorundem
1649 4317 2076 4405 preiudicium
2111 4323 2173 4383 et
2204 4336 2591 4400 grauamen;
2628 4318 2793 4400 quin*
2814 4336 3019 4404 ymmo

783 4429 1004 4513 pocius
1052 4427 1229 4514 ipsos
1282 4435 1348 4495 et
1380 4449 1598 4495 eorum
1648 4428 1924 4496 heredes
1977 4426 2312 4495 universos
2345 4429 2415 4493 in
2447 4428 2585 4495 suis
2616 4428 3013 4497 libertatibus

784 4536 1111 4609 consuetis
1164 4555 1306 4601 cum
1357 4537 1565 4623 terris,
1614 4537 2086 4623 pertinentibus
2117 4535 2205 4603 ad
2237 4557 2365 4620 eos,
2396 4535 2792 4605 inmobiliter
2822 4539 3012 4604 inten-

790 4640 998 4711 dimus
1051 4662 1472 4732 conseruare,
1541 4653 1606 4713 et
1654 4643 2067 4728 quibuslibet,
2115 4646 2461 4713 occasione
2526 4643 2776 4731 prefate
2837 4652 2994 4711 terre
