<?xml version="1.0" encoding="UTF-8"?>
<!DOCTYPE html PUBLIC "-//W3C//DTD XHTML 1.0 Transitional//EN"
    "http://www.w3.org/TR/xhtml1/DTD/xhtml1-transitional.dtd">
<html xmlns="http://www.w3.org/1999/xhtml" xml:lang="en" lang="en">
 <head>
  <title>
</title>
<meta http-equiv="Content-Type" content="text/html;charset=utf-8" />
  <meta name='ocr-system' content='tesseract 3.04.00' />
  <meta name='ocr-capabilities' content='ocr_page ocr_carea ocr_par ocr_line ocrx_word'/>
</head>
<body>
  <div class='ocr_page' id='page_1' title='image "./rpdkorijokmnytr00wenzgoog_0577.png"; bbox 0 0 3319 5249; ppageno 0'>
   <div class='ocr_carea' id='block_1_1' title="bbox 1395 316 1521 381">
    <p class='ocr_par' dir='ltr' id='par_1_1' title="bbox 1395 316 1521 381">
     <span class='ocr_line' id='line_1_1' title="bbox 1395 316 1521 381; baseline 0 0"><span class='ocrx_word' id='word_1_1' title='bbox 1395 316 1521 381; x_wconf 88' lang='lat'>501</span> 
     </span>
    </p>
   </div>
   <div class='ocr_carea' id='block_1_2' title="bbox 1306 403 1626 415">
    <p class='ocr_par' dir='ltr' id='par_1_2' title="bbox 1306 403 1626 415">
     <span class='ocr_line' id='line_1_2' title="bbox 1306 403 1626 415; baseline 0 4834"><span class='ocrx_word' id='word_1_2' title='bbox 1306 403 1626 415; x_wconf 95' lang='lat' dir='ltr'> </span> 
     </span>
    </p>
   </div>
   <div class='ocr_carea' id='block_1_3' title="bbox 317 509 2594 2535">
    <p class='ocr_par' dir='ltr' id='par_1_3' title="bbox 317 509 2594 2535">
     <span class='ocr_line' id='line_1_3' title="bbox 340 509 2594 595; baseline -0.002 -14"><span class='ocrx_word' id='word_1_3' title='bbox 340 515 489 582; x_wconf 80' lang='lat' dir='ltr'>(lino</span> <span class='ocrx_word' id='word_1_4' title='bbox 523 515 850 595; x_wconf 72' lang='lat' dir='ltr'>fratribuS,</span> <span class='ocrx_word' id='word_1_5' title='bbox 873 511 1247 580; x_wconf 84' lang='lat' dir='ltr'>solemniter</span> <span class='ocrx_word' id='word_1_6' title='bbox 1266 510 1568 594; x_wconf 87' lang='lat' dir='ltr'>inierunt,</span> <span class='ocrx_word' id='word_1_7' title='bbox 1595 509 1903 595; x_wconf 82' lang='lat' dir='ltr'>fecerunt,</span> <span class='ocrx_word' id='word_1_8' title='bbox 1933 516 1995 575; x_wconf 80' lang='lat' dir='ltr'>et</span> <span class='ocrx_word' id='word_1_9' title='bbox 2016 509 2435 576; x_wconf 88' lang='lat' dir='ltr'>firmaverunt</span> <span class='ocrx_word' id='word_1_10' title='bbox 2469 530 2594 577; x_wconf 89' lang='lat' dir='ltr'>me—</span> 
     </span>
     <span class='ocr_line' id='line_1_4' title="bbox 336 617 2590 707; baseline -0.002 -16"><span class='ocrx_word' id='word_1_11' title='bbox 336 644 468 692; x_wconf 81' lang='lat' dir='ltr'>ram</span> <span class='ocrx_word' id='word_1_12' title='bbox 502 642 732 707; x_wconf 88' lang='lat' dir='ltr'>puram</span> <span class='ocrx_word' id='word_1_13' title='bbox 766 629 830 689; x_wconf 88' lang='lat' dir='ltr'>et</span> <span class='ocrx_word' id='word_1_14' title='bbox 860 621 1110 686; x_wconf 88' lang='lat' dir='ltr'>firmam</span> <span class='ocrx_word' id='word_1_15' title='bbox 1142 618 1464 703; x_wconf 81' lang='lat' dir='ltr'>treugiam</span> <span class='ocrx_word' id='word_1_16' title='bbox 1496 637 1703 701; x_wconf 86' lang='lat' dir='ltr'>usque</span> <span class='ocrx_word' id='word_1_17' title='bbox 1738 617 1824 683; x_wconf 88' lang='lat' dir='ltr'>ad</span> <span class='ocrx_word' id='word_1_18' title='bbox 1864 624 1996 684; x_wconf 83' lang='lat' dir='ltr'>tres</span> <span class='ocrx_word' id='word_1_19' title='bbox 2018 637 2227 684; x_wconf 77' lang='lat' dir='ltr'>annos</span> <span class='ocrx_word' id='word_1_20' title='bbox 2250 618 2590 686; x_wconf 82' lang='lat' dir='ltr'>continuos</span> 
     </span>
     <span class='ocr_line' id='line_1_5' title="bbox 334 722 2585 815; baseline -0.001 -19"><span class='ocrx_word' id='word_1_21' title='bbox 334 738 396 797; x_wconf 83' lang='lat' dir='ltr'>et</span> <span class='ocrx_word' id='word_1_22' title='bbox 426 730 808 815; x_wconf 74' lang='lat' dir='ltr'>completos,</span> <span class='ocrx_word' id='word_1_23' title='bbox 842 747 985 813; x_wconf 78' lang='lat' dir='ltr'>eum</span> <span class='ocrx_word' id='word_1_24' title='bbox 1016 723 1310 810; x_wconf 76' lang='lat' dir='ltr'>predicto</span> <span class='ocrx_word' id='word_1_25' title='bbox 1344 725 1694 808; x_wconf 77' lang='lat' dir='ltr'>Magnifieo</span> <span class='ocrx_word' id='word_1_26' title='bbox 1719 722 1971 792; x_wconf 87' lang='lat' dir='ltr'>domino</span> <span class='ocrx_word' id='word_1_27' title='bbox 1995 726 2190 792; x_wconf 85' lang='lat' dir='ltr'>Petro</span> <span class='ocrx_word' id='word_1_28' title='bbox 2211 722 2585 795; x_wconf 80' lang='lat' dir='ltr'>Gradonioo</span> 
     </span>
     <span class='ocr_line' id='line_1_6' title="bbox 333 818 2590 921; baseline -0.001 -17"><span class='ocrx_word' id='word_1_29' title='bbox 333 838 456 905; x_wconf 88' lang='lat' dir='ltr'>Dei</span> <span class='ocrx_word' id='word_1_30' title='bbox 489 837 717 921; x_wconf 80' lang='lat' dir='ltr'><strong>gracia</strong></span> <span class='ocrx_word' id='word_1_31' title='bbox 749 818 1551 918; x_wconf 63' lang='lat' dir='ltr'>Veneeiarum,&#39;Dalmaeie</span> <span class='ocrx_word' id='word_1_32' title='bbox 1584 842 1788 916; x_wconf 84' lang='lat' dir='ltr'>atque</span> <span class='ocrx_word' id='word_1_33' title='bbox 1822 833 2138 900; x_wconf 86' lang='lat' dir='ltr'>Chroaeie</span> <span class='ocrx_word' id='word_1_34' title='bbox 2169 833 2366 920; x_wconf 86' lang='lat' dir='ltr'>Duoe,</span> <span class='ocrx_word' id='word_1_35' title='bbox 2388 841 2452 901; x_wconf 89' lang='lat' dir='ltr'>et</span> <span class='ocrx_word' id='word_1_36' title='bbox 2483 833 2590 902; x_wconf 88' lang='lat' dir='ltr'>do-</span> 
     </span>
     <span class='ocr_line' id='line_1_7' title="bbox 332 942 2587 1029; baseline -0.001 -19"><span class='ocrx_word' id='word_1_37' title='bbox 332 945 507 1013; x_wconf 89' lang='lat' dir='ltr'>mino</span> <span class='ocrx_word' id='word_1_38' title='bbox 539 943 785 1022; x_wconf 76' lang='lat' dir='ltr'>Quat-te</span> <span class='ocrx_word' id='word_1_39' title='bbox 816 946 1030 1012; x_wconf 84' lang='lat' dir='ltr'>Partis</span> <span class='ocrx_word' id='word_1_40' title='bbox 1065 948 1127 1010; x_wconf 85' lang='lat' dir='ltr'>et</span> <span class='ocrx_word' id='word_1_41' title='bbox 1158 942 1442 1011; x_wconf 82' lang='lat' dir='ltr'>Dimidio</span> <span class='ocrx_word' id='word_1_42' title='bbox 1473 942 1669 1010; x_wconf 90' lang='lat' dir='ltr'>totius</span> <span class='ocrx_word' id='word_1_43' title='bbox 1720 942 1986 1028; x_wconf 84' lang='lat' dir='ltr'>Imperii</span> <span class='ocrx_word' id='word_1_44' title='bbox 2032 942 2373 1029; x_wconf 88' lang='lat' dir='ltr'>Romanie,</span> <span class='ocrx_word' id='word_1_45' title='bbox 2429 943 2587 1010; x_wconf 84' lang='lat' dir='ltr'>reei-</span> 
     </span>
     <span class='ocr_line' id='line_1_8' title="bbox 331 1049 2586 1140; baseline 0.001 -23"><span class='ocrx_word' id='word_1_46' title='bbox 331 1053 562 1140; x_wconf 86' lang='lat' dir='ltr'>pienti,</span> <span class='ocrx_word' id='word_1_47' title='bbox 606 1058 672 1118; x_wconf 90' lang='lat' dir='ltr'>et</span> <span class='ocrx_word' id='word_1_48' title='bbox 703 1051 1048 1138; x_wconf 80' lang='lat' dir='ltr'><strong>stipulanti</strong></span> <span class='ocrx_word' id='word_1_49' title='bbox 1081 1071 1199 1136; x_wconf 87' lang='lat' dir='ltr'>pro</span> <span class='ocrx_word' id='word_1_50' title='bbox 1230 1071 1303 1119; x_wconf 88' lang='lat' dir='ltr'>se</span> <span class='ocrx_word' id='word_1_51' title='bbox 1337 1057 1404 1118; x_wconf 82' lang='lat' dir='ltr'>et</span> <span class='ocrx_word' id='word_1_52' title='bbox 1435 1049 1770 1118; x_wconf 84' lang='lat' dir='ltr'>Communi</span> <span class='ocrx_word' id='word_1_53' title='bbox 1805 1057 1869 1119; x_wconf 91' lang='lat' dir='ltr'>et</span> <span class='ocrx_word' id='word_1_54' title='bbox 1889 1050 2255 1118; x_wconf 87' lang='lat' dir='ltr'>hominibus</span> <span class='ocrx_word' id='word_1_55' title='bbox 2277 1050 2586 1119; x_wconf 86' lang='lat' dir='ltr'>Veneeia·</span> 
     </span>
     <span class='ocr_line' id='line_1_9' title="bbox 329 1159 2588 1249; baseline -0.001 -21"><span class='ocrx_word' id='word_1_56' title='bbox 329 1180 491 1249; x_wconf 89' lang='lat' dir='ltr'>rum,</span> <span class='ocrx_word' id='word_1_57' title='bbox 522 1160 1014 1244; x_wconf 88' lang='lat' dir='ltr'>habitatoribus,</span> <span class='ocrx_word' id='word_1_58' title='bbox 1039 1159 1372 1240; x_wconf 81' lang='lat' dir='ltr'>subiectis,</span> <span class='ocrx_word' id='word_1_59' title='bbox 1406 1166 1471 1225; x_wconf 89' lang='lat' dir='ltr'>et</span> <span class='ocrx_word' id='word_1_60' title='bbox 1492 1159 2007 1227; x_wconf 81' lang='lat' dir='ltr'>districtualibus</span> <span class='ocrx_word' id='word_1_61' title='bbox 2028 1159 2181 1226; x_wconf 88' lang='lat' dir='ltr'>suis.</span> <span class='ocrx_word' id='word_1_62' title='bbox 2204 1159 2588 1225; x_wconf 87' lang='lat' dir='ltr'>Promitten·</span> 
     </span>
     <span class='ocr_line' id='line_1_10' title="bbox 326 1265 2588 1353; baseline -0.003 -17"><span class='ocrx_word' id='word_1_63' title='bbox 326 1275 425 1336; x_wconf 84' lang='lat' dir='ltr'>tes</span> <span class='ocrx_word' id='word_1_64' title='bbox 456 1268 715 1336; x_wconf 88' lang='lat' dir='ltr'>nomine</span> <span class='ocrx_word' id='word_1_65' title='bbox 748 1289 873 1353; x_wconf 91' lang='lat' dir='ltr'>quo</span> <span class='ocrx_word' id='word_1_66' title='bbox 907 1268 1149 1335; x_wconf 85' lang='lat' dir='ltr'>dietum</span> <span class='ocrx_word' id='word_1_67' title='bbox 1183 1274 1281 1334; x_wconf 86' lang='lat' dir='ltr'>est</span> <span class='ocrx_word' id='word_1_68' title='bbox 1312 1287 1511 1353; x_wconf 87' lang='lat' dir='ltr'>supra</span> <span class='ocrx_word' id='word_1_69' title='bbox 1543 1265 1720 1334; x_wconf 87' lang='lat' dir='ltr'>dieto</span> <span class='ocrx_word' id='word_1_70' title='bbox 1752 1266 2010 1333; x_wconf 89' lang='lat' dir='ltr'>domino</span> <span class='ocrx_word' id='word_1_71' title='bbox 2044 1267 2213 1334; x_wconf 85' lang='lat' dir='ltr'>Duei</span> <span class='ocrx_word' id='word_1_72' title='bbox 2245 1267 2588 1352; x_wconf 78' lang='lat' dir='ltr'>recipienti</span> 
     </span>
     <span class='ocr_line' id='line_1_11' title="bbox 324 1374 2582 1463; baseline -0 -19"><span class='ocrx_word' id='word_1_73' title='bbox 324 1395 444 1463; x_wconf 89' lang='lat' dir='ltr'>pro</span> <span class='ocrx_word' id='word_1_74' title='bbox 478 1396 569 1461; x_wconf 88' lang='lat' dir='ltr'>se,</span> <span class='ocrx_word' id='word_1_75' title='bbox 632 1397 749 1462; x_wconf 88' lang='lat' dir='ltr'>pro</span> <span class='ocrx_word' id='word_1_76' title='bbox 784 1376 1141 1461; x_wconf 85' lang='lat' dir='ltr'>Communi,</span> <span class='ocrx_word' id='word_1_77' title='bbox 1188 1383 1254 1442; x_wconf 81' lang='lat' dir='ltr'>et</span> <span class='ocrx_word' id='word_1_78' title='bbox 1316 1374 1690 1442; x_wconf 88' lang='lat' dir='ltr'>hominibus</span> <span class='ocrx_word' id='word_1_79' title='bbox 1724 1375 2176 1462; x_wconf 79' lang='lat' dir='ltr'>veneciarum,</span> <span class='ocrx_word' id='word_1_80' title='bbox 2217 1375 2392 1462; x_wconf 86' lang='lat' dir='ltr'>quod</span> <span class='ocrx_word' id='word_1_81' title='bbox 2443 1395 2582 1460; x_wconf 87' lang='lat' dir='ltr'>pre·</span> 
     </span>
     <span class='ocr_line' id='line_1_12' title="bbox 326 1481 2587 1569; baseline 0.001 -20"><span class='ocrx_word' id='word_1_82' title='bbox 326 1482 487 1551; x_wconf 83' lang='lat' dir='ltr'>dieti</span> <span class='ocrx_word' id='word_1_83' title='bbox 523 1483 777 1569; x_wconf 84' lang='lat' dir='ltr'>fratres,</span> <span class='ocrx_word' id='word_1_84' title='bbox 839 1482 940 1550; x_wconf 83' lang='lat' dir='ltr'>vel</span> <span class='ocrx_word' id='word_1_85' title='bbox 1002 1481 1243 1565; x_wconf 84' lang='lat' dir='ltr'>aliquis</span> <span class='ocrx_word' id='word_1_86' title='bbox 1307 1502 1525 1549; x_wconf 90' lang='lat' dir='ltr'>eorum</span> <span class='ocrx_word' id='word_1_87' title='bbox 1577 1501 1698 1568; x_wconf 89' lang='lat' dir='ltr'>per</span> <span class='ocrx_word' id='word_1_88' title='bbox 1728 1502 1802 1550; x_wconf 84' lang='lat' dir='ltr'>se</span> <span class='ocrx_word' id='word_1_89' title='bbox 1834 1502 1951 1550; x_wconf 89' lang='lat' dir='ltr'>seu</span> <span class='ocrx_word' id='word_1_90' title='bbox 1981 1502 2099 1568; x_wconf 85' lang='lat' dir='ltr'>per</span> <span class='ocrx_word' id='word_1_91' title='bbox 2130 1482 2426 1550; x_wconf 87' lang='lat' dir='ltr'>homines</span> <span class='ocrx_word' id='word_1_92' title='bbox 2476 1484 2587 1551; x_wconf 91' lang='lat' dir='ltr'>Al·</span> 
     </span>
     <span class='ocr_line' id='line_1_13' title="bbox 327 1589 2577 1679; baseline -0 -22"><span class='ocrx_word' id='word_1_93' title='bbox 327 1591 523 1679; x_wconf 87' lang='lat' dir='ltr'>misii,</span> <span class='ocrx_word' id='word_1_94' title='bbox 554 1610 670 1660; x_wconf 88' lang='lat' dir='ltr'>seu</span> <span class='ocrx_word' id='word_1_95' title='bbox 702 1610 817 1676; x_wconf 88' lang='lat' dir='ltr'>per</span> <span class='ocrx_word' id='word_1_96' title='bbox 845 1589 1013 1658; x_wconf 89' lang='lat' dir='ltr'>vllos</span> <span class='ocrx_word' id='word_1_97' title='bbox 1045 1610 1288 1676; x_wconf 88' lang='lat' dir='ltr'>eorum,</span> <span class='ocrx_word' id='word_1_98' title='bbox 1324 1590 1427 1657; x_wconf 83' lang='lat' dir='ltr'>vel</span> <span class='ocrx_word' id='word_1_99' title='bbox 1461 1590 1745 1658; x_wconf 87' lang='lat' dir='ltr'>alieuius</span> <span class='ocrx_word' id='word_1_100' title='bbox 1778 1609 2003 1657; x_wconf 89' lang='lat' dir='ltr'>eorum</span> <span class='ocrx_word' id='word_1_101' title='bbox 2035 1589 2333 1658; x_wconf 86' lang='lat' dir='ltr'>homines</span> <span class='ocrx_word' id='word_1_102' title='bbox 2353 1590 2577 1659; x_wconf 86' lang='lat' dir='ltr'>subdi-</span> 
     </span>
     <span class='ocr_line' id='line_1_14' title="bbox 325 1697 2583 1784; baseline -0 -17"><span class='ocrx_word' id='word_1_103' title='bbox 325 1706 449 1784; x_wconf 84' lang='lat' dir='ltr'>tos,</span> <span class='ocrx_word' id='word_1_104' title='bbox 484 1718 600 1767; x_wconf 84' lang='lat' dir='ltr'>seu</span> <span class='ocrx_word' id='word_1_105' title='bbox 634 1717 754 1784; x_wconf 89' lang='lat' dir='ltr'>per</span> <span class='ocrx_word' id='word_1_106' title='bbox 783 1697 1080 1765; x_wconf 88' lang='lat' dir='ltr'>homines</span> <span class='ocrx_word' id='word_1_107' title='bbox 1110 1699 1220 1783; x_wconf 87' lang='lat' dir='ltr'>qui</span> <span class='ocrx_word' id='word_1_108' title='bbox 1254 1717 1328 1764; x_wconf 87' lang='lat' dir='ltr'>se</span> <span class='ocrx_word' id='word_1_109' title='bbox 1359 1705 1774 1783; x_wconf 80' lang='lat' dir='ltr'>receptarent</span> <span class='ocrx_word' id='word_1_110' title='bbox 1805 1698 1873 1764; x_wconf 90' lang='lat' dir='ltr'>in</span> <span class='ocrx_word' id='word_1_111' title='bbox 1906 1698 2165 1764; x_wconf 87' lang='lat' dir='ltr'>Banatu</span> <span class='ocrx_word' id='word_1_112' title='bbox 2217 1699 2317 1765; x_wconf 83' lang='lat' dir='ltr'>vel</span> <span class='ocrx_word' id='word_1_113' title='bbox 2372 1699 2583 1766; x_wconf 91' lang='lat' dir='ltr'>Comi-</span> 
     </span>
     <span class='ocr_line' id='line_1_15' title="bbox 325 1802 2575 1891; baseline -0.001 -18"><span class='ocrx_word' id='word_1_114' title='bbox 325 1804 577 1873; x_wconf 81' lang='lat' dir='ltr'>tatibus</span> <span class='ocrx_word' id='word_1_115' title='bbox 606 1802 1041 1889; x_wconf 84' lang='lat' dir='ltr'>predietorum</span> <span class='ocrx_word' id='word_1_116' title='bbox 1075 1804 1481 1873; x_wconf 86' lang='lat' dir='ltr'>dominorum</span> <span class='ocrx_word' id='word_1_117' title='bbox 1516 1804 1808 1891; x_wconf 83' lang='lat' dir='ltr'>fratrum,</span> <span class='ocrx_word' id='word_1_118' title='bbox 1859 1826 1974 1871; x_wconf 89' lang='lat' dir='ltr'>seu</span> <span class='ocrx_word' id='word_1_119' title='bbox 2005 1805 2072 1870; x_wconf 91' lang='lat' dir='ltr'>in</span> <span class='ocrx_word' id='word_1_120' title='bbox 2135 1803 2287 1871; x_wconf 87' lang='lat' dir='ltr'>aliis</span> <span class='ocrx_word' id='word_1_121' title='bbox 2353 1825 2575 1873; x_wconf 85' lang='lat' dir='ltr'>eorum</span> 
     </span>
     <span class='ocr_line' id='line_1_16' title="bbox 322 1911 2578 2000; baseline -0.001 -19"><span class='ocrx_word' id='word_1_122' title='bbox 322 1914 534 2000; x_wconf 77' lang='lat' dir='ltr'>terrie,</span> <span class='ocrx_word' id='word_1_123' title='bbox 568 1912 674 1979; x_wconf 89' lang='lat' dir='ltr'>vel</span> <span class='ocrx_word' id='word_1_124' title='bbox 708 1914 828 1979; x_wconf 87' lang='lat' dir='ltr'>sub</span> <span class='ocrx_word' id='word_1_125' title='bbox 862 1931 1105 1998; x_wconf 88' lang='lat' dir='ltr'>eorum,</span> <span class='ocrx_word' id='word_1_126' title='bbox 1171 1914 1273 1979; x_wconf 83' lang='lat' dir='ltr'>vel</span> <span class='ocrx_word' id='word_1_127' title='bbox 1307 1912 1592 1998; x_wconf 81' lang='lat' dir='ltr'>alicujus</span> <span class='ocrx_word' id='word_1_128' title='bbox 1624 1931 1849 1979; x_wconf 88' lang='lat' dir='ltr'>eorum</span> <span class='ocrx_word' id='word_1_129' title='bbox 1883 1911 2188 1997; x_wconf 86' lang='lat' dir='ltr'>dominio,</span> <span class='ocrx_word' id='word_1_130' title='bbox 2219 1932 2347 1979; x_wconf 89' lang='lat' dir='ltr'>non</span> <span class='ocrx_word' id='word_1_131' title='bbox 2380 1913 2578 1980; x_wconf 87' lang='lat' dir='ltr'>offen-</span> 
     </span>
     <span class='ocr_line' id='line_1_17' title="bbox 321 2017 2581 2105; baseline 0 -18"><span class='ocrx_word' id='word_1_132' title='bbox 321 2020 495 2105; x_wconf 85' lang='lat' dir='ltr'>dent,</span> <span class='ocrx_word' id='word_1_133' title='bbox 518 2038 640 2087; x_wconf 84' lang='lat' dir='ltr'>nec</span> <span class='ocrx_word' id='word_1_134' title='bbox 660 2017 902 2087; x_wconf 85' lang='lat' dir='ltr'>offendi</span> <span class='ocrx_word' id='word_1_135' title='bbox 922 2019 1185 2105; x_wconf 87' lang='lat' dir='ltr'>fac-ient,</span> <span class='ocrx_word' id='word_1_136' title='bbox 1208 2040 1326 2087; x_wconf 88' lang='lat' dir='ltr'>nee</span> <span class='ocrx_word' id='word_1_137' title='bbox 1346 2018 1585 2086; x_wconf 86' lang='lat' dir='ltr'>offendi</span> <span class='ocrx_word' id='word_1_138' title='bbox 1609 2020 1980 2105; x_wconf 84' lang='lat' dir='ltr'>permittent</span> <span class='ocrx_word' id='word_1_139' title='bbox 2009 2020 2077 2085; x_wconf 89' lang='lat' dir='ltr'>iu</span> <span class='ocrx_word' id='word_1_140' title='bbox 2113 2020 2409 2104; x_wconf 87' lang='lat' dir='ltr'>personis</span> <span class='ocrx_word' id='word_1_141' title='bbox 2472 2022 2581 2087; x_wconf 83' lang='lat' dir='ltr'>vel</span> 
     </span>
     <span class='ocr_line' id='line_1_18' title="bbox 318 2127 2582 2212; baseline -0 -17"><span class='ocrx_word' id='word_1_142' title='bbox 318 2129 513 2195; x_wconf 87' lang='lat' dir='ltr'>rebus</span> <span class='ocrx_word' id='word_1_143' title='bbox 547 2127 789 2194; x_wconf 87' lang='lat' dir='ltr'>dietum</span> <span class='ocrx_word' id='word_1_144' title='bbox 819 2127 1151 2193; x_wconf 86' lang='lat' dir='ltr'>domiuum</span> <span class='ocrx_word' id='word_1_145' title='bbox 1183 2127 1450 2212; x_wconf 86' lang='lat' dir='ltr'>Dueem,</span> <span class='ocrx_word' id='word_1_146' title='bbox 1470 2127 1819 2195; x_wconf 86' lang='lat' dir='ltr'>Commune</span> <span class='ocrx_word' id='word_1_147' title='bbox 1852 2132 1918 2195; x_wconf 90' lang='lat' dir='ltr'>et</span> <span class='ocrx_word' id='word_1_148' title='bbox 1948 2127 2240 2194; x_wconf 89' lang='lat' dir='ltr'>homines</span> <span class='ocrx_word' id='word_1_149' title='bbox 2273 2127 2582 2196; x_wconf 87' lang='lat' dir='ltr'>Veneeia·</span> 
     </span>
     <span class='ocr_line' id='line_1_19' title="bbox 317 2233 2572 2321; baseline -0 -17"><span class='ocrx_word' id='word_1_150' title='bbox 317 2257 480 2321; x_wconf 84' lang='lat' dir='ltr'>rum,</span> <span class='ocrx_word' id='word_1_151' title='bbox 513 2253 635 2302; x_wconf 89' lang='lat' dir='ltr'>neo</span> <span class='ocrx_word' id='word_1_152' title='bbox 665 2233 1062 2302; x_wconf 78' lang='lat' dir='ltr'>habitatores</span> <span class='ocrx_word' id='word_1_153' title='bbox 1125 2233 1381 2317; x_wconf 87' lang='lat' dir='ltr'>fideles,</span> <span class='ocrx_word' id='word_1_154' title='bbox 1433 2233 1875 2305; x_wconf 80' lang='lat' dir='ltr'>districtuales</span> <span class='ocrx_word' id='word_1_155' title='bbox 1938 2254 2054 2305; x_wconf 87' lang='lat' dir='ltr'>seu</span> <span class='ocrx_word' id='word_1_156' title='bbox 2084 2234 2380 2302; x_wconf 88' lang='lat' dir='ltr'>subditos</span> <span class='ocrx_word' id='word_1_157' title='bbox 2413 2235 2572 2303; x_wconf 85' lang='lat' dir='ltr'>dieti</span> 
     </span>
     <span class='ocr_line' id='line_1_20' title="bbox 317 2340 2571 2425; baseline 0 -15"><span class='ocrx_word' id='word_1_158' title='bbox 317 2342 565 2410; x_wconf 84' lang='lat' dir='ltr'>domini</span> <span class='ocrx_word' id='word_1_159' title='bbox 598 2341 817 2425; x_wconf 88' lang='lat' dir='ltr'>Duois‚</span> <span class='ocrx_word' id='word_1_160' title='bbox 841 2361 962 2409; x_wconf 86' lang='lat' dir='ltr'>neo</span> <span class='ocrx_word' id='word_1_161' title='bbox 979 2340 1272 2425; x_wconf 88' lang='lat' dir='ltr'>aliquam</span> <span class='ocrx_word' id='word_1_162' title='bbox 1305 2346 1546 2411; x_wconf 84' lang='lat' dir='ltr'>terram</span> <span class='ocrx_word' id='word_1_163' title='bbox 1579 2364 1699 2410; x_wconf 80' lang='lat' dir='ltr'>seu</span> <span class='ocrx_word' id='word_1_164' title='bbox 1731 2342 1943 2411; x_wconf 89' lang='lat' dir='ltr'>looum</span> <span class='ocrx_word' id='word_1_165' title='bbox 1973 2343 2314 2411; x_wconf 87' lang='lat' dir='ltr'>habentem</span> <span class='ocrx_word' id='word_1_166' title='bbox 2343 2344 2571 2410; x_wconf 77' lang='lat' dir='ltr'>Recto-</span> 
     </span>
     <span class='ocr_line' id='line_1_21' title="bbox 318 2447 2517 2535; baseline -0.002 -18"><span class='ocrx_word' id='word_1_167' title='bbox 318 2469 457 2517; x_wconf 87' lang='lat' dir='ltr'>rem</span> <span class='ocrx_word' id='word_1_168' title='bbox 493 2469 612 2535; x_wconf 87' lang='lat' dir='ltr'>pro</span> <span class='ocrx_word' id='word_1_169' title='bbox 646 2448 820 2516; x_wconf 88' lang='lat' dir='ltr'>dieto</span> <span class='ocrx_word' id='word_1_170' title='bbox 844 2447 1106 2517; x_wconf 89' lang='lat' dir='ltr'>domino</span> <span class='ocrx_word' id='word_1_171' title='bbox 1138 2449 1319 2517; x_wconf 85' lang='lat' dir='ltr'>Duee</span> <span class='ocrx_word' id='word_1_172' title='bbox 1346 2485 2517 2501; x_wconf 71' lang='lat'>——————————</span> 
     </span>
    </p>
   </div>
   <div class='ocr_carea' id='block_1_4' title="bbox 318 2646 2579 2805">
    <p class='ocr_par' dir='ltr' id='par_1_4' title="bbox 318 2646 2579 2805">
     <span class='ocr_line' id='line_1_22' title="bbox 318 2646 2579 2717; baseline 0 -16"><span class='ocrx_word' id='word_1_173' title='bbox 318 2651 388 2713; x_wconf 78' lang='lat' dir='ltr'>(A</span> <span class='ocrx_word' id='word_1_174' title='bbox 418 2648 691 2701; x_wconf 73' lang='lat' dir='ltr'>velenezei</span> <span class='ocrx_word' id='word_1_175' title='bbox 763 2648 959 2717; x_wconf 79' lang='lat' dir='ltr'>¹,Liber</span> <span class='ocrx_word' id='word_1_176' title='bbox 1008 2654 1289 2717; x_wconf 68' lang='lat' dir='ltr'>pactorum</span> <span class='ocrx_word' id='word_1_177' title='bbox 1332 2649 1591 2701; x_wconf 80' lang='lat' dir='ltr'>Ferarie⁸</span> <span class='ocrx_word' id='word_1_178' title='bbox 1625 2648 1800 2702; x_wconf 75' lang='lat' dir='ltr'>ezimii</span> <span class='ocrx_word' id='word_1_179' title='bbox 1826 2646 2270 2715; x_wconf 68' lang='lat' dir='ltr'>allamkonyvbffl</span> <span class='ocrx_word' id='word_1_180' title='bbox 2317 2654 2400 2702; x_wconf 80' lang='lat'>97.</span> <span class='ocrx_word' id='word_1_181' title='bbox 2430 2652 2465 2702; x_wconf 89' lang='lat' dir='ltr'>l.</span> <span class='ocrx_word' id='word_1_182' title='bbox 2487 2670 2500 2714; x_wconf 81' lang='lat'>3</span> <span class='ocrx_word' id='word_1_183' title='bbox 2526 2665 2579 2703; x_wconf 82' lang='lat' dir='ltr'>a.</span> 
     </span>
     <span class='ocr_line' id='line_1_23' title="bbox 517 2733 2396 2805; baseline 0.002 -17"><span class='ocrx_word' id='word_1_184' title='bbox 517 2733 765 2804; x_wconf 62' lang='lat' dir='ltr'>belgr‘di</span> <span class='ocrx_word' id='word_1_185' title='bbox 789 2734 1148 2804; x_wconf 64' lang='lat' dir='ltr'>tudomanyos</span> <span class='ocrx_word' id='word_1_186' title='bbox 1200 2735 1443 2805; x_wconf 57' lang='lat' dir='ltr'>manag</span> <span class='ocrx_word' id='word_1_187' title='bbox 1475 2739 1862 2805; x_wconf 76' lang='lat' dir='ltr'>„Glasznikja‘</span> <span class='ocrx_word' id='word_1_188' title='bbox 1894 2740 2010 2791; x_wconf 84' lang='lat' dir='ltr'>XV.</span> <span class='ocrx_word' id='word_1_189' title='bbox 2038 2739 2151 2791; x_wconf 69' lang='lat' dir='ltr'>kot.</span> <span class='ocrx_word' id='word_1_190' title='bbox 2180 2741 2302 2791; x_wconf 81' lang='lat'><strong>207.</strong></span> <span class='ocrx_word' id='word_1_191' title='bbox 2337 2741 2396 2805; x_wconf 89' lang='lat' dir='ltr'>l.)</span> 
     </span>
    </p>
   </div>
   <div class='ocr_carea' id='block_1_5' title="bbox 1230 3027 1657 3039">
    <p class='ocr_par' dir='ltr' id='par_1_5' title="bbox 1230 3027 1657 3039">
     <span class='ocr_line' id='line_1_24' title="bbox 1230 3027 1657 3039; baseline 0.002 -1"><span class='ocrx_word' id='word_1_192' title='bbox 1230 3027 1657 3039; x_wconf 52' lang='grc' dir='ltr'><strong>ψ</strong></span> 
     </span>
    </p>
   </div>
   <div class='ocr_carea' id='block_1_6' title="bbox 1346 3546 1496 3613">
    <p class='ocr_par' dir='ltr' id='par_1_6' title="bbox 1346 3546 1496 3613">
     <span class='ocr_line' id='line_1_25' title="bbox 1346 3546 1496 3613; baseline -0.007 0"><span class='ocrx_word' id='word_1_193' title='bbox 1346 3546 1496 3613; x_wconf 81' lang='grc'><strong>361.</strong></span> 
     </span>
    </p>
   </div>
   <div class='ocr_carea' id='block_1_7' title="bbox 314 3744 2570 3941">
    <p class='ocr_par' dir='ltr' id='par_1_7' title="bbox 314 3744 2570 3941">
     <span class='ocr_line' id='line_1_26' title="bbox 314 3744 2570 3832; baseline 0 -22"><span class='ocrx_word' id='word_1_194' title='bbox 314 3747 407 3810; x_wconf 81' lang='lat' dir='ltr'>Az</span> <span class='ocrx_word' id='word_1_195' title='bbox 438 3748 820 3830; x_wconf 70' lang='lat' dir='ltr'>esztergami</span> <span class='ocrx_word' id='word_1_196' title='bbox 867 3748 1312 3830; x_wconf 78' lang='lat' dir='ltr'>kciptalannak</span> <span class='ocrx_word' id='word_1_197' title='bbox 1359 3747 1650 3832; x_wconf 63' lang='lat' dir='ltr'>jelentese</span> <span class='ocrx_word' id='word_1_198' title='bbox 1713 3748 1760 3810; x_wconf 93' lang='grc' dir='ltr'><em>Ι</em></span> <span class='ocrx_word' id='word_1_199' title='bbox 1767 3746 1837 3811; x_wconf 88' lang='lat' dir='ltr'>V.</span> <span class='ocrx_word' id='word_1_200' title='bbox 1907 3744 2140 3811; x_wconf 69' lang='lat' dir='ltr'>La&#39;szld</span> <span class='ocrx_word' id='word_1_201' title='bbox 2200 3746 2570 3832; x_wconf 73' lang='lat' dir='ltr'>kirdlyhoz,</span> 
     </span>
     <span class='ocr_line' id='line_1_27' title="bbox 315 3854 2562 3941; baseline 0.001 -23"><span class='ocrx_word' id='word_1_202' title='bbox 315 3856 480 3940; x_wconf 72' lang='lat' dir='ltr'>koyy</span> <span class='ocrx_word' id='word_1_203' title='bbox 512 3854 638 3918; x_wconf 77' lang='lat' dir='ltr'>Pdl</span> <span class='ocrx_word' id='word_1_204' title='bbox 666 3863 889 3919; x_wconf 68' lang='lat' dir='ltr'>mester</span> <span class='ocrx_word' id='word_1_205' title='bbox 920 3857 1289 3940; x_wconf 70' lang='lat' dir='ltr'>eszteryami</span> <span class='ocrx_word' id='word_1_206' title='bbox 1309 3855 1711 3941; x_wconf 75' lang='lat' dir='ltr'>pre&#39;postnak</span> <span class='ocrx_word' id='word_1_207' title='bbox 1741 3856 1876 3922; x_wconf 71' lang='lat' dir='ltr'>tobb</span> <span class='ocrx_word' id='word_1_208' title='bbox 1907 3857 2213 3920; x_wconf 59' lang='lat' dir='ltr'>servimen</span> <span class='ocrx_word' id='word_1_209' title='bbox 2247 3854 2476 3919; x_wconf 80' lang='lat' dir='ltr'>Zomor</span> <span class='ocrx_word' id='word_1_210' title='bbox 2499 3856 2562 3920; x_wconf 77' lang='lat' dir='ltr'>e&#39;s</span> 
     </span>
    </p>
   </div>
   <div class='ocr_carea' id='block_1_8' title="bbox 478 3960 2407 4030">
    <p class='ocr_par' dir='ltr' id='par_1_8' title="bbox 478 3960 2407 4030">
     <span class='ocr_line' id='line_1_28' title="bbox 478 3960 2407 4030; baseline 0.001 -4"><span class='ocrx_word' id='word_1_211' title='bbox 478 3960 939 4027; x_wconf 77' lang='lat' dir='ltr'>Udvarnokban</span> <span class='ocrx_word' id='word_1_212' title='bbox 972 3965 1107 4028; x_wconf 72' lang='grc' dir='ltr'>Ζέυὸ</span> <span class='ocrx_word' id='word_1_213' title='bbox 1141 3963 1698 4028; x_wconf 67' lang='grc' dir='ltr'>νέεεὸίντοῘωΙώαη</span> <span class='ocrx_word' id='word_1_214' title='bbox 1730 3964 2174 4030; x_wconf 75' lang='lat' dir='ltr'>statudltatott.</span> <span class='ocrx_word' id='word_1_215' title='bbox 2212 3961 2407 4028; x_wconf 78' lang='lat'><em>1289.</em></span> 
     </span>
    </p>
   </div>
   <div class='ocr_carea' id='block_1_9' title="bbox 306 4131 2565 4656">
    <p class='ocr_par' dir='ltr' id='par_1_9' title="bbox 306 4131 2565 4656">
     <span class='ocr_line' id='line_1_29' title="bbox 526 4131 2564 4242; baseline 0 -19"><span class='ocrx_word' id='word_1_216' title='bbox 526 4131 1052 4226; x_wconf 82' lang='lat' dir='ltr'>Exellentissimo</span> <span class='ocrx_word' id='word_1_217' title='bbox 1086 4158 1346 4227; x_wconf 89' lang='lat' dir='ltr'>domino</span> <span class='ocrx_word' id='word_1_218' title='bbox 1379 4179 1498 4225; x_wconf 85' lang='lat' dir='ltr'>suo</span> <span class='ocrx_word' id='word_1_219' title='bbox 1532 4159 1794 4225; x_wconf 90' lang='lat' dir='ltr'>domino</span> <span class='ocrx_word' id='word_1_220' title='bbox 1827 4158 2137 4226; x_wconf 88' lang='lat' dir='ltr'>Ladizlao</span> <span class='ocrx_word' id='word_1_221' title='bbox 2172 4158 2295 4225; x_wconf 91' lang='lat' dir='ltr'>Dei</span> <span class='ocrx_word' id='word_1_222' title='bbox 2331 4159 2564 4242; x_wconf 88' lang='lat' dir='ltr'>graeia</span> 
     </span>
     <span class='ocr_line' id='line_1_30' title="bbox 306 4262 2565 4355; baseline 0.001 -26"><span class='ocrx_word' id='word_1_223' title='bbox 306 4262 553 4330; x_wconf 88' lang='lat' dir='ltr'>Illustri</span> <span class='ocrx_word' id='word_1_224' title='bbox 587 4264 749 4346; x_wconf 84' lang='lat' dir='ltr'>Regi</span> <span class='ocrx_word' id='word_1_225' title='bbox 784 4264 1072 4348; x_wconf 85' lang='lat' dir='ltr'>Vngarie</span> <span class='ocrx_word' id='word_1_226' title='bbox 1123 4265 1496 4351; x_wconf 85' lang='lat' dir='ltr'>Capitulum</span> <span class='ocrx_word' id='word_1_227' title='bbox 1554 4265 1851 4334; x_wconf 81' lang='lat' dir='ltr'>Ecclesie</span> <span class='ocrx_word' id='word_1_228' title='bbox 1905 4265 2375 4355; x_wconf 76' lang='lat' dir='ltr'>strigoniensis</span> <span class='ocrx_word' id='word_1_229' title='bbox 2426 4286 2565 4333; x_wconf 89' lang='lat' dir='ltr'>ora·</span> 
     </span>
     <span class='ocr_line' id='line_1_31' title="bbox 306 4369 2547 4458; baseline 0.001 -21"><span class='ocrx_word' id='word_1_230' title='bbox 306 4371 525 4438; x_wconf 83' lang='lat' dir='ltr'>eiones</span> <span class='ocrx_word' id='word_1_231' title='bbox 586 4369 654 4437; x_wconf 90' lang='lat' dir='ltr'>in</span> <span class='ocrx_word' id='word_1_232' title='bbox 689 4372 946 4441; x_wconf 87' lang='lat' dir='ltr'>Christo</span> <span class='ocrx_word' id='word_1_233' title='bbox 978 4374 1236 4441; x_wconf 89' lang='lat' dir='ltr'>debitas</span> <span class='ocrx_word' id='word_1_234' title='bbox 1287 4381 1349 4441; x_wconf 89' lang='lat' dir='ltr'>et</span> <span class='ocrx_word' id='word_1_235' title='bbox 1400 4373 1692 4442; x_wconf 84' lang='lat' dir='ltr'>denotas.</span> <span class='ocrx_word' id='word_1_236' title='bbox 1749 4376 1984 4441; x_wconf 87' lang='lat' dir='ltr'>Vestra</span> <span class='ocrx_word' id='word_1_237' title='bbox 2033 4375 2291 4443; x_wconf 89' lang='lat' dir='ltr'>nouerit</span> <span class='ocrx_word' id='word_1_238' title='bbox 2339 4374 2547 4458; x_wconf 85' lang='lat' dir='ltr'>Regia</span> 
     </span>
     <span class='ocr_line' id='line_1_32' title="bbox 308 4475 2561 4568; baseline 0.004 -25"><span class='ocrx_word' id='word_1_239' title='bbox 308 4475 660 4565; x_wconf 88' lang='lat' dir='ltr'>Celsitudo,</span> <span class='ocrx_word' id='word_1_240' title='bbox 695 4501 811 4548; x_wconf 91' lang='lat' dir='ltr'>nos</span> <span class='ocrx_word' id='word_1_241' title='bbox 842 4483 1163 4568; x_wconf 81' lang='lat' dir='ltr'>recepisse</span> <span class='ocrx_word' id='word_1_242' title='bbox 1197 4491 1453 4551; x_wconf 85' lang='lat' dir='ltr'>uestras</span> <span class='ocrx_word' id='word_1_243' title='bbox 1474 4483 1727 4551; x_wconf 87' lang='lat' dir='ltr'>litteras</span> <span class='ocrx_word' id='word_1_244' title='bbox 1749 4504 1894 4551; x_wconf 84' lang='lat' dir='ltr'>eum</span> <span class='ocrx_word' id='word_1_245' title='bbox 1926 4483 2146 4551; x_wconf 86' lang='lat' dir='ltr'>debita</span> <span class='ocrx_word' id='word_1_246' title='bbox 2178 4485 2561 4552; x_wconf 83' lang='lat' dir='ltr'>reuerenoia</span> 
     </span>
     <span class='ocr_line' id='line_1_33' title="bbox 310 4585 805 4656; baseline 0.004 -6"><span class='ocrx_word' id='word_1_247' title='bbox 310 4585 379 4651; x_wconf 90' lang='lat' dir='ltr'>in</span> <span class='ocrx_word' id='word_1_248' title='bbox 411 4585 533 4654; x_wconf 85' lang='lat' dir='ltr'>heo</span> <span class='ocrx_word' id='word_1_249' title='bbox 566 4588 805 4656; x_wconf 88' lang='lat' dir='ltr'>uerba:</span> 
     </span>
    </p>
   </div>
  </div>
 </body>
</html>
