3319 5249
1344 398 1477 466 431

263 611 454 679 gnos,
489 591 825 660 audientes
857 601 919 661 et
943 592 1387 678 intelligentes
1408 593 1667 680 plenius
1697 594 2055 682 veritatem,
2076 595 2238 662 visis
2259 596 2523 681 quibus·

266 699 421 765 dam
458 698 663 766 eciam
695 701 1139 768 instrumentis
1173 708 1236 767 et
1295 698 1693 788 priuilegijs‚
1752 700 1821 766 in
1887 700 2121 786 quibus
2184 703 2529 771 manifeste

204 820 211 827 ·
264 807 603 892 probatur,
638 806 809 890 quod
840 808 1129 893 predicte
1160 808 1375 875 insule
1395 810 1812 894 pertinebant
1844 814 1907 874 et
1938 814 2122 876 erant
2154 808 2415 894 dejure
2466 814 2529 877 et

265 914 666 999 proprietate
699 913 1005 981 Ciuitatis
1036 915 1373 983 Jadrensis
1416 937 1457 981 a
1476 921 1787 1003 tempore,
1809 915 1990 982 cuius
2023 937 2155 983 non
2188 923 2368 984 extat
2399 937 2531 984 me-

262 1020 515 1087 moria:
547 1021 913 1107 predictam
946 1021 1420 1089 confessionem
1453 1028 1739 1088 nostram
1772 1041 1890 1106 per
1909 1042 2192 1091 errorem
2244 1023 2516 1111 factam,

261 1148 463 1212 quam
490 1134 756 1215 propter
788 1129 1255 1214 ignoranciam,
1288 1141 1401 1197 aut
1434 1128 1914 1213 negligenciam
1968 1149 2087 1197 seu
2136 1130 2528 1215 occupacio-

263 1255 413 1303 nem
449 1236 717 1304 nimiam
784 1235 1132 1303 occasione
1188 1236 1359 1302 dicte
1408 1235 1928 1303 consecracionis
1977 1235 2252 1312 ecclesie
2299 1241 2522 1315 nostre

259 1343 540 1410 fecimus
596 1345 683 1410 de
736 1342 1012 1410 consilio
1065 1343 1436 1427 sapientum
1470 1350 1534 1409 et
1594 1342 2069 1428 religiosorum,
2132 1343 2519 1411 auctoritate

264 1449 683 1535 presencium
737 1447 1024 1516 totaliter
1054 1467 1475 1532 reuocamus‚
1507 1449 1871 1535 irritamus;
1900 1448 2230 1517 irritantes
2263 1457 2327 1516 et
2377 1469 2519 1517 cas·

257 1564 488 1624 santes
521 1555 834 1643 eamdem,
865 1556 932 1623 in
953 1556 1074 1623 hoc
1104 1557 1249 1624 iura
1266 1556 1582 1625 canonica
1602 1566 2020 1643 exequentes,
2044 1559 2227 1626 iuxta
2245 1559 2515 1625 verbum

259 1666 516 1733 Summi
547 1663 879 1733 Pontificis
927 1662 1239 1732 dicentis:
1299 1664 1748 1751 „Sentenciam
1798 1666 2090 1732 Romane
2142 1663 2334 1733 Sedis
2387 1686 2518 1733 non

260 1792 585 1857 negamus
616 1770 905 1857 possein
937 1770 1167 1838 melius
1217 1770 1614 1856 commutari,
1673 1792 1817 1840 cum
1869 1772 2226 1857 aliquando
2278 1772 2519 1839 dictum

260 1879 462 1947 fuerit
491 1883 606 1945 aut
634 1879 944 1963 scriptum
978 1878 1375 1945 contrarium
1404 1876 1730 1945 veritati.“
1765 1879 1848 1943 Et
1876 1897 1959 1945 ne
1985 1881 2331 1948 occasione
2350 1879 2523 1948 dicte

259 1985 752 2055 testificacionis
787 1993 1013 2058 nostre
1045 1986 1217 2053 sicut
1266 1985 1443 2052 nulle
1492 1993 1557 2054 et
1607 1992 1920 2068 tanquam
1970 1986 2165 2070 nulle,
2213 2006 2522 2072 processu

256 2093 573 2182 temporis
604 2093 768 2164 inter
800 2092 1148 2161 ciuitatem
1181 2093 1566 2161 Jadrensem
1600 2100 1668 2161 et
1702 2091 1978 2160 Castrun
2012 2089 2108 2181 (?)
2140 2093 2518 2161 Sibenicen-

256 2221 399 2270 sem
430 2202 683 2286 questio
713 2200 935 2285 aliqua
963 2199 1182 2273 valeat
1210 2200 1511 2269 suscitari
1535 2224 1551 2285 ;
1583 2206 1952 2286 presentem
2001 2200 2286 2268 litteram
2331 2221 2514 2269 reuo-

258 2310 579 2379 catoriam
610 2309 812 2377 nostri
841 2307 1049 2393 sigilli
1071 2308 1415 2394 pendentis
1447 2308 1825 2393 munimine,
1856 2326 1935 2374 ac
1964 2308 2173 2374 eciam
2206 2306 2398 2393 signo
2451 2314 2519 2376 et

258 2418 525 2485 nomine
553 2416 952 2502 infrascripti
991 2416 1248 2501 Notarij
1291 2417 1666 2484 roboratam
1718 2415 1902 2483 vobis
1954 2415 2256 2482 duximus
2305 2422 2519 2484 trans·

258 2525 667 2595 mittendam.
703 2526 943 2592 Datum
972 2524 1173 2592 Jadre
1219 2545 1391 2593 anno
1454 2522 1718 2591 Domini
1781 2523 2007 2589 M⁰cc⁰
2071 2523 2514 2608 octuagesimo

256 2636 505 2719 quinto,
534 2632 893 2701 indiccione
923 2630 1105 2700 x111.
1139 2631 1245 2700 die
1276 2633 1566 2700 secunda
1597 2633 1834 2698 mensis
1852 2631 1894 2697 J
1897 2630 2054 2710 unii.
2088 2631 2509 2700 Presentibus

256 2739 623 2810 venerabili
652 2745 840 2826 patre
870 2738 1131 2806 domino
1160 2739 1360 2806 fratre
1390 2739 1756 2823 Augustino
1785 2737 1912 2803 Dei
1932 2739 2159 2822 gracia
2187 2737 2513 2824 Episcopo

257 2847 566 2916 Ciuitatis
614 2847 799 2914 Noue
856 2846 1166 2929 Nouesia‚
1202 2852 1269 2912 et
1327 2846 1631 2929 religioso
1693 2844 1833 2912 viro
1894 2843 2196 2912 Johanne
2255 2846 2513 2913 Abbate

256 2956 484 3024 Sancti
508 2954 894 3040 Grisogoni3
929 2953 1259 3022 nobilibus
1278 2952 1436 3019 viris
1464 2951 1719 3019 Marino
1751 2950 2055 3038 Gir'ardo,
2088 2958 2153 3020 et
2182 2951 2515 3020 Ricobono

256 3065 341 3130 de
372 3061 696 3149 Venecijs‚
727 3081 898 3130 nunc
932 3058 1391 3128 mercatoribus
1422 3057 1873 3127 Jadrensibus.

476 3171 616 3254 Ego
647 3168 1086 3237 Laurencibus
1132 3167 1254 3235 Dei
1303 3167 1533 3253 gracia
1579 3169 1620 3238 J
1625 3165 1922 3235 adrensis
1971 3165 2516 3253 Archiepiscopus

258 3298 461 3346 manu
490 3278 778 3364 propria.

475 3386 612 3469 Ego
644 3384 1031 3453 Vincencius
1082 3384 1374 3453 Ecclesie
1426 3383 1653 3451 Sancti
1703 3381 2025 3469 Stephani
2072 3381 2398 3450 Presbiter
2446 3392 2511 3452 et

256 3496 298 3562 J
300 3493 599 3562 adrensis
618 3493 930 3561 Notarius
950 3491 1073 3580 hys
1102 3491 1384 3579 interfui,
1408 3498 1471 3558 et
1491 3490 1574 3558 de
1605 3490 1916 3559 mandato
1948 3491 2219 3578 predicti
2237 3491 2509 3559 Archio-

277 3601 533 3687 piscopi
580 3601 753 3669 hanc
783 3606 1031 3669 cartam
1078 3600 1345 3687 scripsi,
1393 3599 1697 3667 roboraui
1727 3604 1794 3666 et
1838 3599 2027 3684 signo
2074 3605 2379 3667 consueto
2427 3600 2513 3669 si·

262 3709 482 3793 gnaui.

752 3919 992 3995 (Lucius,
1017 3923 1276 3977 Memorio
1299 3922 1537 3976 storicbe
1557 3922 1612 3976 di
1637 3921 1784 3975 Trau
1813 3922 1933 3977 11⁷.
1959 3921 2022 3989 1.)
