3319 5249
1253 375 1288 381 „
1346 282 1566 379 377*ἡ

301 486 411 551 bus
439 483 570 549 suis
595 483 635 550 J
641 483 892 576 ohanne
924 490 988 548 et
1016 482 1352 548 Ztauizlao
1382 502 1424 547 a
1455 485 1675 547 nostra
1707 476 1900 563 pecijt
1929 475 2287 560 Maiestate,
2318 473 2516 560 priui-

301 593 526 677 legium
559 592 904 677 empcionis
937 592 1272 659 cuiusdam
1298 590 1453 656 ville
1475 587 1850 675 Regyoulch
1881 591 2127 670 vocate,
2150 591 2367 652 nostre
2385 604 2522 670 pre-

297 702 501 768 sencie
551 710 982 786 presentatum
1031 702 1235 785 Regio
1289 698 1705 783 dignaremur
1746 692 2084 781 priuilegio
2127 694 2523 760 confirmare.

296 810 482 878 Cuius
513 809 772 894 quidem
807 808 1127 894 priuilegij
1165 805 1519 893 empcionis
1551 812 1734 872 tenor
1761 804 1816 870 is
1851 810 1985 870 est:

299 901 302 904 ¹
498 920 635 986 Nos
667 918 977 1002 Magister
1006 919 1087 983 M.
1124 915 1364 982 Diuina
1395 913 1819 981 miseracione
1860 911 2233 995 Prepositus
2263 910 2346 979 de
2377 911 2522 977 Sce-

288 1046 403 1110 pus
453 1028 575 1093 stb.
611 1024 1034 1116 (kovetkezik
1068 1047 1109 1091 a
1141 1024 1391 1110 szepcsi
1421 1020 1881 1108 kaptalaunak
1937 1019 2209 1087 1278-ki
2261 1020 2524 1104 bizony-

289 1134 617 1218 saglevele
645 1134 808 1200 mint
837 1134 1092 1200 fentebb
1133 1136 1279 1199 151.
1314 1152 1398 1200 sz.
1430 1129 1522 1214 a.)

493 1243 801 1311 Exhibuit
862 1242 1067 1310 eciam
1131 1247 1434 1325 patentes
1495 1239 1746 1305 litteras
1796 1237 2088 1304 Ladizlai
2142 1235 2408 1304 Comitis
2441 1236 2525 1303 de

284 1352 545 1438 Scepus,
603 1371 721 1418 nec
771 1371 898 1417 non
947 1349 1291 1436 priuilegia
1333 1348 1634 1434 Capituli,
1667 1354 1730 1413 et
1761 1346 2032 1414 Abbatis
2088 1345 2349 1414 Ordinis
2400 1346 2522 1430 Cy·

286 1459 656 1528 stereieusis
686 1458 809 1527 loci
843 1459 1152 1538 eiusdem,
1205 1467 1491 1524 tenorem
1544 1456 1624 1522 de
1673 1458 1865 1523 uerbo
1898 1455 1983 1522 ad
2015 1455 2282 1521 uerbum
2317 1456 2516 1521 conti-

283 1571 511 1636 nencia
560 1566 1022 1652 supradictum.
1065 1566 1168 1631 Ad
1202 1564 1506 1632 maiorem
1540 1565 1746 1630 eciam
1780 1584 1894 1631 sue
1925 1562 2315 1632 assercionis
2348 1571 2413 1629 et
2446 1562 2522 1630 ti·

285 1678 397 1744 tuli
460 1677 835 1743 firmitatem
885 1673 1298 1760 priuilegium
1334 1670 1575 1739 domini
1606 1671 1872 1738 illustris
1923 1675 2121 1757 Regis
2169 1671 2344 1758 Bele,
2397 1692 2525 1756 quo

279 1786 442 1851 idem
460 1785 825 1852 Anthaleus
859 1794 923 1852 et
941 1785 1308 1870 Stephanus
1344 1781 1511 1849 filius
1545 1781 1832 1850 eiusdem
1867 1781 2104 1849 dictam
2143 1783 2362 1850 villam
2398 1783 2517 1849 Re·

277 1893 552 1980 gyoulch
573 1890 1195 1978 possidebant,quod
1215 1891 1418 1959 eciam
1439 1890 1505 1956 iu
1526 1891 1798 1977 prefatis
1819 1892 2226 1959 uendicionis
2262 1890 2515 1977 priuile-

275 2002 397 2088 gijs
449 2022 598 2070 cum
630 2002 783 2088 alijs
814 2001 1226 2069 munimentis
1258 2022 1329 2069 se
1361 2007 1854 2087 assumpserunt
1884 2000 2253 2068 reddituros
2289 2002 2356 2066 in
2389 2022 2520 2068 ma-

273 2134 390 2181 nus
411 2133 591 2199 suas,
620 2112 940 2179 redditum
974 2121 1038 2178 et
1067 2111 1371 2177 traditum
1405 2131 1549 2177 cum
1583 2097 1886 2178 omnibus
1923 2111 2073 2196 alijs
2104 2111 2518 2177 munimentis

276 2221 446 2288 idem
466 2221 785 2304 Magister
806 2221 1091 2288 Jacobus
1122 2226 1341 2288 nostro
1375 2221 1744 2304 conspectui
1779 2219 2197 2305 presentauit.
2230 2220 2366 2285 Nos
2402 2219 2519 2286 ita·
2570 2211 2575 2222 ’

279 2352 400 2414 que
422 2352 511 2397 ex
532 2328 1108 2414 circumspeccione
1127 2328 1396 2414 Regalis
1420 2327 1833 2412 prouidencie
1867 2328 1933 2393 in
1966 2329 2157 2414 pleno
2198 2327 2518 2394 Baronum

275 2445 639 2507 nostrorum
673 2438 956 2505 Consilio
984 2439 1256 2505 eundem
1289 2438 1669 2524 Magistrum
1701 2440 2013 2506 ,Iacobum
2036 2442 2101 2504 et
2118 2436 2347 2504 fratres
2367 2456 2519 2504 suos

270 2548 683 2615 attendentes
702 2546 768 2614 in
788 2549 1100 2633 premisso
1122 2547 1515 2614 uendicionis
1535 2555 1597 2613 et
1617 2547 1971 2634 empcionis
1992 2546 2176 2611 titulo
2200 2546 2387 2633 plena
2414 2565 2518 2610 au·

272 2657 573 2724 ctoritate
612 2653 843 2740 fulciri,
888 2656 1186 2740 quodque
1219 2656 1508 2742 prefatus
1544 2654 1904 2723 Anthaleus
1937 2663 2002 2722 et
2031 2655 2198 2721 filius
2232 2652 2519 2723 eiusdem

277 2786 408 2833 rem
433 2764 709 2851 pacifice
727 2784 1098 2848 possessam
1119 2765 1286 2832 iusto
1306 2765 1501 2832 titulo
1539 2765 1604 2830 in
1646 2784 1959 2850 personas
2003 2764 2432 2850 predictorum
2454 2763 2520 2828 fi-

271 2874 515 2941 delium
543 2877 898 2938 nostrorum
920 2873 1390 2961 transtulerint,
1413 2873 1577 2940 sicut
1598 2872 1686 2938 ad
1703 2874 1881 2958 ipsos
1902 2872 1984 2938 de
2004 2874 2138 2939 iure
2171 2878 2234 2938 et
2264 2870 2520 2938 iusticia

272 3002 349 3049 ex
368 2982 734 3050 collacione
754 2980 1019 3064 Regalis
1043 2980 1265 3065 gracie
1287 2983 1672 3066 pertinebat,
1694 2982 1885 3065 longo
1906 2981 2027 3047 hoc
2050 2981 2353 3065 temporis
2373 3000 2517 3066 spa-

272 3091 370 3156 cio
391 3089 838 3172 confirmante;
862 3088 1349 3157 considerantes
1370 3088 1827 3156 nichilominus
1849 3100 1913 3155 et
1931 3088 2350 3173 benignitatis
2373 3109 2514 3156 ocu-

267 3197 344 3265 lis
392 3198 741 3281 intuenteS,
795 3195 965 3279 quod
1012 3196 1183 3264 idem
1229 3198 1538 3281 Magistcr
1569 3197 1855 3263 Jacobus
1887 3197 2277 3282 repeticione
2312 3197 2513 3264 castri

268 3303 468 3373 nostri
519 3303 601 3370 dc
648 3305 892 3392 Scepus
942 3305 1023 3373 de
1071 3314 1293 3373 nostra
1325 3307 1630 3388 iussione,
1666 3306 1838 3391 quod
1875 3306 2123 3373 familia
2153 3308 2414 3393 Gregen
2444 3315 2506 3375 et

267 3415 547 3482 Rolaudi
597 3415 929 3483 detinebat
976 3417 1375 3484 infidelitatis
1425 3418 1637 3485 studio
1688 3425 2086 3503 occupatum,
2127 3417 2505 3484 mandatum

266 3523 537 3608 Regium
589 3524 653 3589 in
709 3544 987 3609 persona
1038 3525 1301 3611 propria
1349 3526 1539 3593 fuerit
1583 3527 1856 3593 fideliter
1906 3531 2235 3612 executus,
2288 3530 2350 3592 et
2401 3547 2518 3611 per

269 3629 539 3698 eandem
592 3632 906 3698 familiam
960 3633 1215 3718 Gregen
1249 3642 1314 3700 et
1344 3633 1618 3700 Rolaudi
1653 3633 2087 3701 inhumaniter
2119 3641 2350 3721 captus
2413 3655 2517 3703 ex·

271 3740 474 3806 titerit
521 3745 586 3805 et
616 3739 1073 3807 miserabiliter
1106 3742 1440 3825 cruciatus,
1472 3762 1544 3809 se
1580 3762 1816 3825 magna
1848 3761 2098 3807 summa
2126 3741 2398 3829 pecunie
2429 3741 2515 3810 ad

271 3845 700 3930 quantitatem
724 3855 977 3913 centum
997 3868 1358 3915 marcarum
1380 3848 1491 3915 fini
1524 3849 1781 3933 argenti
1810 3848 2201 3934 redimendo,
2238 3871 2355 3935 pro
2387 3871 2517 3934 qua

270 3976 519 4022 summa
541 3954 773 4023 fratres
804 3977 955 4023 suos
988 3957 1238 4043 pignori
1288 3958 1629 4041 obligarat,
1665 3958 1998 4043 cupientes
2031 3957 2266 4025 exinde
2300 3960 2515 4044 ipsum

269 4062 649 4146 Magistrum
700 4062 1014 4131 Jacobum
1066 4073 1131 4133 et
1178 4068 1412 4133 fratres
1454 4086 1602 4132 suos
1635 4087 1751 4152 pro
1785 4065 2153 4133 huiusmodi
2186 4068 2514 4152 obsequijs

275 4178 335 4236 et
369 4171 615 4238 meritis
647 4173 963 4256 graciosis
997 4175 1198 4258 Regio
1232 4175 1506 4259 posequi
1535 4194 1679 4239 cum
1715 4174 1964 4255 fauore,
2001 4174 2325 4259 prefatam
2363 4195 2515 4241 uen-

275 4279 585 4348 dicionem
612 4281 766 4347 ville
788 4283 1168 4368 Regyoulch
1191 4304 1332 4349 cum
1357 4282 1653 4349 omnibus
1689 4283 2076 4349 utilitatibus
2109 4282 2243 4352 suis
2278 4289 2340 4348 ct
2371 4303 2515 4368 per-

265 4385 579 4474 tinencijs,
614 4409 694 4454 ex
725 4389 1128 4474 plenitudine
1160 4391 1427 4475 Regalis
1472 4390 1890 4458 conniueucie
1918 4396 2127 4457 ratam
2170 4399 2234 4460 et
2264 4397 2515 4475 gratam

262 4494 589 4581 habentes,
640 4497 705 4562 in
757 4507 1045 4564 eternam
1100 4500 1191 4566 rei
1243 4500 1614 4566 memoriam
1668 4499 2048 4567 auctoritate
2101 4501 2502 4584 presencium

269 4605 733 4673 confirmamus.
788 4606 985 4675 Cuius
1037 4608 1300 4691 quidem
1355 4616 1521 4675 terre
1562 4618 1749 4693 mete,
1802 4617 1995 4691 prout
2051 4610 2117 4676 in
2165 4610 2509 4696 priuilegio
