3319 5249
1802 345 2016 447 304—

734 544 797 600 et
831 535 1137 603 fratribus
1174 539 1308 605 suis
1342 546 1634 622 quartam
1683 548 1950 606 matrem
1986 561 2173 607 suam
2206 543 2689 626 contingentem
2723 543 2805 609 de
2834 562 2980 630 pos·

732 645 1122 711 sessionibus
1180 648 1387 731 patris
1438 668 1654 714 eorum
1723 649 2135 734 hereditariis
2185 650 2290 715 uel
2354 670 2735 734 quocunqne
2795 650 2980 715 titulo

733 755 1130 837 conquisitis,
1188 756 1453 840 petebat
1501 757 1757 824 nomine
1807 758 2029 824 matris
2084 778 2196 823 suc
2240 758 2362 824 sibi
2397 758 2719 842 assignari
2753 778 2978 823 secun-

733 860 880 926 dum
914 862 1120 945 Regni
1152 864 1686 931 consuetudinem
1722 867 2167 950 approbatam.
2189 866 2421 953 Mycov
2452 887 2606 933 vero
2642 875 2705 932 et
2736 866 2976 933 fratres

730 967 829 1034 sui
863 968 1166 1035 dicebant
1200 970 1415 1036 animo
1450 972 1851 1038 contestandi
1885 973 2090 1039 littem
2110 974 2192 1039 de
2214 974 2507 1058 predicta
2527 982 2761 1058 quarta
2782 976 2974 1039 matri

728 1075 963 1161 prefati
999 1078 1340 1162 Symeonis
1374 1100 1489 1164 per
1521 1081 1698 1165 ipsos
1730 1082 1867 1148 fore
1915 1081 2342 1167 satisfactum,
2396 1092 2462 1149 et
2511 1083 2655 1151 ideo
2689 1104 2758 1149 se
2784 1083 2962 1168 ipsos

728 1184 1028 1251 dicebant
1089 1186 1345 1270 penitus
1399 1190 1481 1253 ab
1531 1189 1921 1273 inpeticione
1974 1192 2181 1276 ipsius
2229 1191 2567 1276 Symeonis
2618 1192 2972 1258 absolutos.

726 1295 861 1359 Nos
894 1301 1111 1359 autem
1146 1294 1434 1378 parcium
1471 1297 2033 1382 proposicionibus
2067 1297 2285 1365 debita
2318 1299 2689 1366 maturitate
2711 1297 2973 1383 auditis,

726 1422 803 1468 ac
835 1401 1153 1469 iudicaria
1180 1405 1551 1471 maturitate
1585 1428 1754 1491 equa
1783 1409 1972 1474 lance
2005 1407 2261 1474 iusticie
2292 1408 2603 1493 pensatis,
2639 1407 2798 1493 ipsis
2837 1408 2974 1492 My-

726 1532 847 1577 cov
899 1518 962 1577 et
1011 1512 1324 1580 fratribus
1376 1515 1513 1580 suis
1554 1534 1797 1582 morem
1829 1522 2149 1602 gerentes,
2181 1524 2243 1584 et
2274 1516 2776 1585 sollemnitatem
2810 1514 2973 1582 iuris

723 1639 987 1688 seruare
1019 1621 1313 1687 uolentes
1348 1622 1780 1689 assercionem
1816 1644 2035 1691 eorum
2065 1612 2342 1709 probare
2375 1622 2666 1690 dedimus
2698 1623 2970 1691 testibus

724 1728 951 1812 quibus
1004 1728 1513 1797 euidencioribus
1564 1738 1832 1815 possent
1887 1753 2102 1799 coram
2134 1731 2437 1800 discretis
2470 1732 2626 1799 viris
2663 1732 2967 1817 Capitulo

723 1837 1057 1930 Waciensi
1106 1837 1190 1904 ad
1242 1838 1674 1907 intencionem
1707 1862 1923 1908 eorum
1955 1841 2407 1909 roborandam.
2443 1841 2570 1919 Qui
2605 1840 2712 1907 die
2744 1848 2810 1907 et
2838 1847 2965 1906 ter-

721 1944 922 2029 mino,
970 1966 1093 2029 quo
1147 1952 1345 2015 testes
1398 1950 1751 2016 secundum
1782 1950 2250 2016 continenciam
2281 1951 2568 2035 priorum
2603 1950 2964 2017 litterarum

720 2061 1086 2122 nostrarum
1147 2056 1500 2139 producere
1564 2078 1780 2123 coram
1845 2058 2014 2124 dicto
2079 2059 2381 2144 Capitulo
2444 2058 2768 2125 debebant
2787 2111 2804 2145 ,
2871 2058 2962 2123 ad

720 2163 1142 2231 intencionem
1204 2185 1424 2232 eorum
1487 2166 1888 2235 fundandam
1909 2218 1928 2252 ,
1986 2168 2247 2234 minime
2311 2169 2784 2252 produxerunt3
2846 2164 2966 2234 sed

720 2270 987 2353 quidam
1019 2271 1329 2340 officialis
1362 2294 1582 2341 corum
1608 2275 1838 2341 Gallus
1873 2276 2129 2343 nomine
2162 2276 2396 2362 optulit
2428 2276 2638 2343 eidem
2660 2275 2964 2362 Capitulo

720 2380 974 2446 litteras
1026 2379 1268 2445 domini
1315 2381 1612 2447 Ladizlai
1663 2382 1936 2449 illustris
1988 2384 2186 2467 Regis
2233 2385 2518 2466 Vngarie
2551 2385 2717 2450 inter
2748 2391 2964 2449 cetera

719 2489 1134 2571 continentes,
1188 2498 1258 2555 ut
1307 2492 1462 2573 quia
1510 2490 1680 2556 idem
1737 2492 1971 2574 Mycov
2021 2491 2089 2557 in
2140 2494 2427 2559 exercitu
2479 2491 2724 2559 domini
2763 2492 2964 2576 Regis

719 2606 875 2682 erat,
895 2598 1103 2684 ipsam
1125 2596 1621 2684 produccionem
1644 2599 1900 2666 testium
1921 2599 2006 2666 ad
2038 2600 2241 2666 alium
2271 2601 2611 2666 terminum
2647 2598 2957 2667 deberent

717 2727 1082 2796 prorogare.
1136 2704 1386 2783 Quibus
1437 2709 1640 2773 eciam
1694 2709 1927 2774 litteris
1981 2708 2248 2793 predicti
2300 2707 2542 2774 domini
2592 2710 2792 2792 Regis
2837 2729 2954 2793 per

716 2818 924 2902 ipsum
957 2815 1321 2900 Capitulum
1354 2817 1638 2900 paritum
1672 2817 1794 2883 fuit
1824 2817 1891 2883 in
1922 2817 2047 2882 hac
2077 2824 2281 2902 parte,
2302 2824 2365 2881 et
2385 2815 2554 2884 idem
2576 2816 2953 2901 Capitulum

719 2947 800 2993 ex
830 2923 1259 3011 permissione
1291 2933 1513 2990 nostra
1544 2926 1746 2992 alium
1779 2925 2118 2992 terminum
2141 2926 2205 2991 in
2228 2926 2465 2993 litteris
2486 2925 2731 2992 domini
2760 2926 2956 3010 Regis

717 3034 985 3120 petitum
1016 3039 1080 3098 et
1113 3038 1478 3097 contentum
1512 3032 1755 3099 eisdem
1811 3034 1991 3099 dedit
2019 3054 2138 3119 pro
2173 3054 2388 3100 eorum
2419 3033 2690 3100 testibus
2720 3033 2956 3119 produ·

713 3142 977 3227 ‚cendis;
1039 3142 1132 3206 ita
1184 3149 1419 3225 tamen,
1480 3148 1547 3205 ut
1597 3141 1742 3226 ipsa
1792 3142 2137 3224 produccio
2189 3144 2447 3209 testium
2503 3143 2642 3210 fieri
2686 3141 2954 3207 deberet

725 3271 947 3318 coram
1004 3249 1209 3316 nobis.
1264 3247 1387 3326 Qui
1444 3247 1696 3315 scilicet
1724 3251 1955 3337 Mycov
1995 3258 2058 3316 et
2088 3250 2318 3316 fratres
2350 3251 2450 3317 sui
2483 3251 2565 3316 ad
2598 3249 2951 3316 secundum

711 3358 1048 3427 terminum
1101 3378 1215 3443 pro
1260 3358 1533 3424 testibus
1566 3378 1785 3425 eorum
1817 3359 2246 3444 producendis
2281 3359 2681 3442 assignatum
2715 3378 2950 3442 conpa-

713 3475 976 3534 ruerunt
1007 3486 1217 3532 coram
1251 3466 1470 3548 nobis;
1520 3466 1633 3531 sed
1668 3467 1926 3533 nomina
1958 3475 2022 3533 et
2053 3468 2226 3534 dicta
2260 3465 2657 3551 quorundam
2689 3466 2949 3532 testium

713 3595 929 3648 eorum
965 3574 1029 3639 in
1064 3573 1339 3658 quadam
1376 3573 1610 3641 cedula
1640 3577 1827 3641 nobis
1861 3583 2334 3661 presentarunt.
2376 3576 2476 3641 De
2509 3575 2740 3658 quibus
2773 3573 2951 3640 testi-

716 3683 933 3758 busin
968 3684 1111 3768 ipsa
1145 3680 1373 3748 cedula
1405 3683 1501 3750 sic
1531 3685 1848 3750 contentis
1883 3682 2162 3770 Symeon
2194 3684 2364 3751 filius
2386 3683 2656 3769 predicti
2683 3681 2949 3749 Comitis

712 3791 1073 3879 Mychaelis
1108 3792 1419 3877 quosdam
1453 3814 1531 3858 ex
1562 3794 1989 3878 permissione
2032 3798 2254 3859 nostra
2286 3791 2364 3856 dc
2397 3811 2709 3858 consensu
2742 3789 2947 3873 ipsius

711 3902 945 3989 Mycov
978 3908 1041 3966 et
1071 3900 1341 3966 fratrum
1376 3922 1632 3966 suorum
1668 3902 1750 3967 ad
1786 3901 2118 3987 corporale
2159 3907 2631 3967 sacramentum
2663 3906 2949 3984 prestan-

710 4013 859 4077 dum
910 4031 1026 4094 pro
1068 4011 1341 4076 ueritate
1374 4010 1653 4077 dicenda
1686 4008 1763 4075 de
1797 4017 2030 4094 quarta
2062 4010 2316 4076 domine
2349 4009 2570 4074 matris
2602 4027 2716 4074 sue
2747 4006 2950 4089 elegit

710 4119 1061 4186 secundum
1113 4120 1315 4202 Regni
1373 4117 1897 4184 consuetudinem
1953 4120 2373 4204 approbatam
2401 4141 2414 4201 ;
2473 4123 2536 4183 et
2578 4136 2695 4200 pro
2727 4114 2944 4181 huius·

711 4227 881 4292 modi
934 4235 1336 4294 sacramento
1387 4228 1738 4313 prestando
1789 4248 1906 4293 nos
1940 4226 2018 4292 dc
2052 4229 2386 4293 uoluntate
2418 4225 2704 4311 parc-ium
2738 4225 2942 4307 assig-

711 4338 1005 4401 nauimus
1056 4332 1618 4420 perhemptorium,
1671 4336 2092 4402 decernentes
2146 4334 2319 4418 quod
2371 4333 2638 4400 ulterius
2668 4331 2942 4417 predicti

708 4447 937 4531 Mycov
968 4453 1033 4511 et
1064 4444 1292 4510 fratres
1326 4442 1422 4510 sui
1454 4463 1570 4509 nec
1604 4463 1749 4508 cum
1783 4443 2015 4510 litteris
2048 4442 2288 4527 Regiis,
2319 4461 2445 4507 nec
2488 4442 2717 4525 qnauis
2751 4460 2938 4506 occa·

708 4553 890 4621 sione
940 4552 1089 4631 alia,
1142 4556 1298 4637 puta
1346 4548 1714 4636 debilitatis,
1764 4552 2014 4636 possint
2066 4571 2137 4616 se
2183 4570 2530 4634 excusare3
2563 4548 2934 4628 adicientes,

710 4654 879 4748 quod
913 4663 969 4730 si
1001 4662 1064 4728 in
1101 4661 1370 4729 termino
1392 4660 1483 4726 sic
1505 4682 1617 4749 per
1638 4681 1755 4726 nos
1789 4660 2119 4744 assignato
2154 4658 2232 4725 dc
2264 4659 2552 4746 parcium
2586 4660 2936 4746 voluntate,
