3319 5249
1648 277 1786 347 554

605 473 707 547 rie
735 478 954 541 nostre
985 473 1317 560 deputato,
1342 473 1617 541 mittatis
1650 494 1846 541 vnum
1881 496 1962 542 ex
1994 475 2177 543 vobis
2208 474 2620 564 fidedignnm,
2642 497 2864 545 coram

606 600 735 668 quo
766 580 940 649 idem
971 581 1201 649 Comes
1241 581 1554 670 Thomas,
1601 602 1879 650 vnacum
1943 581 2202 651 homine
2250 590 2528 667 quatuor
2559 585 2864 653 Judicum

607 689 940 756 Nobilium
1004 686 1083 756 de
1133 689 1560 759 comitatibus
1596 688 1822 759 Huntb
1876 697 1943 757 et
1972 690 2446 777 Neogradiensi
2494 694 2869 762 constituto·

603 818 766 884 rum,
801 818 989 883 quem
1021 798 1220 883 ijdcm
1254 796 1342 864 ad
1371 797 1493 866 hoc
1525 797 2002 885 deputauerint,
2033 799 2358 868 associato
2394 800 2602 868 eciam
2633 799 2721 867 ad
2741 801 2866 869 hoc

604 905 867 973 homine
897 905 1293 975 venerabilis
1326 907 1535 993 patris
1584 907 2081 994 Archiepiscopi
2102 908 2591 997 StrigoniensiS,
2631 912 2864 979 Deme·

603 1013 797 1082 trium
828 1015 1025 1082 filium
1060 1016 1297 1085 Dobak
1318 1068 1335 1101 ,
1387 1024 1450 1084 et
1481 1016 1735 1103 Tybam
1779 1016 2046 1084 fratrem
2079 1018 2222 1085 eius
2245 1069 2262 1102 ‚
2310 1017 2563 1104 Chapk,
2595 1026 2661 1085 et
2690 1019 2864 1085 Elek

601 1123 868 1191 fratrem
902 1123 1210 1212 eiusdem,
1244 1125 1509 1211 Mikom‚
1562 1123 1959 1212 Phylippum
1994 1131 2059 1193 et
2091 1125 2517 1194 Benedictum
2550 1134 2865 1212 cognatos

602 1249 846 1316 eorum,
879 1229 948 1296 in
998 1229 1311 1314 quasdam
1363 1232 1810 1316 possessiones
1842 1233 2050 1299 Deers
2109 1239 2174 1298 ct
2203 1232 2518 1319 Demetrij
2583 1234 2864 1300 filiorum

603 1337 802 1425 Eunt,
833 1338 1088 1423 Dragul
1138 1346 1206 1405 et
1252 1339 1474 1422 Legen
1524 1348 1812 1425 vocatas,
1846 1340 1912 1406 in
1975 1359 2138 1423 quas
2174 1338 2372 1429 ijdem
2403 1340 2768 1409 Demetrius
2800 1348 2867 1407 ct

605 1444 841 1530 Thyba
871 1466 952 1513 ac
981 1446 1096 1531 alij
1130 1449 1393 1531 cognati
1426 1447 1526 1516 sui
1559 1449 1746 1516 iuxta
1776 1446 2252 1517 continenciam
2287 1448 2576 1534 ipsarum
2614 1449 2862 1517 littera-

602 1572 744 1619 rum
775 1559 1139 1621 nostrarum
1170 1554 1435 1624 introire
1468 1554 1767 1641 debeant,
1829 1555 2246 1623 introducant
2298 1576 2758 1643 permansuros
2784 1558 2858 1624 in

603 1660 868 1746 eisdem,
917 1664 1063 1729 sine
1095 1661 1543 1730 destruccionc
1593 1663 2080 1749 possessionum
2131 1663 2503 1731 earumdem
2537 1683 2739 1748 usque
2768 1662 2865 1731 ad

604 1770 850 1838 exitum
882 1771 1203 1857 presentis
1235 1770 1511 1859 negocij,
1546 1772 1722 1855 quod
1752 1771 1969 1857 agitur
2029 1773 2200 1839 inter
2261 1771 2523 1841 eosdem
2554 1773 2761 1839 Deers
2790 1778 2865 1838 et

612 1878 1010 1944 Demetrium
1044 1877 1130 1944 ab
1164 1885 1533 1973 una-parte,
1584 1885 1651 1945 et
1681 1879 1865 1965 Ccpk
1894 1897 1973 1944 ac
2002 1877 2169 1946 alios
2230 1884 2537 1962 cognatos
2568 1878 2861 1945 ciusdem

456 2014 465 2025 1
601 1982 933 2068 predictos
966 2003 1050 2052 ex
1081 1986 1292 2052 altera
1322 2005 1540 2053 coram
1572 1985 1780 2054 nobis.
1812 1984 2129 2053 Volumus
2147 1992 2386 2070 tamen,
2429 1984 2604 2069 quod
2636 1986 2857 2053 medio

600 2094 890 2176 tempore
921 2089 1128 2180 (iusti)
1162 2098 1528 2179 proventus,
1563 2093 1873 2161 videlicet
1902 2093 2302 2162 vsusfructus
2364 2091 2682 2161 dictarum
2712 2113 2860 2178 pos-

602 2198 954 2267 sessionem
982 2220 1098 2285 per
1129 2200 1407 2287 eosdem,
1434 2200 1635 2284 quiin
1676 2200 1987 2286 predictis
2008 2200 2527 2288 possessionibus
2549 2198 2858 2284 resident,

600 2304 1041 2392 percipientur
1090 2306 1258 2375 sicut
1316 2307 1523 2375 dccet.
1585 2307 1868 2375 Posthec
1927 2308 2113 2375 nobis
2162 2307 2351 2374 huius
2401 2307 2655 2392 seriem,
2707 2326 2858 2376 cum

601 2418 775 2480 statu
806 2413 1211 2497 etqualitate
1269 2414 1586 2483 dictarum
1620 2414 2102 2501 posscssionum
2123 2464 2144 2502 ,
2205 2420 2396 2499 prout
2453 2412 2628 2480 idem
2658 2413 2852 2481 homo

599 2528 821 2588 noster
848 2521 915 2587 in
946 2521 1213 2617 introitu
1263 2522 1352 2589 ad
1401 2521 1668 2589 easdem
1732 2520 2185 2609 possessiones
2248 2521 2615 2608 inuenerit,
2664 2520 2853 2589 nobis

598 2628 879 2697 fideliter
910 2630 1302 2699 rescribatis.
1367 2632 1607 2698 Datum
1672 2652 1877 2719 prope
1921 2630 2380 2701 Monasterium
2418 2667 2497 2680 —
2535 2668 2611 2680 -
2649 2628 2851 2698 tercio

599 2731 706 2803 die
740 2737 930 2807 Beati
956 2736 1231 2830 Mathey
1259 2736 1579 2825 Apostoli.

600 2931 705 2998 (Aa
728 2938 1052 3004 antorsum
1074 2932 1457 3007 Raptalaunak
1475 2934 1862 3002 jelenteseblss,
1887 2938 2030 2989 mint
2052 2932 2216 2990 aubb
2244 2949 2280 2988 a
2297 2932 2446 2988 melt-
2466 2930 2600 2988 baro
2617 2931 2852 3001 Paesuri

1411 3022 1599 3082 malm
1624 3021 2048 3092 leveltirfiban.)
