3319 5249
1303 346 1430 414 351

284 539 519 628 solacio,
571 540 846 609 maxime
893 541 964 610 in
1016 541 1397 611 infidelitate
1445 541 1847 629 decedentis,
1896 550 2031 610 tam
2061 539 2493 611 hereditarias

283 649 515 737 scilicet,
548 650 899 738 empticias,
933 650 1306 736 acquisitas,
1346 671 1460 719 seu
1500 654 1730 737 quouis
1761 653 1931 721 iusto
1963 651 2153 720 titulo
2183 649 2495 748 adeptas,

285 776 387 824 nec
414 778 533 824 non
564 777 782 825 seruos
831 764 898 824 et
948 758 1224 825 ancillas
1276 758 1581 845 eiusdem,
1632 757 1990 827 venerabili
2046 757 2218 843 patri
2249 758 2494 827 Thome

282 863 576 951 Episcopo
623 865 970 950 Waciensi,
1005 864 1153 933 aule
1201 863 1461 936 domine
1492 866 1745 951 Regine
1775 864 2089 935 consortis
2122 871 2342 934 nostre
2374 868 2491 934 ka-

278 972 510 1039 rissime
541 974 965 1054 cancellario,
1005 973 1246 1042 dilecto
1286 981 1350 1041 et
1388 973 1563 1042 fideli
1582 982 1818 1061 nostro,
1836 976 1916 1042 ob
1947 974 2175 1043 merita
2207 973 2495 1042 fidelium

279 1081 709 1163 obsequiorum
766 1082 970 1170 ipsius
1016 1084 1205 1151 nobis
1253 1083 1529 1153 fideliter
1579 1084 2022 1171 inpensorum,
2077 1090 2144 1152 et
2193 1083 2495 1153 fratribus

276 1186 393 1255 suis
413 1189 765 1259 Cristoforo
797 1190 1113 1274 videlicet,
1149 1192 1384 1260 Comiti
1421 1192 1704 1262 Johanni
1737 1199 1801 1261 et
1830 1192 2183 1281 Stephano,
2206 1212 2284 1259 ac
2312 1193 2492 1259 here-

276 1294 447 1364 dibus
496 1299 836 1367 eorundem
888 1297 1321 1384 heredumque
1357 1320 1614 1370 suorum
1645 1302 1713 1368 in
1745 1307 2078 1387 posterum
2108 1299 2494 1368 successori·

274 1404 396 1494 bus,
418 1405 501 1472 de
534 1407 940 1493 plenitudine
974 1415 1191 1475 nostre
1238 1409 1455 1494 gracie
1502 1410 1703 1495 Regio
1753 1417 1818 1477 et
1866 1408 2128 1497 fauoris,
2179 1405 2494 1492 dedimus,

278 1513 692 1603 tradidimus,
758 1513 1142 1584 donauimus
1212 1523 1278 1585 et
1343 1517 1732 1587 contulimus
1800 1536 1957 1602 pure
2007 1523 2071 1583 et
2111 1515 2494 1603 simpliciter

272 1620 397 1690 iure
444 1632 764 1710 perpetuo
815 1626 1082 1714 pacifice
1127 1625 1590 1712 possidendas3
1654 1628 1993 1713 ipsumque
2053 1625 2491 1693 venerabilem

269 1738 504 1815 patrem
558 1741 621 1802 et
668 1734 896 1803 fratres
940 1755 1096 1805 suos
1151 1734 1218 1801 in
1267 1736 1665 1822 corporalem
1696 1735 2172 1823 possessionem
2206 1734 2489 1800 omnium

268 1843 716 1924 premissorum
764 1864 880 1930 per
930 1843 1241 1912 Comitem
1290 1845 1446 1912 Inus
1502 1844 1824 1912 hominem
1853 1847 2140 1910 nostrum
2172 1840 2293 1910 sub
2321 1843 2496 1909 testi-

266 1958 469 2018 monto
502 1951 916 2020 Chazmensis
950 1950 1230 2039 Capituli
1263 1952 1529 2022 fecimus
1581 1951 1929 2020 introduci.
1960 1950 2047 2018 Ut
2075 1950 2272 2034 igitur
2304 1949 2496 2016 huius

265 2069 471 2128 nostre
525 2061 902 2130 collacionis
953 2061 1157 2131 series
1209 2063 1402 2130 robur
1449 2068 1761 2149 perpetue
1812 2058 2131 2127 firmitatis
2181 2056 2494 2145 optineat,

264 2187 373 2236 nee
400 2172 542 2237 vllo
571 2190 851 2254 unquam
884 2180 1170 2260 tempore
1200 2172 1537 2240 retractari
1571 2170 1797 2237 ualeat
1828 2168 2036 2237 autin
2068 2167 2313 2236 irritum
2346 2185 2496 2251 quo-

265 2276 609 2347 modolibet
656 2283 968 2365 reuocari,
1019 2288 1349 2367 presentes
1404 2279 1836 2348 concessimus
1887 2278 2141 2344 litteras
2173 2274 2496 2361 dupplicis

264 2388 455 2472 sigilli
506 2389 712 2458 nostri
763 2388 1113 2456 munimine
1164 2391 1518 2457 roboratas.
1552 2390 1789 2456 Datum
1825 2406 1939 2472 per
1969 2405 2200 2453 manus
2233 2384 2495 2452 discreti

264 2497 376 2566 viri
407 2498 711 2582 Magistri
741 2498 1176 2568 Bartholomei
1209 2496 1526 2584 Prepositi
1554 2495 1636 2564 de
1666 2497 1905 2581 Scepes
1935 2497 2086 2563 aule
2136 2499 2350 2560 nostre
2387 2493 2496 2559 Vi-

264 2605 747 2695 ce-Cancellarij
801 2606 1030 2675 dilecti·
1071 2612 1134 2673 et
1188 2604 1401 2675 fidelis
1451 2606 1675 2691 nostri,
1723 2623 1894 2671 anno
1925 2602 2186 2671 Domini
2221 2601 2320 2668 Μο
2351 2598 2494 2667 000

263 2717 700 2804 octuagesimo
748 2717 942 2785 tercio
991 2716 1171 2784 xlv.
1235 2712 1556 2783 kalendas
1606 2714 1902 2800 Januarij
1923 2765 1944 2800 ,
2018 2711 2227 2796 Regni
2275 2716 2491 2776 antem

262 2827 458 2893 nostri
490 2848 669 2894 anno
700 2826 1097 2894 duodecimo.

261 3058 531 3125 (Eredetie
557 3058 907 3129 bssrhirtyim
929 3060 1156 3127 melyrssl
1185 3075 1219 3111 8
1238 3058 1424 3127 pecset
1442 3057 1697 3111 wredeke
1721 3058 1841 3110 zold
1870 3054 2322 3123 selyemzsinoron
2342 3051 2495 3120 fflgg,

852 3168 885 3202 8
922 3152 1086 3203 budai
1121 3152 1221 3202 kir.
1263 3151 1507 3202 kamarai
1545 3145 1929 3213 leveltarban.)
