3319 5249
1900 318 2029 387 548

1881 948 2036 1013 396.

827 1150 874 1211 I
879 1148 945 1213 V.
998 1148 1231 1213 Lciszld
1257 1147 1481 1233 hardly
1512 1146 1902 1233 meqe‘nqedi,
1923 1148 2088 1231 hoqy
2121 1170 2164 1209 α
2198 1148 2591 1232 nyzilsziqeti
2621 1145 3068 1232 apoiczaza‘rda

990 1253 1281 1321 Choluuk
1314 1265 1471 1319 nevil
1485 1255 1896 1339 jo'sza‘yciban
1927 1260 2125 1319 va‘scir
2158 1256 2491 1320 tartasses'k.
2529 1232 2629 1317 E'v
2662 1256 2902 1320 ne'lkit‘l.

1043 1452 1179 1519 Nos
1210 1451 1566 1518 Ladizlaus
1597 1452 1721 1516 Dei
1759 1451 1983 1533 gracia
2034 1454 2176 1519 Rex
2209 1452 2542 1535 Hungarie
2582 1451 2885 1518 memorie
2915 1470 3065 1516 com·

829 1556 1208 1626 mendantes
1240 1558 1686 1647 significamus,
1713 1565 1936 1625 tenore
1971 1561 2373 1643 presencium
2415 1559 2758 1645 vniuersis,
2792 1556 2953 1642 quod
2984 1556 3062 1621 ad

826 1667 1211 1750 peticionem
1246 1665 1503 1732 domine
1536 1665 1871 1731 Elisabeth
1904 1666 2144 1732 sororis
2177 1674 2437 1751 nostre,
2477 1672 2542 1731 et
2571 1667 2851 1732 aliarum
2883 1662 3058 1729 domi-

827 1778 1056 1840 narum
1089 1793 1381 1841 sororum
1416 1773 1498 1838 de
1552 1773 1776 1838 Insula
1808 1773 2045 1838 Sancte
2078 1773 2303 1852 Marie,
2336 1772 2416 1839 de
2450 1776 2675 1857 gracia
2708 1772 2971 1859 speciali
3000 1771 3060 1834 in

828 1879 1107 1965 quadam
1140 1882 1304 1947 nilla
1334 1901 1454 1948 sua
1487 1879 1792 1946 Cholnuk
1843 1886 2080 1948 vocata
2113 1881 2279 1947 feria
2308 1888 2542 1964 quarta
2572 1883 2782 1947 forum
2814 1881 3060 1946 liberum

834 1987 1273 2054 concessimus
1305 1987 1637 2054 celebrari.
1661 1985 1843 2052 Vnde
1880 1989 2178 2053 volumus
2201 1989 2456 2073 publice
2488 1984 3060 2073 proclamari,quod

829 2094 1194 2178 quicunque
1226 2094 1311 2160 ad
1342 2094 1556 2179 ipsum
1608 2094 1818 2161 forum
1854 2096 2078 2161 venire
2127 2096 2398 2161 voluerit
2428 2116 2628 2162 causa
2659 2094 3057 2162 mercacionis

831 2199 1149 2289 faciende,
1186 2202 1389 2267 libere
1441 2204 1665 2269 veniat
1699 2210 1764 2268 et
1796 2222 2055 2288 secure,
2098 2202 2444 2286 nullusque
2495 2203 2581 2270 ad
2633 2203 2841 2288 ipsum
2873 2203 3052 2268 sorum

831 2309 1165 2376 venientes
1200 2310 1439 2378 audeat
1472 2309 1783 2397 impedire
1806 2310 1909 2376 uel
1932 2311 2346 2393 aliquatenus
2368 2320 2699 2397 presumat
2721 2313 3053 2377 molestare.

833 2417 1073 2483 Datum
1108 2418 1175 2482 in
1197 2418 1359 2484 uilla
1379 2418 1604 2485 Labod
1628 2419 1693 2484 in
1715 2420 1998 2483 crastino
2036 2418 2522 2485 Purificacionis
2542 2420 2745 2485 Beate
2778 2417 3054 2501 Virginis.

832 2633 1099 2699 (Eredetie
1122 2632 1469 2701 biirhartyam
1520 2636 1770 2701 melynek
1803 2631 1968 2686 hatlm
1995 2651 2058 2686 az
2090 2637 2443 2702 odauyomott
2492 2635 2782 2702 pecsetnek
2825 2631 3052 2686 teredeke

1315 2741 1562 2791 megi-an,
1592 2741 1626 2776 a
1645 2726 1810 2778 budai
1833 2727 1934 2776 kir.
1963 2727 2208 2777 kamarai
2243 2723 2620 2790 leveltz'trban.)

1793 3013 1914 3020 -—.-
1935 3013 2166 3020 -ῇῄ-ι--σ

1887 3572 2037 3642 397.

836 3774 882 3836 I
894 3773 964 3837 V.
1000 3774 1229 3839 Leiszld
1289 3773 1511 3858 lei-rcily
1560 3772 1697 3837 ffibb
1758 3773 2304 3860 buda-felhcfvvizi
2362 3773 2588 3837 addzdt
2622 3795 2665 3836 a
2697 3764 3052 3855 nytilsziyeti

1246 3882 1836 3968 apciczaza'rdcinak
1873 3882 2284 3966 adomdnyoz.
2321 3858 2422 3943 IZ'v
2454 3880 2685 3945 ne'lkm.

1053 4075 1188 4141 Nos
1251 4072 1597 4139 Ladizlaus
1648 4072 1768 4138 Dei
1832 4070 2052 4156 gracia
2089 4074 2227 4140 Rex
2278 4073 2612 4159 Hungarie
2650 4074 3046 4158 significamus

837 4187 1062 4248 tenore
1095 4180 1500 4266 presencium
1565 4181 1922 4264 uniuersis,
1953 4182 2130 4263 quod
2168 4180 2254 4245 ad
2315 4182 2709 4266 peticionem
2743 4180 3047 4248 karissime

836 4288 1077 4354 sororis
1137 4293 1351 4356 nostre
1415 4288 1674 4355 domine
1723 4288 2056 4356 Elisabeth
2081 4340 2096 4371 ,
2128 4296 2193 4355 et
2242 4291 2523 4356 aliarum
2562 4310 2849 4357 sororum
2881 4289 3048 4353 Beate

836 4396 1126 4480 Virginis
1187 4396 1270 4463 de
1334 4397 1587 4480 Insula,
1642 4395 1952 4480 quosdam
2015 4398 2292 4483 populos
2342 4399 2681 4466 censuales
2728 4397 2809 4462 de
2840 4390 3049 4462 Calidis

842 4504 1071 4590 Aquis,
1103 4504 1212 4586 qui
1243 4505 1431 4569 nobis
1462 4503 1738 4587 singulis
1769 4505 1961 4570 annis
1991 4505 2285 4588 singulas
2317 4505 2545 4573 vncias
2574 4505 2827 4572 soluere
2855 4505 3048 4570 debue-

848 4618 1037 4697 runt5
1074 4612 1345 4677 Ifflethem
1371 4612 1692 4699 videlicet,
1745 4613 2079 4698 Thomam,
2115 4619 2176 4677 et
2208 4613 2678 4700 Socropetrum,
2712 4633 2851 4679 cum
2883 4607 3046 4680 omni‘
