3319 5249
1313 342 1443 411 339

292 541 442 610 sioni
471 540 800 623 sanguinis
833 537 1307 609 satisfaccionis
1337 545 2008 630 recompensacionem
2028 544 2266 628 facere,
2294 566 2492 629 quan-

291 652 425 717 dam
454 660 691 720 terram
740 672 923 720 suam
971 651 1439 721 Herkulteleke
1487 655 1616 722 alio
1666 655 1928 725 nomine
1977 654 2145 724 Irmo
2178 660 2496 742 vocatam,

289 763 422 830 siue
451 763 707 831 racione
740 761 1036 849 empticie
1066 770 1181 830 aut
1210 765 1760 850 inpignoracionis
1781 767 1922 834 siue
1944 787 2059 853 per
2077 765 2492 835 collacionem

291 879 351 939 et
378 873 797 940 donacionem
845 871 1085 938 domini
1138 875 1340 942 nostri
1371 876 1589 962 Regis,
1620 896 1787 944 neue
1817 876 2204 945 hereditarie
2233 876 2319 943 ad
2349 894 2499 942 enn-

293 980 428 1046 dem
459 982 835 1064 Magistrum
863 980 1226 1049 Dionisium
1261 982 1570 1052 deuoluta
1599 985 1942 1075 extitisset,
1981 985 2291 1073 predictis
2322 983 2511 1052 nobi:

294 1090 456 1157 libus
487 1089 791 1157 videlicet
819 1089 983 1157 Abel
1016 1096 1081 1156 et
1110 1090 1309 1176 [pach
1359 1113 1476 1178 pro
1515 1092 1799 1177 ipsorum
1829 1094 2135 1163 effusione
2168 1095 2504 1180 sanguinis

294 1200 469 1269 dedit
516 1200 781 1267 donauit
811 1206 874 1266 et
924 1202 1192 1267 contulit
1223 1221 1438 1268 coram
1472 1202 1677 1290 nobis,
1706 1205 1773 1271 in
1804 1203 1971 1272 filios
2003 1202 2273 1272 filiorum
2307 1213 2371 1272 et
2398 1203 2503 1270 he·

296 1311 514 1377 redum
544 1329 660 1395 per
689 1309 982 1396 heredes,
1033 1311 1394 1380 volentibus
1446 1311 1613 1401 (igy)
1665 1314 1944 1381 omnium
1976 1316 2266 1399 fratrum,
2298 1313 2506 1398 proxi-

297 1441 541 1488 morum
589 1427 653 1488 et
683 1425 1095 1504 cognatorum
1129 1440 1403 1507 suorum,
1438 1422 1947 1491 irreuocabiliter
1975 1423 2335 1508 tenendam,
2370 1441 2511 1508 pos-

295 1528 626 1599 sidendam
660 1529 903 1615 pariter
934 1535 999 1595 et
1028 1528 1409 1598 habendam.
1441 1531 1580 1598 Hoc
1605 1552 1736 1599 non
1769 1530 2196 1619 pretermisso,
2217 1531 2274 1599 si
2305 1527 2512 1596 dictos

295 1640 563 1727 nobiles,
614 1638 861 1708 scilicet
905 1639 1069 1706 Abel
1118 1647 1181 1706 et
1227 1638 1448 1726 Ipach,
1484 1641 1723 1708 dictam
1784 1650 2027 1709 terram
2092 1641 2369 1709 vendere
2409 1638 2514 1704 vel

296 1750 547 1836 pignori
581 1747 895 1834 obligare,
929 1750 1070 1815 siue
1101 1769 1356 1834 quoquo
1387 1749 1574 1816 modo
1595 1750 1885 1820 alienare
1905 1750 2301 1835 contitigerit
2321 1746 2516 1837 (igy),

298 1866 534 1925 extunc
583 1857 822 1924 nemini
871 1858 1064 1925 alteri
1108 1859 1237 1925 nisi
1287 1857 1492 1925 eidem
1540 1858 1855 1942 Magistro
1892 1859 2193 1927 Dionisio
2229 1857 2356 1925 filio
2387 1858 2520 1924 Ste-

299 1967 505 2053 phani
556 1974 670 2033 aut
724 1966 857 2035 suis
890 1966 1236 2035 heredibus
1265 1968 1542 2035 vendere
1577 1964 1740 2055 (vel)
1772 1968 2064 2053 obligare
2092 1967 2346 2054 pignori
2378 1986 2524 2053 pos-

298 2078 442 2143 sint.
499 2077 659 2142 Item
710 2075 946 2143 ibidem
977 2076 1043 2142 in
1079 2076 1301 2142 eodem
1335 2077 1601 2143 instanti
1635 2078 1940 2164 predictis
1974 2077 2316 2161 nobilibus,
2347 2074 2525 2142 vide·

302 2187 456 2253 licet
490 2185 658 2254 Abel
693 2192 756 2252 et
786 2183 986 2271 Ipach
1035 2185 1326 2252 similiter
1374 2187 1805 2273 personaliter
1836 2207 2049 2254 coram
2081 2186 2270 2253 nobis
2302 2185 2529 2252 consti·

300 2296 477 2382 tutis,
520 2292 758 2361 dictam
791 2301 1023 2361 terram
1057 2295 1344 2379 ipsorum
1393 2293 1856 2362 Herkulteleke
1887 2303 2181 2376 vocatam
2214 2294 2530 2381 prenomi-

299 2413 451 2473 nato
503 2406 811 2490 Magistro
860 2403 1160 2471 Dionisio
1211 2406 1466 2472 domino
1498 2407 1775 2491 ipsorum
1810 2425 1926 2492 pro
1959 2405 2341 2488 quibusdam
2371 2404 2533 2489 ipso-

301 2537 441 2585 rum
477 2513 980 2582 necessitatibus
1012 2512 1237 2580 arduis
1269 2520 1420 2581 tunc
1452 2514 1627 2600 ipsos
1678 2513 2228 2600 compellentibus,
2262 2509 2535 2598 receptis

305 2628 387 2693 ab
422 2623 656 2693 eodem
686 2620 994 2708 Magistro
1027 2622 1321 2690 Dionisio
1354 2631 1604 2692 centum
1636 2623 1897 2690 florenis
1930 2642 2043 2707 per
2074 2628 2327 2689 centum
2348 2619 2537 2686 dena-

303 2738 434 2803 rios
485 2732 908 2819 numerando,
958 2733 1167 2800 eidem
1216 2753 1435 2800 coram
1485 2731 1704 2820 nobis}
1724 2732 1976 2819 pignori
2015 2732 2389 2816 obligarunt
2417 2726 2553 2795 tali

306 2844 545 2927 mod03
578 2843 635 2911 si
667 2840 1017 2926 aliquando
1050 2841 1350 2927 temporis
1381 2842 1449 2907 in
1481 2861 1778 2910 successu
1819 2841 1978 2910 dicti
2006 2842 2253 2918 nobiles
2299 2844 2411 2906 aut
2441 2838 2541 2905 sui

306 2953 587 3021 heredes
618 2952 1088 3037 preallegatam
1120 2958 1355 3018 terram
1390 2972 1432 3017 a
1484 2951 1927 3036 prenominato
1979 2951 2294 3035 Magistro
2323 2947 2543 3013 Dioni-

309 3065 410 3131 sio
440 3060 553 3128 vel
584 3081 626 3126 a
655 3061 792 3127 suis
814 3059 1307 3145 'posteritatibus
1340 3081 1454 3147 pro
1476 3060 1940 3150 dictiqcentum
1959 3059 2215 3127 florenis
2234 3056 2547 3124 redimere

312 3180 376 3238 et
425 3172 715 3238 liberare
765 3170 1034 3257 possint,
1088 3177 1319 3236 extunc
1367 3170 1499 3235 iam
1543 3168 1754 3236 dictus
1783 3168 2094 3251 Magister
2122 3166 2457 3249 Dionisius
2488 3170 2553 3229 et

313 3299 435 3346 sua
468 3281 817 3365 posteritas
852 3274 1119 3344 reddere
1151 3283 1215 3343 et
1263 3277 1598 3345 restituere
1647 3296 1727 3344 ac
1757 3276 2077 3343 remittere
2108 3274 2295 3341 dictis
2326 3272 2555 3340 nobili·

314 3391 440 3456 bus
475 3395 545 3455 et
577 3385 713 3454 suis
743 3386 1088 3454 heredibus
1120 3392 1529 3473 tenerentnr3
1565 3387 1651 3455 ad
1673 3384 1845 3469 quod
1866 3385 2222 3472 prelibatus
2245 3383 2557 3468 Magister

313 3496 656 3565 Dionisius
705 3515 777 3563 se
827 3503 890 3562 et
939 3501 1139 3562 totam
1187 3514 1370 3562 suam
1421 3495 1912 3581 generacionem
1944 3494 2087 3561 siue
2119 3492 2558 3581 posteritatem

319 3626 544 3675 eoram
594 3604 779 3672 nobis
835 3610 1194 3691 spontanea
1228 3624 1353 3672 sua
1381 3603 1714 3671 voluntate
1746 3603 1925 3671 nullo
1958 3610 2179 3671 coacto
2210 3602 2558 3685 obligauit.

322 3718 603 3803 Insuper
655 3714 865 3781 dictus
915 3713 1231 3798 Magister
1257 3711 1618 3802 {Dionisius
1655 3712 1957 3779 similiter
1989 3732 2209 3780 coram
2242 3711 2429 3779 nobis
2462 3717 2563 3777 est

323 3825 665 3891 confessus
691 3820 998 3912 3Tquodjsi
1030 3826 1174 3909 ipse
1203 3823 1307 3891 vel
1338 3843 1460 3890 sna
1507 3822 1855 3909 posteritas
1885 3820 2046 3890 visis
2078 3822 2368 3907 ipsorum
2400 3819 2564 3886 litte-

325 3933 415 4000 ris
446 3931 970 4019 priuilegialibus
1001 3929 1397 4020 et1perlectis
1433 3950 1652 4001 earum
1690 3929 2119 4016 continencijs
2142 3930 2407 4017 habitis,
2431 3947 2568 4012 pre-

326 4043 601 4110 libatam
634 4039 1216 4128 terramgpredictis
1268 4041 1615 4123 nobilibus,
1648 4040 1898 4109 scilicet
1926 4039 2092 4107 Abel
2139 4046 2203 4107 et
2234 4035 2436 4126 Ipach
2468 4034 2572 4104 vel

327 4150 843 4240 suis2heredibus
874 4170 993 4237 pro
1026 4150 1219 4217 dictis
1253 4142 1509 4218 centum
1538 4151 1833 4219 florensis
1865 4146 2137 4216 reddere
2165 4155 2229 4213 et
2251 4148 2573 4212 remittere

333 4266 735 4348 recusarent,
787 4268 1023 4328 extunc
1070 4261 1220 4349 ipsi,
1258 4260 1507 4329 scilicet
1543 4260 1856 4345 Magister
1885 4256 2215 4324 Dionisius
2249 4264 2313 4323 et
2338 4255 2444 4342 ,sui
2476 4255 2578 4320 he·

334 4368 548 4454 redes,
581 4375 802 4436 contra
851 4374 1193 4438 annotatos
1245 4370 1497 4438 nobiles
1550 4376 1615 4434 et
1666 4387 1925 4436 suorum
1986 4364 2159 4456 (igy)
2210 4364 2479 4431 heredes
2511 4363 2579 4428 in

339 4478 765 4547 estimacione
822 4479 1105 4565 predicte
1156 4485 1326 4548 terre
1377 4487 1442 4544 et
1492 4482 1560 4546 in
1594 4475 1900 4545 homadio
1930 4475 2117 4544 vnius
2149 4472 2384 4541 nobilis
2415 4471 2584 4538 hanc

338 4606 604 4655 causam
665 4587 1031 4673 inquietare
1096 4590 1373 4657 volentis
1396 4639 1412 4672 ,
1489 4588 1795 4657 videlicet
1857 4584 2291 4671 quadraginta
2352 4580 2587 4649 marcis

360 4702 910 4771 conuincerentur.
941 4699 1016 4766 In
1049 4720 1317 4784 quorum
1353 4698 1634 4767 omnium
1672 4697 2129 4785 premissorum
2160 4694 2591 4763 testimonium

2149 4806 2273 4876 22¹·
