3319 5249
1591 322 1723 387 542

527 520 871 587 Canonicis
923 517 1394 602 existentibuS,
1442 515 1808 599 ibidemque
1841 518 1981 585 Deo
2043 513 2507 582 famulantibus
2546 513 2784 598 iugiter

527 638 592 697 et
622 629 868 694 deuote.

526 825 596 891 (A
620 822 777 876 vticzi
801 821 1185 891 luiptalannak
1216 824 1372 874 132⁷.
1403 822 1670 884 „seeundo
1717 821 1806 871 die
1832 822 2001 872 Beato
2026 814 2352 871 Elizabetffl
2400 819 2607 871 Robert
2669 819 2780 872 Ka·

526 915 646 980 roly
671 912 865 982 kirbly.
896 916 1053 966 1327.
1086 915 1174 976 „in
1200 912 1538 977 Wyssegrad
1564 912 1619 960 in
1646 908 1788 962 festo
1817 912 1973 962 Beati
2011 912 2237 961 Martini
2289 906 2639 962 confessoris·
2671 911 2787 961 kelt

528 1006 797 1055 kercstet6
821 1000 1151 1070 parancsara
1180 1001 1476 1070 „Magister
1501 999 1710 1051 Paulus
1753 999 2177 1052 Archidiaconus
2225 1000 2473 1050 Diocesis
2499 1001 2784 1053 Wachien-

528 1097 635 1158 sis2
662 1096 795 1145 item
835 1088 1116 1159 Georgius,
1163 1091 1345 1141 Bekus
1373 1095 1427 1141 et
1464 1090 1781 1140 Dominicus
1831 1089 1929 1154 filij
1960 1089 2233 1141 Johannis
2283 1089 2477 1139 fratres
2505 1091 2782 1152 eiusdem;

530 1185 661 1232 item
685 1182 939 1245 Thomas,
967 1179 1246 1240 Nicolaus,
1272 1177 1479 1229 Paulus
1524 1182 1580 1228 et
1602 1177 1882 1229 Johannes
1906 1176 2007 1242 filij
2037 1177 2322 1228 Cor-tardi·
2355 1174 2604 1230 keresere
2625 1197 2639 1241 3
2665 1208 2738 1216 —
2764 1197 2789 1231 s

528 1286 593 1322 az
616 1274 733 1336 egri
754 1267 1128 1337 kfiptalannak
1157 1268 1314 1325 1444.
1344 1268 1615 1339 „secundo
1646 1268 1734 1318 die
1779 1266 1909 1319 festi
1936 1268 2311 1317 Pentecostes“
2347 1267 2607 1335 „Alexius
2634 1269 2781 1320 filius

527 1360 814 1411 Benedicti
837 1360 904 1411 de
949 1358 1323 1425 Azywpatak·
1349 1354 1604 1410 keresere
1631 1358 1851 1408 kiadott
1874 1354 2191 1408 §tirataibol
2215 1375 2229 1419 ;
2274 1358 2573 1408 mindkett6
2623 1373 2658 1411 a
2686 1360 2782 1410 bu·

1196 1450 1288 1499 dai
1316 1448 1417 1499 kir.
1448 1449 1696 1498 kamarai
1723 1442 2115 1513 levelttirban.)

1452 1722 1663 1731 —-⁷.—...
1682 1724 1868 1732 nm,

1577 2234 1736 2303 392.

534 2432 597 2499 A
658 2433 1085 2520 nayyvdradi
1151 2432 1612 2518 kdptalannak
1662 2432 2215 2521 bizonysa'qlevele,
2269 2436 2437 2522 hoqy
2488 2434 2794 2502 Nabradi

534 2540 741 2608 Jdnoa
774 2546 841 2609 ὅσ
871 2542 1162 2608 testve'rei
1193 2540 1330 2605 Bek
1359 2542 1735 2608 birtokukat
1786 2542 2050 2630 Mihdly
2084 2547 2397 2611 comesnek
2459 2544 2629 2610 Ubut
2663 2544 2796 2628 fid·

1316 2650 1450 2715 ‘nak
1480 2652 1762 2719 eladtdk.
1798 2651 1997 2717 1290.

1059 2829 1119 2895 A
1638 2831 1695 2896 B
2214 2832 2265 2898 O

752 3004 1126 3093 Capitulum
1157 3007 1452 3074 Ecclesie
1482 3005 1933 3075 waradiensis
1965 3007 2264 3075 omnibus
2297 3006 2540 3075 Christi
2589 3007 2794 3076 fideli·

539 3120 655 3184 bus
688 3134 956 3203 presens
989 3116 1303 3200 scriptum
1334 3114 1718 3201 inspecturis
1741 3116 2019 3183 salutem
2041 3115 2107 3181 in
2131 3115 2415 3182 omnium
2436 3117 2783 3184 saluatore.

540 3225 639 3291 Ne
667 3223 976 3291 memorie
1004 3222 1339 3290 iniurietur
1371 3223 1632 3305 obliuio,
1669 3233 1734 3290 et
1767 3229 2089 3292 uetustate
2132 3225 2441 3310 temporis
2472 3245 2576 3291 res
2608 3226 2792 3292 clara

537 3332 947 3418 presentibus
976 3334 1249 3400 obscura
1279 3331 1582 3400 reddatur
1612 3331 1847 3401 futuris
1867 3359 1882 3418 3
1905 3332 2172 3417 dignum
2204 3340 2321 3419 est,
2342 3341 2414 3399 ut
2445 3352 2570 3417 que
2589 3353 2798 3417 agun-

539 3447 645 3507 tur
672 3440 743 3506 in
771 3447 1077 3526 tempore,
1102 3440 1458 3526 patrocinio
1481 3441 1841 3507 litterarum
1862 3441 2234 3507 fulciantur.
2257 3440 2539 3508 Proinde
2557 3440 2643 3508 ad
2663 3443 2801 3506 vni-

540 3565 872 3616 uersorum
903 3547 1209 3615 noticiam
1232 3554 1365 3615 tam
1385 3547 1797 3635 presencium
1833 3568 2028 3632 quam
2060 3548 2416 3615 futurorum
2441 3548 2673 3617 harum
2707 3567 2805 3615 se-

541 3653 640 3722 rie
658 3655 952 3722 uolumus
983 3655 1343 3740 peruenire,
1376 3653 1549 3740 quod
1579 3657 1915 3723 Johannes
1935 3657 2029 3723 fili
2038 3676 2112 3723 us
2132 3656 2174 3722 J
2177 3654 2454 3723 ohannis
2475 3655 2593 3742 filij
2617 3657 2803 3741 Apsa

544 3764 628 3831 de
657 3762 929 3829 Nabrad
958 3784 1073 3849 pro
1108 3783 1179 3831 se
1214 3770 1280 3830 et
1310 3763 1625 3831 fratribus
1658 3765 1812 3850 suis,
1849 3764 2144 3851 Nycolao
2203 3763 2463 3832 seilicet
2495 3770 2560 3830 et
2589 3766 2801 3852 Petro,

541 3890 760 3939 coram
793 3871 978 3938 nobis
1029 3871 1461 3957 personaliter
1508 3872 1945 3959 comparendo
1994 3872 2150 3939 viua
2201 3891 2362 3939 voce
2416 3879 2806 3958 spontanea·

542 3973 668 4066 que
699 3980 1038 4048 uoluntate
1070 3987 1167 4047 est
1185 3980 1514 4049 confessus
1534 4006 1550 4048 ε
1568 3982 1900 4066 quandam
1922 3988 2159 4048 terram
2178 4001 2295 4048 seu
2320 3980 2798 4067 possessionem

545 4110 765 4157 eorum
796 4108 1069 4156 vacuam
1099 4089 1239 4154 Bek
1290 4096 1587 4155 vocatam
1620 4090 1686 4156 in
1743 4087 2069 4157 Comitatu
2126 4089 2220 4155 de
2266 4089 2577 4156 Zothmar
2623 4090 2808 4156 iuxta

543 4198 811 4265 fluuium
842 4198 1076 4267 Zomus
1107 4197 1176 4266 in
1205 4197 1543 4266 vicinitate
1595 4206 1911 4266 terrarum
1963 4196 2236 4265 Comitis
2291 4196 2632 4266 Michaelis
2681 4197 2801 4284 filij

545 4307 740 4374 Wbul
773 4313 839 4375 et
872 4306 1146 4373 filiorum
1196 4325 1456 4373 suorum
1518 4314 1584 4373 et
1632 4327 1763 4374 vna
1812 4312 2017 4392 parte,
2053 4312 2118 4372 et
2182 4306 2423 4373 Azarie
2484 4307 2569 4371 ab
2601 4305 2807 4374 altera

552 4415 965 4500 existentem,
1003 4435 1149 4481 cum
1181 4414 1476 4482 omnibus
1524 4414 1658 4482 suis
1691 4414 2081 4482 utilitatibus
2114 4421 2178 4481 et
2207 4413 2651 4500 pertinenciis,
2685 4417 2807 4480 sub

546 4523 742 4591 certis
773 4522 965 4591 metis
996 4528 1064 4589 et
1092 4521 1400 4611 antiquis,
1435 4523 1691 4610 prefato
1725 4522 1957 4590 Comiti
1989 4522 2297 4592 Michaeli
2327 4520 2459 4590 filio
2491 4522 2696 4591 Wbul
2745 4530 2812 4591 et

547 4629 704 4718 filiis
738 4629 894 4716 suis,
928 4631 1261 4715 Magistris
1292 4631 1543 4700 scilieet
1572 4631 1922 4720 Stephano,
1957 4630 2180 4717 Paulo,
2213 4629 2524 4699 Ladizlao
2577 4639 2643 4697 et
2675 4633 2808 4721 My·
