<?xml version="1.0" encoding="UTF-8"?>
<!DOCTYPE html PUBLIC "-//W3C//DTD XHTML 1.0 Transitional//EN"
    "http://www.w3.org/TR/xhtml1/DTD/xhtml1-transitional.dtd">
<html xmlns="http://www.w3.org/1999/xhtml" xml:lang="en" lang="en">
 <head>
  <title>
</title>
<meta http-equiv="Content-Type" content="text/html;charset=utf-8" />
  <meta name='ocr-system' content='tesseract 3.04.00' />
  <meta name='ocr-capabilities' content='ocr_page ocr_carea ocr_par ocr_line ocrx_word'/>
</head>
<body>
  <div class='ocr_page' id='page_1' title='image "./rpdkorijokmnytr00wenzgoog_0126.png"; bbox 0 0 3319 5249; ppageno 0'>
   <div class='ocr_carea' id='block_1_1' title="bbox 1814 351 1899 418">
    <p class='ocr_par' dir='ltr' id='par_1_1' title="bbox 1814 351 1899 418">
     <span class='ocr_line' id='line_1_1' title="bbox 1814 351 1899 418; baseline 0.024 -2"><span class='ocrx_word' id='word_1_1' title='bbox 1814 351 1899 418; x_wconf 80' lang='lat'><strong>74</strong></span> 
     </span>
    </p>
   </div>
   <div class='ocr_carea' id='block_1_2' title="bbox 1710 440 2017 450">
    <p class='ocr_par' dir='ltr' id='par_1_2' title="bbox 1710 440 2017 450">
     <span class='ocr_line' id='line_1_2' title="bbox 1710 440 2017 450; baseline 0 4799"><span class='ocrx_word' id='word_1_2' title='bbox 1710 440 2017 450; x_wconf 95' lang='lat' dir='ltr'><strong> </strong></span> 
     </span>
    </p>
   </div>
   <div class='ocr_carea' id='block_1_3' title="bbox 721 547 3008 4422">
    <p class='ocr_par' dir='ltr' id='par_1_3' title="bbox 721 547 2983 744">
     <span class='ocr_line' id='line_1_3' title="bbox 721 547 2983 636; baseline 0.001 -23"><span class='ocrx_word' id='word_1_3' title='bbox 721 547 916 614; x_wconf 83' lang='lat' dir='ltr'><strong>kezik</strong></span> <span class='ocrx_word' id='word_1_4' title='bbox 967 566 1186 634; x_wconf 89' lang='lat' dir='ltr'><strong>ugyan</strong></span> <span class='ocrx_word' id='word_1_5' title='bbox 1236 548 1344 614; x_wconf 92' lang='lat' dir='ltr'><strong>IV.</strong></span> <span class='ocrx_word' id='word_1_6' title='bbox 1394 547 1625 616; x_wconf 78' lang='lat' dir='ltr'><strong>Laszlo</strong></span> <span class='ocrx_word' id='word_1_7' title='bbox 1669 547 2027 634; x_wconf 80' lang='lat' dir='ltr'><strong>kiralynak</strong></span> <span class='ocrx_word' id='word_1_8' title='bbox 2090 548 2363 614; x_wconf 81' lang='lat' dir='ltr'><strong>1273-ki</strong></span> <span class='ocrx_word' id='word_1_9' title='bbox 2416 547 2983 636; x_wconf 78' lang='lat' dir='ltr'><strong>adomanylevele,</strong></span> 
     </span>
     <span class='ocr_line' id='line_1_4' title="bbox 721 655 1531 744; baseline 0.001 -24"><span class='ocrx_word' id='word_1_10' title='bbox 721 655 885 720; x_wconf 88' lang='lat' dir='ltr'><strong>mint</strong></span> <span class='ocrx_word' id='word_1_11' title='bbox 915 655 1185 722; x_wconf 89' lang='lat' dir='ltr'><strong>fentebb</strong></span> <span class='ocrx_word' id='word_1_12' title='bbox 1219 657 1281 720; x_wconf 79' lang='lat'><strong>9.</strong></span> <span class='ocrx_word' id='word_1_13' title='bbox 1315 674 1404 722; x_wconf 91' lang='lat' dir='ltr'><strong>sz.</strong></span> <span class='ocrx_word' id='word_1_14' title='bbox 1440 656 1531 744; x_wconf 88' lang='lat' dir='ltr'><strong>a.)</strong></span> 
     </span>
    </p>

    <p class='ocr_par' dir='ltr' id='par_1_4' title="bbox 722 761 3008 4422">
     <span class='ocr_line' id='line_1_5' title="bbox 937 761 2987 852; baseline 0.002 -23"><span class='ocrx_word' id='word_1_15' title='bbox 937 761 1135 852; x_wconf 88' lang='lat' dir='ltr'><strong>(N)os</strong></span> <span class='ocrx_word' id='word_1_16' title='bbox 1171 766 1392 848; x_wconf 89' lang='lat' dir='ltr'><strong>itaque</strong></span> <span class='ocrx_word' id='word_1_17' title='bbox 1431 765 1724 832; x_wconf 74' lang='lat' dir='ltr'><strong>eiusdem</strong></span> <span class='ocrx_word' id='word_1_18' title='bbox 1756 767 2053 850; x_wconf 85' lang='lat' dir='ltr'><strong>Magistri</strong></span> <span class='ocrx_word' id='word_1_19' title='bbox 2087 768 2263 833; x_wconf 86' lang='lat' dir='ltr'><strong>Petri</strong></span> <span class='ocrx_word' id='word_1_20' title='bbox 2312 765 2500 833; x_wconf 89' lang='lat' dir='ltr'><strong>iustis</strong></span> <span class='ocrx_word' id='word_1_21' title='bbox 2550 766 2987 852; x_wconf 79' lang='lat' dir='ltr'><strong>peticionibus</strong></span> 
     </span>
     <span class='ocr_line' id='line_1_6' title="bbox 723 875 2985 959; baseline 0.001 -22"><span class='ocrx_word' id='word_1_22' title='bbox 723 879 1118 959; x_wconf 83' lang='lat' dir='ltr'><strong>annuentes,</strong></span> <span class='ocrx_word' id='word_1_23' title='bbox 1169 880 1634 958; x_wconf 86' lang='lat' dir='ltr'><strong>gestantesque</strong></span> <span class='ocrx_word' id='word_1_24' title='bbox 1685 895 1905 942; x_wconf 88' lang='lat' dir='ltr'><strong>coram</strong></span> <span class='ocrx_word' id='word_1_25' title='bbox 1956 881 2175 941; x_wconf 89' lang='lat' dir='ltr'><strong>nostre</strong></span> <span class='ocrx_word' id='word_1_26' title='bbox 2207 875 2577 942; x_wconf 80' lang='lat' dir='ltr'><strong>Maiestatis</strong></span> <span class='ocrx_word' id='word_1_27' title='bbox 2629 875 2833 942; x_wconf 89' lang='lat' dir='ltr'><strong>oculis</strong></span> <span class='ocrx_word' id='word_1_28' title='bbox 2885 875 2985 941; x_wconf 89' lang='lat' dir='ltr'><strong>in·</strong></span> 
     </span>
     <span class='ocr_line' id='line_1_7' title="bbox 723 979 2984 1067; baseline 0.001 -20"><span class='ocrx_word' id='word_1_29' title='bbox 723 1001 1102 1050; x_wconf 78' lang='lat' dir='ltr'><strong>concussam</strong></span> <span class='ocrx_word' id='word_1_30' title='bbox 1137 979 1517 1049; x_wconf 82' lang='lat' dir='ltr'><strong>fidelitatem</strong></span> <span class='ocrx_word' id='word_1_31' title='bbox 1553 1002 1734 1050; x_wconf 88' lang='lat' dir='ltr'><strong>suam</strong></span> <span class='ocrx_word' id='word_1_32' title='bbox 1769 992 1831 1049; x_wconf 91' lang='lat' dir='ltr'><strong>et</strong></span> <span class='ocrx_word' id='word_1_33' title='bbox 1864 990 2123 1065; x_wconf 80' lang='lat' dir='ltr'><strong>gratum</strong></span> <span class='ocrx_word' id='word_1_34' title='bbox 2155 982 2555 1067; x_wconf 84' lang='lat' dir='ltr'><strong>obsequium,</strong></span> <span class='ocrx_word' id='word_1_35' title='bbox 2585 984 2764 1067; x_wconf 86' lang='lat' dir='ltr'><strong>quod</strong></span> <span class='ocrx_word' id='word_1_36' title='bbox 2795 984 2984 1050; x_wconf 89' lang='lat' dir='ltr'><strong>nobis</strong></span> 
     </span>
     <span class='ocr_line' id='line_1_8' title="bbox 726 1091 2982 1176; baseline 0 -21"><span class='ocrx_word' id='word_1_37' title='bbox 726 1091 1101 1176; x_wconf 82' lang='lat' dir='ltr'><strong>specialiter</strong></span> <span class='ocrx_word' id='word_1_38' title='bbox 1133 1097 1288 1157; x_wconf 91' lang='lat' dir='ltr'><strong>tunc</strong></span> <span class='ocrx_word' id='word_1_39' title='bbox 1321 1091 1635 1172; x_wconf 80' lang='lat' dir='ltr'><strong>exhibuit,</strong></span> <span class='ocrx_word' id='word_1_40' title='bbox 1685 1091 1946 1175; x_wconf 81' lang='lat' dir='ltr'><strong>quando</strong></span> <span class='ocrx_word' id='word_1_41' title='bbox 1998 1112 2116 1157; x_wconf 88' lang='lat' dir='ltr'><strong>nos</strong></span> <span class='ocrx_word' id='word_1_42' title='bbox 2173 1098 2236 1156; x_wconf 93' lang='lat' dir='ltr'><strong>et</strong></span> <span class='ocrx_word' id='word_1_43' title='bbox 2269 1091 2530 1158; x_wconf 89' lang='lat' dir='ltr'><strong>domina</strong></span> <span class='ocrx_word' id='word_1_44' title='bbox 2562 1091 2815 1174; x_wconf 85' lang='lat' dir='ltr'><strong>Regina</strong></span> <span class='ocrx_word' id='word_1_45' title='bbox 2847 1112 2982 1157; x_wconf 90' lang='lat' dir='ltr'><strong>ma-</strong></span> 
     </span>
     <span class='ocr_line' id='line_1_9' title="bbox 722 1197 2987 1286; baseline 0 -21"><span class='ocrx_word' id='word_1_46' title='bbox 722 1207 820 1266; x_wconf 93' lang='lat' dir='ltr'><strong>ter</strong></span> <span class='ocrx_word' id='word_1_47' title='bbox 851 1207 1074 1268; x_wconf 88' lang='lat' dir='ltr'><strong>nostra</strong></span> <span class='ocrx_word' id='word_1_48' title='bbox 1107 1200 1464 1270; x_wconf 88' lang='lat' dir='ltr'><strong>karissima</strong></span> <span class='ocrx_word' id='word_1_49' title='bbox 1514 1220 1630 1286; x_wconf 87' lang='lat' dir='ltr'><strong>per</strong></span> <span class='ocrx_word' id='word_1_50' title='bbox 1664 1200 2003 1268; x_wconf 89' lang='lat' dir='ltr'><strong>Herricum</strong></span> <span class='ocrx_word' id='word_1_51' title='bbox 2038 1202 2293 1267; x_wconf 88' lang='lat' dir='ltr'><strong>Banum</strong></span> <span class='ocrx_word' id='word_1_52' title='bbox 2336 1210 2399 1267; x_wconf 92' lang='lat' dir='ltr'><strong>et</strong></span> <span class='ocrx_word' id='word_1_53' title='bbox 2432 1201 2597 1267; x_wconf 90' lang='lat' dir='ltr'><strong>alios</strong></span> <span class='ocrx_word' id='word_1_54' title='bbox 2627 1199 2756 1267; x_wconf 88' lang='lat' dir='ltr'><strong>sibi</strong></span> <span class='ocrx_word' id='word_1_55' title='bbox 2789 1197 2987 1266; x_wconf 87' lang='lat' dir='ltr'><strong>adhe·</strong></span> 
     </span>
     <span class='ocr_line' id='line_1_10' title="bbox 725 1306 2988 1392; baseline -0.001 -19"><span class='ocrx_word' id='word_1_56' title='bbox 725 1313 961 1388; x_wconf 88' lang='lat' dir='ltr'><strong>rentes,</strong></span> <span class='ocrx_word' id='word_1_57' title='bbox 1017 1307 1266 1375; x_wconf 86' lang='lat' dir='ltr'><strong>Corone</strong></span> <span class='ocrx_word' id='word_1_58' title='bbox 1315 1310 1517 1392; x_wconf 90' lang='lat' dir='ltr'><strong>Regie</strong></span> <span class='ocrx_word' id='word_1_59' title='bbox 1569 1308 1794 1392; x_wconf 89' lang='lat' dir='ltr'><strong>utique</strong></span> <span class='ocrx_word' id='word_1_60' title='bbox 1843 1307 2155 1382; x_wconf 81' lang='lat' dir='ltr'><strong>infideles,</strong></span> <span class='ocrx_word' id='word_1_61' title='bbox 2217 1309 2460 1376; x_wconf 82' lang='lat' dir='ltr'><strong>detenti</strong></span> <span class='ocrx_word' id='word_1_62' title='bbox 2516 1310 2757 1376; x_wconf 80' lang='lat' dir='ltr'><strong>fuimus</strong></span> <span class='ocrx_word' id='word_1_63' title='bbox 2809 1306 2988 1392; x_wconf 85' lang='lat' dir='ltr'><strong>apud</strong></span> 
     </span>
     <span class='ocr_line' id='line_1_11' title="bbox 725 1412 2986 1496; baseline 0.001 -18"><span class='ocrx_word' id='word_1_64' title='bbox 725 1413 1011 1496; x_wconf 81' lang='lat' dir='ltr'><strong>Budam3</strong></span> <span class='ocrx_word' id='word_1_65' title='bbox 1102 1433 1182 1480; x_wconf 90' lang='lat' dir='ltr'><strong>ac</strong></span> <span class='ocrx_word' id='word_1_66' title='bbox 1233 1412 1488 1481; x_wconf 89' lang='lat' dir='ltr'><strong>demum</strong></span> <span class='ocrx_word' id='word_1_67' title='bbox 1540 1414 1607 1480; x_wconf 92' lang='lat' dir='ltr'><strong>in</strong></span> <span class='ocrx_word' id='word_1_68' title='bbox 1662 1415 1960 1482; x_wconf 91' lang='lat' dir='ltr'><strong>conflictu</strong></span> <span class='ocrx_word' id='word_1_69' title='bbox 2008 1415 2231 1483; x_wconf 90' lang='lat' dir='ltr'><strong>habito</strong></span> <span class='ocrx_word' id='word_1_70' title='bbox 2296 1416 2473 1483; x_wconf 85' lang='lat' dir='ltr'><strong>circa</strong></span> <span class='ocrx_word' id='word_1_71' title='bbox 2522 1415 2752 1483; x_wconf 85' lang='lat' dir='ltr'><strong>uillam</strong></span> <span class='ocrx_word' id='word_1_72' title='bbox 2801 1416 2986 1481; x_wconf 89' lang='lat' dir='ltr'><strong>Fuen</strong></span> 
     </span>
     <span class='ocr_line' id='line_1_12' title="bbox 726 1522 2988 1610; baseline -0 -22"><span class='ocrx_word' id='word_1_73' title='bbox 726 1528 953 1588; x_wconf 89' lang='lat' dir='ltr'><strong>contra</strong></span> <span class='ocrx_word' id='word_1_74' title='bbox 985 1523 1247 1589; x_wconf 86' lang='lat' dir='ltr'><strong>eosdem</strong></span> <span class='ocrx_word' id='word_1_75' title='bbox 1282 1522 1615 1607; x_wconf 75' lang='lat' dir='ltr'><strong>infideleS,</strong></span> <span class='ocrx_word' id='word_1_76' title='bbox 1663 1524 1730 1589; x_wconf 92' lang='lat' dir='ltr'><strong>in</strong></span> <span class='ocrx_word' id='word_1_77' title='bbox 1772 1544 1899 1606; x_wconf 89' lang='lat' dir='ltr'><strong>quo</strong></span> <span class='ocrx_word' id='word_1_78' title='bbox 1930 1524 2192 1608; x_wconf 88' lang='lat' dir='ltr'><strong>quidem</strong></span> <span class='ocrx_word' id='word_1_79' title='bbox 2241 1525 2446 1610; x_wconf 91' lang='lat' dir='ltr'><strong>prelio</strong></span> <span class='ocrx_word' id='word_1_80' title='bbox 2498 1527 2642 1610; x_wconf 87' lang='lat' dir='ltr'><strong>ipse</strong></span> <span class='ocrx_word' id='word_1_81' title='bbox 2674 1525 2988 1608; x_wconf 80' lang='lat' dir='ltr'><strong>Magister</strong></span> 
     </span>
     <span class='ocr_line' id='line_1_13' title="bbox 724 1629 2986 1718; baseline 0.001 -23"><span class='ocrx_word' id='word_1_82' title='bbox 724 1630 957 1697; x_wconf 88' lang='lat' dir='ltr'><strong>Petrus</strong></span> <span class='ocrx_word' id='word_1_83' title='bbox 1014 1631 1080 1695; x_wconf 88' lang='lat' dir='ltr'><strong>in</strong></span> <span class='ocrx_word' id='word_1_84' title='bbox 1132 1631 1302 1698; x_wconf 84' lang='lat' dir='ltr'><strong>facie</strong></span> <span class='ocrx_word' id='word_1_85' title='bbox 1354 1653 1473 1699; x_wconf 89' lang='lat' dir='ltr'><strong>sua</strong></span> <span class='ocrx_word' id='word_1_86' title='bbox 1525 1634 1875 1699; x_wconf 83' lang='lat' dir='ltr'><strong>maximam</strong></span> <span class='ocrx_word' id='word_1_87' title='bbox 1928 1633 2194 1717; x_wconf 84' lang='lat' dir='ltr'><strong>plagam</strong></span> <span class='ocrx_word' id='word_1_88' title='bbox 2254 1633 2598 1718; x_wconf 89' lang='lat' dir='ltr'><strong>sustinuit,</strong></span> <span class='ocrx_word' id='word_1_89' title='bbox 2647 1633 2758 1700; x_wconf 87' lang='lat' dir='ltr'><strong>vbi</strong></span> <span class='ocrx_word' id='word_1_90' title='bbox 2812 1629 2986 1699; x_wconf 88' lang='lat' dir='ltr'><strong>idem</strong></span> 
     </span>
     <span class='ocr_line' id='line_1_14' title="bbox 727 1738 2989 1825; baseline 0 -21"><span class='ocrx_word' id='word_1_91' title='bbox 727 1738 1031 1806; x_wconf 85' lang='lat' dir='ltr'><strong>Herricus</strong></span> <span class='ocrx_word' id='word_1_92' title='bbox 1065 1739 1281 1806; x_wconf 89' lang='lat' dir='ltr'><strong>Banus</strong></span> <span class='ocrx_word' id='word_1_93' title='bbox 1337 1760 1452 1824; x_wconf 87' lang='lat' dir='ltr'><strong>per</strong></span> <span class='ocrx_word' id='word_1_94' title='bbox 1503 1738 1902 1824; x_wconf 88' lang='lat' dir='ltr'><strong>sepedictum</strong></span> <span class='ocrx_word' id='word_1_95' title='bbox 1945 1739 2327 1824; x_wconf 87' lang='lat' dir='ltr'><strong>Magistrum</strong></span> <span class='ocrx_word' id='word_1_96' title='bbox 2356 1738 2618 1808; x_wconf 87' lang='lat' dir='ltr'><strong>Petrum</strong></span> <span class='ocrx_word' id='word_1_97' title='bbox 2666 1740 2732 1804; x_wconf 92' lang='lat' dir='ltr'><strong>in</strong></span> <span class='ocrx_word' id='word_1_98' title='bbox 2778 1739 2989 1825; x_wconf 88' lang='lat' dir='ltr'><strong>prelio</strong></span> 
     </span>
     <span class='ocr_line' id='line_1_15' title="bbox 730 1846 2988 1931; baseline 0 -20"><span class='ocrx_word' id='word_1_99' title='bbox 730 1848 941 1914; x_wconf 89' lang='lat' dir='ltr'><strong>uictus</strong></span> <span class='ocrx_word' id='word_1_100' title='bbox 976 1847 1176 1913; x_wconf 88' lang='lat' dir='ltr'><strong>uitam</strong></span> <span class='ocrx_word' id='word_1_101' title='bbox 1226 1846 1435 1914; x_wconf 89' lang='lat' dir='ltr'><strong>finiuit</strong></span> <span class='ocrx_word' id='word_1_102' title='bbox 1470 1847 1898 1914; x_wconf 89' lang='lat' dir='ltr'><strong>innominiosc</strong></span> <span class='ocrx_word' id='word_1_103' title='bbox 1929 1847 1997 1912; x_wconf 91' lang='lat' dir='ltr'><strong>in</strong></span> <span class='ocrx_word' id='word_1_104' title='bbox 2029 1847 2420 1913; x_wconf 88' lang='lat' dir='ltr'><strong>infidelitate</strong></span> <span class='ocrx_word' id='word_1_105' title='bbox 2454 1846 2823 1931; x_wconf 85' lang='lat' dir='ltr'><strong>manifesta,</strong></span> <span class='ocrx_word' id='word_1_106' title='bbox 2855 1847 2988 1913; x_wconf 91' lang='lat' dir='ltr'><strong>col-</strong></span> 
     </span>
     <span class='ocr_line' id='line_1_16' title="bbox 727 1954 2989 2022; baseline -0.001 -2"><span class='ocrx_word' id='word_1_107' title='bbox 727 1954 1048 2021; x_wconf 87' lang='lat' dir='ltr'><strong>lacionem</strong></span> <span class='ocrx_word' id='word_1_108' title='bbox 1098 1954 1373 2020; x_wconf 85' lang='lat' dir='ltr'><strong>eandem</strong></span> <span class='ocrx_word' id='word_1_109' title='bbox 1426 1971 1506 2021; x_wconf 85' lang='lat' dir='ltr'><strong>ex</strong></span> <span class='ocrx_word' id='word_1_110' title='bbox 1560 1960 1740 2021; x_wconf 86' lang='lat' dir='ltr'><strong>certa</strong></span> <span class='ocrx_word' id='word_1_111' title='bbox 1801 1955 2090 2022; x_wconf 75' lang='lat' dir='ltr'><strong>sciencia</strong></span> <span class='ocrx_word' id='word_1_112' title='bbox 2138 1962 2203 2020; x_wconf 87' lang='lat' dir='ltr'><strong>et</strong></span> <span class='ocrx_word' id='word_1_113' title='bbox 2248 1955 2577 2022; x_wconf 88' lang='lat' dir='ltr'><strong>Baronum</strong></span> <span class='ocrx_word' id='word_1_114' title='bbox 2628 1959 2989 2020; x_wconf 87' lang='lat' dir='ltr'><strong>nostrorum</strong></span> 
     </span>
     <span class='ocr_line' id='line_1_17' title="bbox 731 2061 2989 2148; baseline 0.002 -22"><span class='ocrx_word' id='word_1_115' title='bbox 731 2081 1048 2129; x_wconf 89' lang='lat' dir='ltr'><strong>consensu</strong></span> <span class='ocrx_word' id='word_1_116' title='bbox 1098 2061 1482 2129; x_wconf 87' lang='lat' dir='ltr'><strong>ratificando</strong></span> <span class='ocrx_word' id='word_1_117' title='bbox 1536 2063 1938 2146; x_wconf 85' lang='lat' dir='ltr'><strong>presentibus</strong></span> <span class='ocrx_word' id='word_1_118' title='bbox 1995 2063 2448 2130; x_wconf 88' lang='lat' dir='ltr'><strong>confirmamus</strong></span> <span class='ocrx_word' id='word_1_119' title='bbox 2503 2062 2807 2129; x_wconf 87' lang='lat' dir='ltr'><strong>firmitate</strong></span> <span class='ocrx_word' id='word_1_120' title='bbox 2838 2082 2989 2148; x_wconf 87' lang='lat' dir='ltr'><strong>per·</strong></span> 
     </span>
     <span class='ocr_line' id='line_1_18' title="bbox 733 2167 2992 2256; baseline 0 -21"><span class='ocrx_word' id='word_1_121' title='bbox 733 2173 925 2254; x_wconf 87' lang='lat' dir='ltr'><strong>petuo</strong></span> <span class='ocrx_word' id='word_1_122' title='bbox 957 2167 1359 2254; x_wconf 79' lang='lat' dir='ltr'><strong>duraturam3</strong></span> <span class='ocrx_word' id='word_1_123' title='bbox 1393 2168 1489 2236; x_wconf 90' lang='lat' dir='ltr'><strong>ita</strong></span> <span class='ocrx_word' id='word_1_124' title='bbox 1520 2170 1691 2255; x_wconf 87' lang='lat' dir='ltr'><strong>quod</strong></span> <span class='ocrx_word' id='word_1_125' title='bbox 1726 2190 1996 2255; x_wconf 89' lang='lat' dir='ltr'><strong>presens</strong></span> <span class='ocrx_word' id='word_1_126' title='bbox 2035 2170 2242 2256; x_wconf 90' lang='lat' dir='ltr'><strong>ipsius</strong></span> <span class='ocrx_word' id='word_1_127' title='bbox 2276 2169 2608 2256; x_wconf 84' lang='lat' dir='ltr'><strong>priuilegij</strong></span> <span class='ocrx_word' id='word_1_128' title='bbox 2645 2170 2992 2236; x_wconf 86' lang='lat' dir='ltr'><strong>innouacio</strong></span> 
     </span>
     <span class='ocr_line' id='line_1_19' title="bbox 742 2276 2995 2362; baseline -0 -20"><span class='ocrx_word' id='word_1_129' title='bbox 742 2276 1121 2343; x_wconf 89' lang='lat' dir='ltr'><strong>collacionis</strong></span> <span class='ocrx_word' id='word_1_130' title='bbox 1152 2278 1384 2362; x_wconf 91' lang='lat' dir='ltr'><strong>prioris</strong></span> <span class='ocrx_word' id='word_1_131' title='bbox 1429 2279 1900 2345; x_wconf 79' lang='lat' dir='ltr'><strong>irretractabile</strong></span> <span class='ocrx_word' id='word_1_132' title='bbox 1931 2280 2016 2346; x_wconf 92' lang='lat' dir='ltr'><strong>sit</strong></span> <span class='ocrx_word' id='word_1_133' title='bbox 2048 2279 2415 2362; x_wconf 82' lang='lat' dir='ltr'><strong>munimen3</strong></span> <span class='ocrx_word' id='word_1_134' title='bbox 2451 2277 2726 2361; x_wconf 86' lang='lat' dir='ltr'><strong>posteris</strong></span> <span class='ocrx_word' id='word_1_135' title='bbox 2757 2276 2995 2344; x_wconf 87' lang='lat' dir='ltr'><strong>nostris</strong></span> 
     </span>
     <span class='ocr_line' id='line_1_20' title="bbox 734 2385 2996 2472; baseline -0.001 -19"><span class='ocrx_word' id='word_1_136' title='bbox 734 2385 854 2453; x_wconf 89' lang='lat' dir='ltr'><strong>sub</strong></span> <span class='ocrx_word' id='word_1_137' title='bbox 889 2385 1424 2454; x_wconf 86' lang='lat' dir='ltr'><strong>interminacione</strong></span> <span class='ocrx_word' id='word_1_138' title='bbox 1474 2392 1741 2472; x_wconf 88' lang='lat' dir='ltr'><strong>paterne</strong></span> <span class='ocrx_word' id='word_1_139' title='bbox 1776 2386 2265 2453; x_wconf 89' lang='lat' dir='ltr'><strong>malediccionis</strong></span> <span class='ocrx_word' id='word_1_140' title='bbox 2297 2386 2681 2472; x_wconf 84' lang='lat' dir='ltr'><strong>inhibentes,</strong></span> <span class='ocrx_word' id='word_1_141' title='bbox 2732 2407 2817 2451; x_wconf 93' lang='lat' dir='ltr'><strong>ne</strong></span> <span class='ocrx_word' id='word_1_142' title='bbox 2846 2404 2996 2452; x_wconf 84' lang='lat' dir='ltr'><strong>con·</strong></span> 
     </span>
     <span class='ocr_line' id='line_1_21' title="bbox 733 2493 2996 2582; baseline -0.002 -19"><span class='ocrx_word' id='word_1_143' title='bbox 733 2500 839 2563; x_wconf 84' lang='lat' dir='ltr'><strong>tra</strong></span> <span class='ocrx_word' id='word_1_144' title='bbox 888 2494 1316 2561; x_wconf 83' lang='lat' dir='ltr'><strong>collacionem</strong></span> <span class='ocrx_word' id='word_1_145' title='bbox 1377 2495 1767 2582; x_wconf 87' lang='lat' dir='ltr'><strong>premissam</strong></span> <span class='ocrx_word' id='word_1_146' title='bbox 1833 2493 2083 2580; x_wconf 88' lang='lat' dir='ltr'><strong>aliquid</strong></span> <span class='ocrx_word' id='word_1_147' title='bbox 2141 2502 2517 2580; x_wconf 87' lang='lat' dir='ltr'><strong>presumant</strong></span> <span class='ocrx_word' id='word_1_148' title='bbox 2566 2500 2996 2579; x_wconf 87' lang='lat' dir='ltr'><strong>attemptare;</strong></span> 
     </span>
     <span class='ocr_line' id='line_1_22' title="bbox 737 2601 2995 2690; baseline 0.001 -24"><span class='ocrx_word' id='word_1_149' title='bbox 737 2601 1150 2688; x_wconf 81' lang='lat' dir='ltr'><strong>priuilegium</strong></span> <span class='ocrx_word' id='word_1_150' title='bbox 1203 2624 1457 2690; x_wconf 86' lang='lat' dir='ltr'><strong>quoque</strong></span> <span class='ocrx_word' id='word_1_151' title='bbox 1511 2607 1628 2673; x_wconf 84' lang='lat' dir='ltr'><strong>sub</strong></span> <span class='ocrx_word' id='word_1_152' title='bbox 1687 2611 1911 2673; x_wconf 84' lang='lat' dir='ltr'><strong>nostra</strong></span> <span class='ocrx_word' id='word_1_153' title='bbox 1966 2606 2143 2672; x_wconf 88' lang='lat' dir='ltr'><strong>bulla</strong></span> <span class='ocrx_word' id='word_1_154' title='bbox 2175 2624 2362 2672; x_wconf 85' lang='lat' dir='ltr'><strong>cerea</strong></span> <span class='ocrx_word' id='word_1_155' title='bbox 2410 2623 2601 2688; x_wconf 86' lang='lat' dir='ltr'><strong>snper</strong></span> <span class='ocrx_word' id='word_1_156' title='bbox 2652 2604 2802 2688; x_wconf 91' lang='lat' dir='ltr'><strong>ipsa</strong></span> <span class='ocrx_word' id='word_1_157' title='bbox 2849 2622 2995 2689; x_wconf 84' lang='lat' dir='ltr'><strong>pos-</strong></span> 
     </span>
     <span class='ocr_line' id='line_1_23' title="bbox 731 2709 2991 2782; baseline -0.003 0"><span class='ocrx_word' id='word_1_158' title='bbox 731 2709 1021 2782; x_wconf 77' lang='lat' dir='ltr'><strong>sessione</strong></span> <span class='ocrx_word' id='word_1_159' title='bbox 1081 2711 1300 2778; x_wconf 87' lang='lat' dir='ltr'><strong>Scinte</strong></span> <span class='ocrx_word' id='word_1_160' title='bbox 1349 2711 1631 2781; x_wconf 87' lang='lat' dir='ltr'><strong>Johanni</strong></span> <span class='ocrx_word' id='word_1_161' title='bbox 1703 2713 1836 2779; x_wconf 88' lang='lat' dir='ltr'><strong>filio</strong></span> <span class='ocrx_word' id='word_1_162' title='bbox 1890 2712 2179 2781; x_wconf 88' lang='lat' dir='ltr'><strong>eiusdem</strong></span> <span class='ocrx_word' id='word_1_163' title='bbox 2229 2713 2478 2780; x_wconf 82' lang='lat' dir='ltr'><strong>Hertici</strong></span> <span class='ocrx_word' id='word_1_164' title='bbox 2552 2718 2704 2779; x_wconf 90' lang='lat' dir='ltr'><strong>tunc</strong></span> <span class='ocrx_word' id='word_1_165' title='bbox 2758 2711 2991 2778; x_wconf 85' lang='lat' dir='ltr'><strong>Comiti</strong></span> 
     </span>
     <span class='ocr_line' id='line_1_24' title="bbox 736 2819 2991 2908; baseline 0 -25"><span class='ocrx_word' id='word_1_166' title='bbox 736 2819 1161 2903; x_wconf 85' lang='lat' dir='ltr'><strong>Supruniensi</strong></span> <span class='ocrx_word' id='word_1_167' title='bbox 1197 2819 1523 2905; x_wconf 83' lang='lat' dir='ltr'><strong>traditum,</strong></span> <span class='ocrx_word' id='word_1_168' title='bbox 1578 2841 1654 2888; x_wconf 90' lang='lat' dir='ltr'><strong>eo</strong></span> <span class='ocrx_word' id='word_1_169' title='bbox 1687 2828 1975 2908; x_wconf 89' lang='lat' dir='ltr'><strong>tempore</strong></span> <span class='ocrx_word' id='word_1_170' title='bbox 2008 2841 2133 2903; x_wconf 89' lang='lat' dir='ltr'><strong>quo</strong></span> <span class='ocrx_word' id='word_1_171' title='bbox 2167 2822 2381 2888; x_wconf 81' lang='lat' dir='ltr'><strong>(lictus</strong></span> <span class='ocrx_word' id='word_1_172' title='bbox 2414 2821 2728 2903; x_wconf 85' lang='lat' dir='ltr'><strong>Magister</strong></span> <span class='ocrx_word' id='word_1_173' title='bbox 2761 2820 2991 2887; x_wconf 86' lang='lat' dir='ltr'><strong>Petrus</strong></span> 
     </span>
     <span class='ocr_line' id='line_1_25' title="bbox 736 2927 2995 3015; baseline -0 -23"><span class='ocrx_word' id='word_1_174' title='bbox 736 2943 854 3011; x_wconf 87' lang='lat' dir='ltr'><strong>per</strong></span> <span class='ocrx_word' id='word_1_175' title='bbox 886 2948 1037 2994; x_wconf 85' lang='lat' dir='ltr'><strong>suos</strong></span> <span class='ocrx_word' id='word_1_176' title='bbox 1071 2929 1320 2995; x_wconf 88' lang='lat' dir='ltr'><strong>emulos</strong></span> <span class='ocrx_word' id='word_1_177' title='bbox 1373 2929 1435 2992; x_wconf 91' lang='lat' dir='ltr'><strong>in</strong></span> <span class='ocrx_word' id='word_1_178' title='bbox 1486 2930 1948 3015; x_wconf 89' lang='lat' dir='ltr'><strong>persecucione</strong></span> <span class='ocrx_word' id='word_1_179' title='bbox 1998 2930 2249 3014; x_wconf 87' lang='lat' dir='ltr'><strong>positus</strong></span> <span class='ocrx_word' id='word_1_180' title='bbox 2281 2928 2402 2995; x_wconf 87' lang='lat' dir='ltr'><strong>fuit</strong></span> <span class='ocrx_word' id='word_1_181' title='bbox 2451 2928 2533 2994; x_wconf 88' lang='lat' dir='ltr'><strong>de</strong></span> <span class='ocrx_word' id='word_1_182' title='bbox 2567 2928 2757 2993; x_wconf 89' lang='lat' dir='ltr'><strong>domo</strong></span> <span class='ocrx_word' id='word_1_183' title='bbox 2789 2927 2995 3010; x_wconf 87' lang='lat' dir='ltr'><strong>Regia</strong></span> 
     </span>
     <span class='ocr_line' id='line_1_26' title="bbox 743 3034 2998 3123; baseline 0 -23"><span class='ocrx_word' id='word_1_184' title='bbox 743 3034 1090 3119; x_wconf 78' lang='lat' dir='ltr'><strong>effugatus,</strong></span> <span class='ocrx_word' id='word_1_185' title='bbox 1141 3037 1529 3103; x_wconf 87' lang='lat' dir='ltr'><strong>auctoritate</strong></span> <span class='ocrx_word' id='word_1_186' title='bbox 1563 3037 1968 3122; x_wconf 88' lang='lat' dir='ltr'><strong>presencium</strong></span> <span class='ocrx_word' id='word_1_187' title='bbox 2011 3044 2320 3119; x_wconf 86' lang='lat' dir='ltr'><strong>tanquam</strong></span> <span class='ocrx_word' id='word_1_188' title='bbox 2356 3056 2612 3123; x_wconf 84' lang='lat' dir='ltr'><strong>vanum,</strong></span> <span class='ocrx_word' id='word_1_189' title='bbox 2646 3056 2900 3103; x_wconf 87' lang='lat' dir='ltr'><strong>cassum</strong></span> <span class='ocrx_word' id='word_1_190' title='bbox 2934 3044 2998 3100; x_wconf 90' lang='lat' dir='ltr'><strong>et</strong></span> 
     </span>
     <span class='ocr_line' id='line_1_27' title="bbox 738 3141 2995 3229; baseline 0 -22"><span class='ocrx_word' id='word_1_191' title='bbox 738 3144 987 3209; x_wconf 89' lang='lat' dir='ltr'><strong>irritum</strong></span> <span class='ocrx_word' id='word_1_192' title='bbox 1049 3163 1449 3227; x_wconf 77' lang='lat' dir='ltr'><strong>reuocamus,</strong></span> <span class='ocrx_word' id='word_1_193' title='bbox 1502 3146 1596 3211; x_wconf 91' lang='lat' dir='ltr'><strong>ita</strong></span> <span class='ocrx_word' id='word_1_194' title='bbox 1646 3153 1713 3210; x_wconf 90' lang='lat' dir='ltr'><strong>vt</strong></span> <span class='ocrx_word' id='word_1_195' title='bbox 1761 3146 2127 3229; x_wconf 77' lang='lat' dir='ltr'><strong>Vbicunque</strong></span> <span class='ocrx_word' id='word_1_196' title='bbox 2190 3153 2319 3210; x_wconf 89' lang='lat' dir='ltr'><strong>tam</strong></span> <span class='ocrx_word' id='word_1_197' title='bbox 2380 3146 2446 3209; x_wconf 90' lang='lat' dir='ltr'><strong>in</strong></span> <span class='ocrx_word' id='word_1_198' title='bbox 2497 3141 2735 3210; x_wconf 90' lang='lat' dir='ltr'><strong>iudicio</strong></span> <span class='ocrx_word' id='word_1_199' title='bbox 2798 3163 2995 3226; x_wconf 85' lang='lat' dir='ltr'><strong>quam</strong></span> 
     </span>
     <span class='ocr_line' id='line_1_28' title="bbox 739 3250 2999 3336; baseline 0 -19"><span class='ocrx_word' id='word_1_200' title='bbox 739 3260 918 3317; x_wconf 81' lang='lat' dir='ltr'><strong>extra</strong></span> <span class='ocrx_word' id='word_1_201' title='bbox 951 3251 1144 3317; x_wconf 86' lang='lat' dir='ltr'><strong>fuerit</strong></span> <span class='ocrx_word' id='word_1_202' title='bbox 1194 3258 1635 3336; x_wconf 88' lang='lat' dir='ltr'><strong>presentatum</strong></span> <span class='ocrx_word' id='word_1_203' title='bbox 1659 3304 1673 3329; x_wconf 88' lang='lat'><strong>,</strong></span> <span class='ocrx_word' id='word_1_204' title='bbox 1722 3251 1963 3319; x_wconf 90' lang='lat' dir='ltr'><strong>uiribus</strong></span> <span class='ocrx_word' id='word_1_205' title='bbox 2000 3259 2256 3334; x_wconf 88' lang='lat' dir='ltr'><strong>careat,</strong></span> <span class='ocrx_word' id='word_1_206' title='bbox 2299 3257 2363 3318; x_wconf 88' lang='lat' dir='ltr'><strong>et</strong></span> <span class='ocrx_word' id='word_1_207' title='bbox 2391 3252 2638 3318; x_wconf 90' lang='lat' dir='ltr'><strong>nullius</strong></span> <span class='ocrx_word' id='word_1_208' title='bbox 2670 3250 2999 3317; x_wconf 88' lang='lat' dir='ltr'><strong>firmitatis</strong></span> 
     </span>
     <span class='ocr_line' id='line_1_29' title="bbox 740 3357 3003 3445; baseline 0 -19"><span class='ocrx_word' id='word_1_209' title='bbox 740 3366 1089 3445; x_wconf 86' lang='lat' dir='ltr'><strong>reputetur,</strong></span> <span class='ocrx_word' id='word_1_210' title='bbox 1140 3362 1308 3426; x_wconf 88' lang='lat' dir='ltr'><strong>sicut</strong></span> <span class='ocrx_word' id='word_1_211' title='bbox 1342 3367 1708 3427; x_wconf 88' lang='lat' dir='ltr'><strong>reuocatum</strong></span> <span class='ocrx_word' id='word_1_212' title='bbox 1762 3369 1829 3427; x_wconf 91' lang='lat' dir='ltr'><strong>et</strong></span> <span class='ocrx_word' id='word_1_213' title='bbox 1862 3362 2094 3428; x_wconf 89' lang='lat' dir='ltr'><strong>robore</strong></span> <span class='ocrx_word' id='word_1_214' title='bbox 2129 3359 2527 3428; x_wconf 81' lang='lat' dir='ltr'><strong>destitutum.</strong></span> <span class='ocrx_word' id='word_1_215' title='bbox 2578 3362 2654 3425; x_wconf 91' lang='lat' dir='ltr'><strong>In</strong></span> <span class='ocrx_word' id='word_1_216' title='bbox 2688 3359 2870 3428; x_wconf 89' lang='lat' dir='ltr'><strong>cuius</strong></span> <span class='ocrx_word' id='word_1_217' title='bbox 2903 3357 3003 3426; x_wconf 88' lang='lat' dir='ltr'><strong>rei</strong></span> 
     </span>
     <span class='ocr_line' id='line_1_30' title="bbox 742 3464 3002 3556; baseline 0 -23"><span class='ocrx_word' id='word_1_218' title='bbox 742 3468 1117 3535; x_wconf 84' lang='lat' dir='ltr'><strong>memoriam</strong></span> <span class='ocrx_word' id='word_1_219' title='bbox 1168 3467 1665 3553; x_wconf 85' lang='lat' dir='ltr'><strong>firmitatemque</strong></span> <span class='ocrx_word' id='word_1_220' title='bbox 1717 3477 2097 3556; x_wconf 87' lang='lat' dir='ltr'><strong>perpetuam</strong></span> <span class='ocrx_word' id='word_1_221' title='bbox 2168 3473 2505 3554; x_wconf 88' lang='lat' dir='ltr'><strong>presentes</strong></span> <span class='ocrx_word' id='word_1_222' title='bbox 2559 3464 3002 3535; x_wconf 86' lang='lat' dir='ltr'><strong>concessimus</strong></span> 
     </span>
     <span class='ocr_line' id='line_1_31' title="bbox 739 3562 3004 3664; baseline -0 -21"><span class='ocrx_word' id='word_1_223' title='bbox 739 3562 989 3643; x_wconf 84' lang='lat' dir='ltr'><strong>litteras</strong></span> <span class='ocrx_word' id='word_1_224' title='bbox 1043 3575 1367 3664; x_wconf 90' lang='lat' dir='ltr'><strong>dupplicis</strong></span> <span class='ocrx_word' id='word_1_225' title='bbox 1419 3575 1622 3661; x_wconf 87' lang='lat' dir='ltr'><strong>sigilli</strong></span> <span class='ocrx_word' id='word_1_226' title='bbox 1656 3579 1855 3644; x_wconf 90' lang='lat' dir='ltr'><strong>nostri</strong></span> <span class='ocrx_word' id='word_1_227' title='bbox 1892 3578 2246 3644; x_wconf 88' lang='lat' dir='ltr'><strong>munimine</strong></span> <span class='ocrx_word' id='word_1_228' title='bbox 2286 3577 2646 3643; x_wconf 55' lang='lat' dir='ltr'><strong>roboratam</strong></span> <span class='ocrx_word' id='word_1_229' title='bbox 2695 3574 3004 3663; x_wconf 89' lang='lat' dir='ltr'><strong>(D)atum</strong></span> 
     </span>
     <span class='ocr_line' id='line_1_32' title="bbox 739 3683 3004 3772; baseline -0.001 -19"><span class='ocrx_word' id='word_1_230' title='bbox 739 3706 857 3772; x_wconf 86' lang='lat' dir='ltr'><strong>per</strong></span> <span class='ocrx_word' id='word_1_231' title='bbox 886 3705 1122 3753; x_wconf 86' lang='lat' dir='ltr'><strong>manus</strong></span> <span class='ocrx_word' id='word_1_232' title='bbox 1172 3686 1462 3753; x_wconf 89' lang='lat' dir='ltr'><strong>eiusdem</strong></span> <span class='ocrx_word' id='word_1_233' title='bbox 1515 3687 1810 3770; x_wconf 85' lang='lat' dir='ltr'><strong>Magistri</strong></span> <span class='ocrx_word' id='word_1_234' title='bbox 1864 3684 2199 3751; x_wconf 89' lang='lat' dir='ltr'><strong>Benedicti</strong></span> <span class='ocrx_word' id='word_1_235' title='bbox 2249 3685 2483 3751; x_wconf 85' lang='lat' dir='ltr'><strong>Sancte</strong></span> <span class='ocrx_word' id='word_1_236' title='bbox 2529 3683 3004 3769; x_wconf 85' lang='lat' dir='ltr'><strong>Strigoniensis</strong></span> 
     </span>
     <span class='ocr_line' id='line_1_33' title="bbox 741 3792 3004 3879; baseline -0 -19"><span class='ocrx_word' id='word_1_237' title='bbox 741 3794 1036 3861; x_wconf 88' lang='lat' dir='ltr'><strong>Ecclesie</strong></span> <span class='ocrx_word' id='word_1_238' title='bbox 1068 3795 1273 3862; x_wconf 86' lang='lat' dir='ltr'><strong>Electi</strong></span> <span class='ocrx_word' id='word_1_239' title='bbox 1307 3794 1726 3878; x_wconf 89' lang='lat' dir='ltr'><strong>eiusdemque</strong></span> <span class='ocrx_word' id='word_1_240' title='bbox 1760 3794 1883 3859; x_wconf 91' lang='lat' dir='ltr'><strong>loci</strong></span> <span class='ocrx_word' id='word_1_241' title='bbox 1917 3792 2181 3858; x_wconf 85' lang='lat' dir='ltr'><strong>Comitis</strong></span> <span class='ocrx_word' id='word_1_242' title='bbox 2214 3792 2550 3879; x_wconf 88' lang='lat' dir='ltr'><strong>perpetui,</strong></span> <span class='ocrx_word' id='word_1_243' title='bbox 2595 3794 2747 3859; x_wconf 89' lang='lat' dir='ltr'><strong>aule</strong></span> <span class='ocrx_word' id='word_1_244' title='bbox 2778 3800 3004 3860; x_wconf 88' lang='lat' dir='ltr'><strong>nostre</strong></span> 
     </span>
     <span class='ocr_line' id='line_1_34' title="bbox 743 3898 3004 3991; baseline 0.001 -27"><span class='ocrx_word' id='word_1_245' title='bbox 743 3900 1278 3991; x_wconf 68' lang='lat' dir='ltr'><strong>vicecancellarij</strong></span> <span class='ocrx_word' id='word_1_246' title='bbox 1326 3908 1390 3969; x_wconf 87' lang='lat' dir='ltr'><strong>et</strong></span> <span class='ocrx_word' id='word_1_247' title='bbox 1421 3900 1743 3988; x_wconf 89' lang='lat' dir='ltr'><strong>Prepositi</strong></span> <span class='ocrx_word' id='word_1_248' title='bbox 1795 3902 2117 3968; x_wconf 88' lang='lat' dir='ltr'><strong>Budensis</strong></span> <span class='ocrx_word' id='word_1_249' title='bbox 2170 3899 2391 3966; x_wconf 89' lang='lat' dir='ltr'><strong>dilecti</strong></span> <span class='ocrx_word' id='word_1_250' title='bbox 2431 3906 2495 3965; x_wconf 89' lang='lat' dir='ltr'><strong>ct</strong></span> <span class='ocrx_word' id='word_1_251' title='bbox 2525 3898 2736 3967; x_wconf 88' lang='lat' dir='ltr'><strong>fidelis</strong></span> <span class='ocrx_word' id='word_1_252' title='bbox 2774 3901 3004 3984; x_wconf 89' lang='lat' dir='ltr'><strong>nostri,</strong></span> 
     </span>
     <span class='ocr_line' id='line_1_35' title="bbox 742 4005 3005 4097; baseline -0.003 -19"><span class='ocrx_word' id='word_1_253' title='bbox 742 4032 917 4078; x_wconf 88' lang='lat' dir='ltr'><strong>anno</strong></span> <span class='ocrx_word' id='word_1_254' title='bbox 962 4011 1223 4078; x_wconf 91' lang='lat' dir='ltr'><strong>Domini</strong></span> <span class='ocrx_word' id='word_1_255' title='bbox 1266 4009 1489 4079; x_wconf 86' lang='lat' dir='ltr'><strong>M⁰CC⁰</strong></span> <span class='ocrx_word' id='word_1_256' title='bbox 1520 4010 1997 4097; x_wconf 88' lang='lat' dir='ltr'><strong>septuagesimo</strong></span> <span class='ocrx_word' id='word_1_257' title='bbox 2050 4016 2282 4091; x_wconf 84' lang='lat' dir='ltr'><strong>quarto</strong></span> <span class='ocrx_word' id='word_1_258' title='bbox 2334 4007 2462 4073; x_wconf 90' lang='lat' dir='ltr'><strong>lI-o</strong></span> <span class='ocrx_word' id='word_1_259' title='bbox 2517 4005 2842 4075; x_wconf 84' lang='lat' dir='ltr'><strong>kalendas</strong></span> <span class='ocrx_word' id='word_1_260' title='bbox 2893 4005 3005 4075; x_wconf 84' lang='lat' dir='ltr'><strong>Ja-</strong></span> 
     </span>
     <span class='ocr_line' id='line_1_36' title="bbox 743 4115 3008 4204; baseline -0.004 -16"><span class='ocrx_word' id='word_1_261' title='bbox 743 4118 954 4204; x_wconf 89' lang='lat' dir='ltr'><strong>nuarij</strong></span> <span class='ocrx_word' id='word_1_262' title='bbox 1011 4118 1383 4186; x_wconf 88' lang='lat' dir='ltr'><strong>Indiccione</strong></span> <span class='ocrx_word' id='word_1_263' title='bbox 1432 4119 1743 4196; x_wconf 87' lang='lat' dir='ltr'><strong>secunda,</strong></span> <span class='ocrx_word' id='word_1_264' title='bbox 1798 4118 2000 4201; x_wconf 84' lang='lat' dir='ltr'><strong>Regni</strong></span> <span class='ocrx_word' id='word_1_265' title='bbox 2053 4124 2269 4184; x_wconf 90' lang='lat' dir='ltr'><strong>autem</strong></span> <span class='ocrx_word' id='word_1_266' title='bbox 2321 4118 2523 4184; x_wconf 89' lang='lat' dir='ltr'><strong>nostri</strong></span> <span class='ocrx_word' id='word_1_267' title='bbox 2576 4135 2747 4181; x_wconf 89' lang='lat' dir='ltr'><strong>anno</strong></span> <span class='ocrx_word' id='word_1_268' title='bbox 2780 4115 3008 4183; x_wconf 88' lang='lat' dir='ltr'><strong>tercio.</strong></span> 
     </span>
     <span class='ocr_line' id='line_1_37' title="bbox 747 4222 3007 4310; baseline -0.002 -19"><span class='ocrx_word' id='word_1_269' title='bbox 747 4226 1242 4294; x_wconf 83' lang='lat' dir='ltr'><strong>venerabilibus</strong></span> <span class='ocrx_word' id='word_1_270' title='bbox 1286 4226 1592 4309; x_wconf 82' lang='lat' dir='ltr'><strong>patribus</strong></span> <span class='ocrx_word' id='word_1_271' title='bbox 1636 4225 1969 4310; x_wconf 86' lang='lat' dir='ltr'><strong>Stephano</strong></span> <span class='ocrx_word' id='word_1_272' title='bbox 2003 4224 2387 4292; x_wconf 83' lang='lat' dir='ltr'><strong>Colochensi</strong></span> <span class='ocrx_word' id='word_1_273' title='bbox 2420 4230 2486 4292; x_wconf 90' lang='lat' dir='ltr'><strong>et</strong></span> <span class='ocrx_word' id='word_1_274' title='bbox 2516 4223 2812 4289; x_wconf 88' lang='lat' dir='ltr'><strong>Johannc</strong></span> <span class='ocrx_word' id='word_1_275' title='bbox 2844 4222 3007 4307; x_wconf 90' lang='lat' dir='ltr'><strong>Spa-</strong></span> 
     </span>
     <span class='ocr_line' id='line_1_38' title="bbox 743 4330 3005 4422; baseline -0.004 -18"><span class='ocrx_word' id='word_1_276' title='bbox 743 4338 979 4404; x_wconf 87' lang='lat' dir='ltr'><strong>latensi</strong></span> <span class='ocrx_word' id='word_1_277' title='bbox 1032 4334 1591 4422; x_wconf 85' lang='lat' dir='ltr'><strong>Archiepiscopis;</strong></span> <span class='ocrx_word' id='word_1_278' title='bbox 1654 4334 1996 4419; x_wconf 82' lang='lat' dir='ltr'><strong>Lamperto</strong></span> <span class='ocrx_word' id='word_1_279' title='bbox 2047 4331 2349 4416; x_wconf 84' lang='lat' dir='ltr'><strong>Agriensi</strong></span> <span class='ocrx_word' id='word_1_280' title='bbox 2369 4382 2387 4416; x_wconf 96' lang='lat'><strong>,</strong></span> <span class='ocrx_word' id='word_1_281' title='bbox 2447 4331 2694 4397; x_wconf 87' lang='lat' dir='ltr'><strong>Briccio</strong></span> <span class='ocrx_word' id='word_1_282' title='bbox 2747 4330 3005 4396; x_wconf 86' lang='lat' dir='ltr'><strong>Chana-</strong></span> 
     </span>
    </p>
   </div>
   <div class='ocr_carea' id='block_1_4' title="bbox 748 4439 3105 4532">
    <p class='ocr_par' dir='ltr' id='par_1_5' title="bbox 748 4439 3105 4532">
     <span class='ocr_line' id='line_1_39' title="bbox 748 4439 3105 4532; baseline -0.005 -19"><span class='ocrx_word' id='word_1_283' title='bbox 748 4446 997 4532; x_wconf 88' lang='lat' dir='ltr'><strong>diensi‚</strong></span> <span class='ocrx_word' id='word_1_284' title='bbox 1050 4446 1176 4514; x_wconf 87' lang='lat' dir='ltr'><strong>Job</strong></span> <span class='ocrx_word' id='word_1_285' title='bbox 1243 4441 1958 4527; x_wconf 83' lang='lat' dir='ltr'><strong>Quinqueecclesiensi,</strong></span> <span class='ocrx_word' id='word_1_286' title='bbox 2027 4440 2349 4526; x_wconf 85' lang='lat' dir='ltr'><strong>Phylippo</strong></span> <span class='ocrx_word' id='word_1_287' title='bbox 2420 4439 2744 4506; x_wconf 89' lang='lat' dir='ltr'><strong>Waciensi</strong></span> <span class='ocrx_word' id='word_1_288' title='bbox 2766 4488 2785 4521; x_wconf 95' lang='lat'><strong>,</strong></span> <span class='ocrx_word' id='word_1_289' title='bbox 2854 4439 3007 4505; x_wconf 89' lang='lat' dir='ltr'><strong>aule</strong></span> <span class='ocrx_word' id='word_1_290' title='bbox 3101 4499 3105 4502; x_wconf 77' lang='grc'>,</span> 
     </span>
    </p>
   </div>
   <div class='ocr_carea' id='block_1_5' title="bbox 746 4545 3008 4745">
    <p class='ocr_par' dir='ltr' id='par_1_6' title="bbox 746 4545 3008 4745">
     <span class='ocr_line' id='line_1_40' title="bbox 747 4545 3008 4637; baseline -0.005 -16"><span class='ocrx_word' id='word_1_291' title='bbox 747 4555 1004 4621; x_wconf 88' lang='lat' dir='ltr'><strong>domine</strong></span> <span class='ocrx_word' id='word_1_292' title='bbox 1035 4554 1286 4637; x_wconf 86' lang='lat' dir='ltr'><strong>Regine</strong></span> <span class='ocrx_word' id='word_1_293' title='bbox 1338 4551 1657 4619; x_wconf 88' lang='lat' dir='ltr'><strong>consortis</strong></span> <span class='ocrx_word' id='word_1_294' title='bbox 1712 4558 1933 4618; x_wconf 85' lang='lat' dir='ltr'><strong>nostre</strong></span> <span class='ocrx_word' id='word_1_295' title='bbox 1972 4549 2319 4617; x_wconf 90' lang='lat' dir='ltr'><strong>karissime</strong></span> <span class='ocrx_word' id='word_1_296' title='bbox 2353 4546 2787 4632; x_wconf 88' lang='lat' dir='ltr'><strong>Cancellario,</strong></span> <span class='ocrx_word' id='word_1_297' title='bbox 2832 4545 3008 4630; x_wconf 83' lang='lat' dir='ltr'><strong>Thy·</strong></span> 
     </span>
     <span class='ocr_line' id='line_1_41' title="bbox 746 4654 3005 4745; baseline -0.005 -16"><span class='ocrx_word' id='word_1_298' title='bbox 746 4662 1003 4729; x_wconf 90' lang='lat' dir='ltr'><strong>motheo</strong></span> <span class='ocrx_word' id='word_1_299' title='bbox 1066 4656 1513 4745; x_wconf 85' lang='lat' dir='ltr'><strong>Zagrabiensi,</strong></span> <span class='ocrx_word' id='word_1_300' title='bbox 1580 4657 1965 4726; x_wconf 90' lang='lat' dir='ltr'><strong>Lodomerio</strong></span> <span class='ocrx_word' id='word_1_301' title='bbox 2015 4655 2448 4742; x_wconf 87' lang='lat' dir='ltr'><strong>Waradiensi,</strong></span> <span class='ocrx_word' id='word_1_302' title='bbox 2502 4654 2799 4722; x_wconf 89' lang='lat' dir='ltr'><strong>Dionisio</strong></span> <span class='ocrx_word' id='word_1_303' title='bbox 2848 4654 3005 4721; x_wconf 86' lang='lat' dir='ltr'><strong>Jau-</strong></span> 
     </span>
    </p>
   </div>
  </div>
 </body>
</html>
