3319 5249
1359 412 1491 480 405

1337 1132 1492 1200 288.

286 1365 353 1431 A
391 1370 639 1452 nyitmi
670 1370 1105 1453 kdptalmmak
1137 1368 1662 1455 bizonysciqlevele
1688 1369 2023 1454 Ramicza,
2042 1369 2210 1433 Ῑυάη
2241 1374 2302 1433 e'a
2325 1368 2532 1433 Kuch-

282 1500 422 1562 meq
473 1477 826 1561 keresztye'n
876 1477 1087 1540 kunok
1136 1477 1521 1564 barsmeqyei
1548 1476 1823 1563 birtoka‚
1860 1479 2292 1561 hatdrjdrcisa
2333 1480 2526 1561 irdnt,

282 1585 501 1668 naelyet
551 1584 807 1671 Mihcily
856 1586 1181 1651 mesternelc
1211 1588 1275 1651 6⁸
1308 1590 1559 1651 test-vere
1590 1586 1961 1651 Farkasnak
1995 1585 2295 1650 eladnak.
2334 1586 2528 1653 1284.

507 1817 838 1884 Vniuersis
887 1815 1127 1885 Christi
1178 1817 1503 1904 fidelibus,
1553 1819 1784 1904 quibus
1816 1823 2148 1903 presentes
2180 1818 2526 1904 patuerint,

282 1925 632 1995 Nitriensis
651 1926 939 1992 Eeelesie
960 1925 1327 2012 Capitulum
1350 1928 1629 1995 salutem
1646 1927 1713 1994 in
1745 1926 2023 1993 Domino
2054 1929 2530 2013 sempiternam.

281 2036 742 2123 Signifieamus
772 2034 976 2122 vobis,
1032 2034 1207 2119 quod
1238 2037 1414 2103 Iwan
1451 2043 1512 2103 et
1543 2028 1881 2120 Kuehmeg
1912 2034 2223 2102 Cristiani
2255 2036 2532 2102 Cumani

282 2147 367 2212 de
430 2143 753 2210 Comitatu
804 2143 1148 2231 Borsiensi,
1200 2142 1287 2209 ad
1339 2151 1624 2212 nostram
1675 2142 2055 2211 aecedentes
2107 2143 2529 2230 presenciam,

280 2254 538 2320 litteras
569 2250 863 2320 Ladizlai
894 2252 1165 2320 illustris
1197 2253 1391 2339 Regis
1424 2253 1760 2336 Hungarie
1793 2259 1852 2319 et
1883 2253 2146 2318 Domini
2180 2251 2378 2319 nostri
2413 2273 2524 2317 no-

281 2363 386 2428 bis
441 2362 886 2449 exhibuerunt,
939 2363 1111 2429 hune
1160 2367 1444 2428 tenorem
1497 2362 1934 2445 continentes3
1968 2358 2137 2445 quod
2166 2380 2287 2427 nos
2318 2358 2524 2426 homi-

290 2492 438 2536 nem
491 2476 777 2536 nostrum
832 2473 1039 2536 virum
1071 2469 1395 2557 ydoneum
1430 2477 1493 2537 et
1553 2469 1683 2536 fide
1744 2470 2010 2554 dignum
2069 2490 2213 2536 eum
2274 2467 2531 2534 homine

293 2576 580 2645 eiusdem
616 2576 857 2644 domini
907 2578 1106 2661 Regis
1137 2576 1353 2644 Mikus
1385 2576 1588 2645 nobili
1621 2576 1704 2644 de
1735 2576 2077 2646 Babindon
2109 2577 2195 2644 ad
2228 2577 2529 2645 eireuien·

285 2686 435 2753 dam
476 2692 714 2754 terram
752 2686 1120 2754 eorumdem
1153 2687 1581 2753 Cumanorum
1614 2688 1944 2756 Rasnieha
1973 2695 2275 2755 vocatam
2308 2688 2374 2753 in
2408 2687 2523 2754 Oo-

284 2795 513 2874 mitatn
563 2794 890 2862 Borsiensi
940 2795 1343 2882 existentem,
1395 2796 1809 2864 mitteremus.
1842 2798 1975 2865 Nos
2005 2798 2208 2881 igitur
2238 2796 2532 2864 fauentes

283 2904 484 2988 Regio
527 2910 852 2993 precepto,
896 2910 966 2972 ut
994 2909 1303 2991 tenemur,
1336 2909 1627 2973 nostrum
1662 2905 1951 2972 misimus
1982 2904 2306 2973 hominem
2340 2905 2423 2972 ad
2455 2904 2522 2971 id

287 3012 749 3100 exequendum,
769 3013 880 3098 qui
901 3013 1156 3080 demum
1181 3012 1436 3082 rediens
1457 3013 1544 3081 ad
1564 3035 1683 3081 nos
1706 3033 1982 3081 unacum
2004 3014 2228 3083 eodem
2260 3015 2518 3081 homine

283 3121 494 3207 ipsius
526 3120 767 3187 domini
804 3121 1022 3208 Regis,
1075 3120 1485 3189 concorditer
1534 3122 1929 3207 propositum
1962 3124 2176 3191 extitit
2223 3141 2342 3209 per
2391 3143 2526 3190 eos-

281 3231 467 3316 dem;
520 3230 689 3316 quod
721 3231 933 3318 ipsam
993 3236 1229 3297 terram
1278 3231 1815 3315 reambulassent,
1857 3251 2064 3298 nouas
2099 3237 2304 3300 metas
2334 3232 2518 3298 iuxta

282 3348 538 3407 ueteres
571 3337 900 3426 erigend0,
936 3347 1001 3406 et
1047 3337 1321 3406 eandem
1370 3340 1518 3406 vsui
1571 3347 1817 3427 septem
1846 3347 2207 3406 aratrorum
2238 3339 2519 3406 invenis-

285 3455 455 3535 sent,
522 3455 798 3535 excepta
829 3447 987 3516 Isok
1048 3447 1267 3516 fratris
1323 3447 1692 3533 eorundem,
1744 3447 2043 3516 similiter
2073 3447 2376 3517 cristiani
2408 3445 2525 3513 Cu-

282 3559 500 3643 mani3
563 3577 756 3642 quam
818 3557 1078 3643 quidem
1138 3563 1372 3625 terram
1447 3577 1528 3624 ex
1587 3557 2011 3643 permissione
2075 3565 2141 3626 et
2197 3558 2528 3624 uoluntate

288 3665 579 3733 eiusdem
631 3663 875 3731 domini
924 3664 1140 3750 Regis,
1188 3671 1379 3753 prout
1416 3666 1482 3731 in
1516 3665 1747 3733 litteris
1779 3666 2146 3752 patentibus
2180 3666 2382 3751 ipsius
2413 3684 2520 3730 no-

282 3774 382 3842 bis
434 3772 721 3842 constitit
770 3770 1123 3858 euidenter,
1155 3774 1466 3857 Magistro
1515 3773 1843 3857 Michaeli‚
1896 3779 1960 3841 et
1997 3773 2306 3841 Fareasio
2336 3773 2518 3839 fratri

281 3903 419 3967 suo,
449 3879 602 3967 filijs
631 3880 863 3967 Dama,
900 3887 965 3948 et
1015 3901 1131 3967 per
1182 3900 1325 3949 eum
1357 3881 1493 3949 suis
1526 3881 1886 3964 heredibus,
1918 3880 2352 3967 heredumque
2384 3902 2524 3949 sue·

285 3990 645 4060 sessoribus
692 4010 809 4078 pro
856 3989 1086 4076 uiginti
1136 3997 1201 4058 et
1249 4011 1381 4059 una
1411 4010 1630 4058 marea
1663 3992 1745 4056 ab
1779 3990 2017 4058 eisdem
2072 4008 2290 4058 eoram
2341 3990 2527 4060 nobis

279 4096 578 4185 plenarie
624 4098 965 4185 pereeptiS,
1020 4096 1158 4166 iure
1206 4106 1516 4186 perpetuo
1560 4098 1991 4168 uendiderunt
2020 4098 2523 4186 possidendam3

288 4215 352 4276 et
383 4208 536 4275 huie
562 4206 932 4276 vendicioni
963 4206 1291 4294 predictus
1324 4208 1524 4276 frater
1561 4209 1847 4295 ipsorum
1868 4209 2040 4294 Isok,
2077 4217 2139 4278 et
2172 4209 2524 4291 Teseeneh,

282 4315 553 4402 quidam
602 4317 772 4428 aiter
820 4316 1179 4385 cristianus
1232 4315 1573 4402 Cumanus,
1623 4317 1821 4386 frater
1862 4318 2135 4406 predicti
2166 4319 2523 4406 Kuehmeg,

282 4427 438 4493 item
490 4425 723 4492 Comes
776 4423 1024 4507 Petrus,
1062 4444 1202 4491 cum
1234 4426 1368 4494 filio
1402 4447 1519 4494 suo
1549 4426 1732 4513 Bors,
1764 4426 1931 4496 Bees
1960 4427 2134 4494 filius
2167 4427 2329 4493 Bees
2382 4445 2526 4494 eum

282 4533 491 4601 fratre
540 4553 656 4601 suo
709 4531 890 4619 Bors,
925 4534 1078 4600 item
1107 4533 1339 4619 Zoeho‚
1374 4535 1604 4622 Bense,
1636 4537 1885 4603 Domus
1918 4542 1982 4603 et
2010 4535 2209 4619 Miko,
2245 4534 2524 4618 iobagio-

287 4662 401 4709 nes
452 4642 661 4709 Casti-i
711 4639 1105 4724 Borsiensis,
1157 4645 1581 4710 commetanei
1632 4651 1696 4710 et
1741 4643 1933 4711 uicini
1981 4644 2263 4712 eiusdem
2313 4651 2525 4711 terree

287 4749 476 4838 (igy),
513 4750 622 4835 qui
653 4751 723 4818 in
764 4750 1285 4819 reambulaeione
1313 4754 1445 4821 iam
1475 4753 1649 4820 dicte
1684 4760 1889 4821 terree
1919 4759 2252 4839 presentes
2285 4752 2511 4819 extite-
