3319 5249
1736 372 1820 438 70

1720 895 1828 961 39.

649 1095 762 1161 IV.
811 1095 1044 1162 Ldszld
1091 1097 1438 1182 hircilynak
1487 1121 1528 1161 a
1578 1095 1793 1183 Gyerk
1844 1095 2093 1159 melletti
2144 1094 2471 1181 Depopoth
2507 1092 2722 1178 foldet
2774 1097 2903 1156 ἰάτ-

764 1206 969 1291 9ya26
999 1204 1364 1290 adomcinya
1397 1205 1629 1271 Leiszld
1669 1206 1843 1269 honti
1859 1203 2212 1289 fb'esperest
2242 1206 2560 1267 szcimcira.
2616 1205 2808 1266 1274.

864 1401 998 1467 Nos
1046 1400 1400 1468 Ladizlaus
1431 1403 1555 1470 Dei
1615 1401 1841 1487 gracia
1890 1402 2026 1466 Rex
2074 1399 2410 1482 Hungai·ie
2461 1398 2903 1482 significamus

650 1516 870 1578 tenore
938 1509 1342 1596 presencium
1396 1511 1752 1593 vniuersis,
1821 1511 1994 1594 quod
2065 1510 2347 1577 discreto
2398 1509 2538 1574 viro
2588 1505 2901 1590 Magistro

645 1617 957 1684 Ladizlao
1007 1616 1482 1685 Archidiacono
1535 1618 1883 1705 Huntcnsi,
1937 1617 2175 1686 dilecto
2209 1625 2274 1683 et
2311 1616 2489 1683 fideli
2522 1615 2755 1683 clerico
2788 1634 2900 1681 no·

647 1733 795 1811 stre,
855 1734 1119 1814 propter
1169 1726 1753 1795 commendabilem
1805 1730 2184 1795 fidelitatem
2238 1747 2421 1792 suam
2476 1733 2538 1791 et
2570 1722 2903 1791 meritoria

648 1834 972 1920 obsequia,
1027 1835 1260 1920 quibus
1293 1857 1506 1903 coram
1540 1837 1777 1903 nostris
1829 1844 1891 1903 et
1937 1836 2466 1922 predecessorum
2517 1839 2899 1914 nostrorum,

644 1940 997 2008 illustrium
1033 1945 1277 2028 Regum
1314 1945 1650 2030 Hungarie
1686 1945 1890 2012 oculis
1944 1943 2180 2010 meruit
2229 1941 2680 2027 multipliciter
2729 1959 2895 2008 com·

648 2050 925 2137 placere,
979 2061 1218 2135 nostra,
1268 2074 1612 2137 eorumque
1662 2055 1953 2139 negocia,
2002 2054 2385 2120 inconcusse
2433 2048 2733 2117 fidelitati
2784 2067 2899 2114 sue

646 2160 1015 2244 commissa,
1069 2167 1202 2226 tam
1236 2162 1302 2227 in
1334 2162 1694 2250 Hungaria,
1729 2185 1938 2250 ,quam
1988 2164 2054 2229 in
2104 2163 2405 2229 Romana
2452 2166 2516 2227 et
2549 2156 2898 2224 multorum

645 2268 893 2351 Regum
951 2270 1135 2335 curia
1184 2269 1601 2338 laudabiliter
1656 2269 2132 2355 promouendo;
2211 2268 2604 2334 contulimus
2656 2272 2895 2331 terram

646 2374 913 2443 duorum
964 2378 1500 2465 vdwornicorum‚
1552 2380 1786 2446 Zolath
1827 2378 2148 2465 videlicet,
2202 2376 2441 2444 herede
2474 2372 2778 2458 carentia,
2830 2380 2898 2439 et

645 2485 895 2568 Koyon,
933 2485 1288 2571 Dupuputh
1327 2491 1646 2573 uocatam,
1701 2487 2083 2554 existentem
2124 2486 2305 2552 iuxta
2338 2491 2575 2551 terram
2609 2479 2894 2548 eiusdem

643 2591 932 2675 Magistri
968 2593 1223 2680 Gyriky
1256 2602 1574 2680 uocatam,
1609 2595 1677 2661 in
1709 2594 2029 2662 Huntensi
2062 2594 2404 2678 Comitatu,
2439 2597 2748 2679 perpetue
2779 2611 2891 2676 pa-

643 2699 821 2766 cifice
853 2702 1333 2786 possidendam.
1369 2704 1711 2771 Presertim
1748 2724 1889 2770 cum
1925 2705 2096 2772 idem
2131 2704 2363 2770 Zolath
2396 2710 2459 2768 et
2488 2701 2603 2787 filij
2641 2703 2896 2785 Koyon‚

643 2808 995 2876 vdwornici
1038 2813 1289 2898 nostri,
1344 2814 1497 2879 olim
1551 2814 1837 2881 eiusdem
1888 2821 2058 2880 terre
2111 2812 2621 2896 inhabitatores,
2674 2829 2889 2875 coram

642 2918 981 3003 Prepesito
1051 2928 1115 2985 et
1165 2921 1501 2988 Conuentu
1555 2923 1820 2989 Ordinis
1870 2920 2499 2989 Premonstratensis
2561 2918 2643 2983 de
2695 2918 2891 3001 Saag,

642 3025 762 3091 sub
815 3046 1083 3109 quorum
1135 3029 1502 3096 testimonio
1547 3049 1662 3114 per
1694 3030 2003 3097 Comitem
2042 3031 2205 3095 Ders
2252 3028 2454 3095 filium
2486 3026 2729 3111 Hunth,
2784 3026 2893 3091 ho-

643 3134 880 3199 minem
930 3142 1239 3223 nostrum,
1290 3145 1529 3205 terram
1582 3138 1953 3205 huiusmodi
2008 3141 2131 3223 ipsi
2164 3136 2478 3220 Magistro
2512 3156 2893 3222 precepera-

641 3265 781 3311 mus
838 3245 1166 3329 assignari
1191 3300 1207 3332 ‚
1257 3246 1629 3332 constituti,
1674 3248 2128 3314 renunciantes
2163 3249 2286 3313 iuri
2317 3266 2474 3337 suo,
2524 3246 2578 3311 si
2611 3243 2767 3328 quid
2798 3246 2894 3310 eis

640 3354 706 3417 in
760 3359 934 3418 terra
987 3353 1283 3438 predicta
1336 3356 1774 3440 competebat,
1837 3355 2167 3440 sepedicto
2218 3355 2531 3438 Magistro
2581 3354 2890 3420 Ladizlao

641 3480 788 3525 eam
841 3481 984 3526 cum
1041 3462 1432 3530 utilitatibus
1481 3465 1779 3530 omnibus
1834 3473 1896 3529 et
1928 3463 2350 3548 pertinencijs
2390 3463 2711 3531 vniuersis
2751 3482 2892 3546 per·

639 3575 831 3652 petuo
866 3567 1134 3653 pacifice
1166 3572 1569 3653 reliquerunt
1601 3571 2104 3657 possidendam3
2147 3573 2318 3637 sicut
2351 3572 2469 3637 hoc
2500 3572 2567 3636 in
2602 3568 2890 3639 eiusdem

639 3676 955 3761 Prepositi
1009 3684 1074 3743 et
1124 3678 1491 3745 Conuentus
1544 3679 1813 3763 litteris,
1866 3700 2060 3764 super
2113 3679 2232 3746 hoc
2279 3680 2467 3745 nobis
2518 3679 2892 3764 specialiter

641 3784 924 3870 directis,
960 3786 1153 3871 plene
1187 3785 1468 3854 uidimus
1507 3786 1845 3853 contineri.
1896 3787 2079 3852 Vnde
2120 3795 2251 3852 tam
2290 3785 2524 3857 Comiti
2557 3788 2638 3853 de
2668 3787 2891 3853 Zolum

639 3900 705 3961 ct
738 3896 971 3961 Comitl
1005 3896 1539 3979 vdwornicorum,
1589 3905 1722 3960 tam
1759 3897 2149 3978 quibuslibet
2183 3896 2335 3979 alijs
2388 3904 2699 3963 terrarum
2736 3894 2895 3960 iudi·

639 4002 855 4087 cibus,
923 4006 1310 4085 auctoritate
1366 4006 1766 4089 presencium
1840 4004 2246 4086 inhibemus,
2296 4026 2377 4070 ne
2429 4007 2639 4089 ipsum
2692 4006 2892 4088 Magi-

639 4117 885 4194 strum,
951 4118 1064 4177 aut
1116 4114 1255 4178 eius
1311 4113 1625 4180 officiales
1677 4114 2019 4179 occasione
2070 4113 2240 4179 dicte
2293 4122 2465 4179 terre
2516 4122 2892 4198 presumant

637 4218 1121 4302 quomodolibet
1172 4222 1526 4287 molestare
1599 4221 1834 4286 Datum
1891 4220 1954 4286 in
2006 4222 2233 4287 Zolum
2285 4220 2348 4286 in
2390 4224 2671 4288 crastino
2704 4223 2892 4288 Beati

638 4330 977 4413 Laurencij
1016 4349 1187 4396 anno
1220 4330 1485 4396 Domini
1521 4329 1958 4396 M⁰CC⁰LXX⁰
1983 4338 2230 4413 quarto.

891 4509 988 4577 [Az
1017 4512 1212 4561 tredcti
1243 4508 1374 4560 utini
1405 4513 1595 4561 Knauz
1623 4508 1855 4569 Nandon
1885 4512 2111 4577 Magyar
2140 4512 2269 4562 Sion
2298 4514 2400 4565 111.
2429 4515 2550 4565 225.
2582 4512 2638 4571 l.)

1553 4710 1976 4719 ——————-
