3319 5249
1388 354 1514 421 277

326 551 730 619 infidelitatis
778 550 1064 635 ipsorum
1113 552 1360 618 rabiem
1412 570 1551 618 cum
1574 546 1826 620 ‘nostro
1859 551 2142 621 exercitu
2171 550 2406 620 inimus
2429 604 2448 638 ,
2494 552 2564 618 in

325 680 447 745 quo
495 657 667 726 idem
718 659 948 727 Comes
996 658 1309 726 Nicolaus
1372 658 1736 727 laudabilia
1788 659 2206 729 seruiciornm
2271 659 2565 727 exhibuit

320 788 516 855 opera
565 766 633 833 in
685 767 826 853 ipso
872 766 1078 852 prelio
1130 766 1409 834 uiriliter
1459 767 1847 836 dimicando.
1905 768 1988 834 Et
2023 787 2415 853 quamquam
2448 786 2565 855 pro

320 876 686 945 huiusmodi
718 874 1139 944 seruiciorum
1179 896 1439 943 suornm
1493 876 1736 945 meritis
1775 877 2005 944 maiori
2042 874 2565 943 remuneracione

316 1004 397 1052 ex
458 985 666 1069 Regia
714 983 1155 1051 munificencia
1216 984 1442 1052 fuisset
1498 985 1988 1052 confouendus:
2063 985 2132 1052 in
2196 982 2553 1067 aliqualem

317 1099 534 1158 tamen
589 1092 1260 1177 recompensacionem
1311 1092 1625 1176 quasdam
1679 1098 1813 1159 tres
1863 1098 2071 1160 terras
2108 1090 2321 1159 Castri
2357 1093 2562 1160 nostri

325 1199 808 1285 Supruniensis,
842 1221 1034 1267 vnam
1065 1199 1371 1267 videlicet
1412 1198 1528 1267 Osl
1561 1206 1858 1267 vocatam
1877 1201 2280 1285 populosam,
2312 1206 2378 1267 et
2398 1199 2562 1267 alias

320 1307 484 1375 duas
518 1308 691 1374 vltra
720 1307 908 1373 Raba
946 1309 1336 1393 existentes,
1386 1307 1682 1375 Scechun
1732 1315 1798 1374 et
1846 1305 2194 1373 Kechenek
2243 1327 2566 1394 nuncupa-

323 1423 447 1503 tas,
497 1436 540 1481 a
587 1415 728 1482 iure
779 1423 841 1482 et
888 1414 1340 1482 iurisdiccione
1391 1415 1597 1501 ipsius
1630 1416 1843 1482 Castri
1874 1413 1955 1481 de
1988 1421 2200 1482 cetero
2231 1423 2564 1502 exceptam

315 1524 575 1611 penitus
608 1531 674 1592 et
705 1531 1104 1611 exemptam,
1152 1528 1497 1610 prenotato
1536 1524 1772 1592 Comiti
1803 1524 2114 1609 Nicolao,
2161 1530 2226 1591 et
2274 1544 2389 1610 per
2419 1544 2565 1591 eum

319 1630 661 1718 Michaeli,
710 1633 1060 1700 Benedicto
1122 1639 1188 1698 et
1241 1631 1569 1719 Eymirico
1619 1631 1929 1700 fratribus
1983 1632 2152 1720 suis,
2220 1650 2299 1697 ac
2346 1651 2565 1698 eorum

324 1740 671 1807 heredibus
711 1747 1021 1825 perpetuo
1040 1791 1058 1824 ,
1108 1740 1620 1807 irreuocabiliter
1670 1747 1734 1807 et
1785 1739 2049 1826 pacifice
2087 1738 2388 1807 duximus
2421 1760 2565 1808 con-

326 1845 627 1914 serendas
648 1848 767 1913 sub
791 1847 1031 1914 eisdem
1053 1848 1242 1915 metis
1269 1854 1334 1914 et
1353 1847 1664 1934 terminis,
1688 1847 1917 1932 quibus
1936 1847 2023 1915 ad
2041 1848 2250 1935 ipsum
2272 1850 2569 1917 Castrum

320 1975 466 2021 cum
514 1957 807 2023 omnibns
856 1955 990 2023 suis
1040 1956 1428 2023 vtilitatibus
1481 1956 1971 2024 dinosscebatur
2019 1957 2316 2043 primitus
2368 1959 2562 2043 perti·

316 2084 490 2130 nere.
553 2066 795 2131 Datum
843 2086 961 2151 per
1009 2085 1238 2131 manus
1288 2063 1552 2131 discreti
1602 2066 1725 2133 viri
1776 2065 2072 2154 Magistri
2125 2066 2565 2135 Bartholomei

317 2174 470 2240 aule
500 2181 715 2240 nostre
748 2172 1323 2258 vice-Cancellarij
1365 2174 1583 2240 dilecti
1628 2181 1692 2239 et
1721 2173 1936 2241 fidelis
1986 2175 2188 2242 nostri
2238 2195 2410 2242 anno
2440 2177 2566 2241 Do·

325 2282 484 2348 mini
532 2284 624 2349 M⁰
656 2282 781 2350 (30⁰
828 2282 1259 2367 octogesimo,
1305 2284 1507 2350 tercio
1558 2280 1702 2350 idus
1753 2284 1907 2368 Maij
1967 2282 2341 2351 Indiccione
2373 2283 2565 2350 vnde-

328 2390 498 2457 cima
532 2392 740 2477 Regni
779 2400 990 2460 autem
1023 2391 1229 2458 nostri
1261 2412 1429 2458 anno
1462 2392 1816 2459 vndecimo.

504 2571 629 2639 (ΙΙΙ.
666 2573 848 2626 Endre
891 2569 1184 2642 kiralynak
1232 2574 1452 2628 129⁷-ki
1501 2572 1820 2642 megerositd
1869 2569 2384 2644 privilegiumabol.)

1304 3316 1309 3320 ’
1376 3300 1523 3369 195.

323 3498 371 3561 Ι
383 3496 450 3562 V.
505 3496 734 3564 Ldezld
782 3499 1005 3586 kirdly
1053 3502 1411 3588 meyerdsiti
1472 3501 1594 3566 IV.
1658 3504 1828 3570 Bela
1888 3525 2053 3570 azon
2111 3500 2567 3583 szabadalmdt,

322 3607 609 3693 melylyel
655 3630 699 3671 a
746 3608 1217 3695 naqyszombati
1246 3612 1692 3696 apdczazdrda
1740 3612 2021 3677 embereit
2067 3610 2325 3677 minden
2351 3611 2566 3676 vdrosi

921 3718 1152 3784 addzds
1182 3718 1316 3785 αῑόῖ
1327 3718 1730 3806 felmentette.
1782 3722 1975 3789 1280.

539 3912 676 3980 Nos
721 3913 1074 3982 Ladizlaus
1123 3917 1245 3983 Dei
1296 3918 1524 4001 gracia
1560 3919 1700 3985 Rex
1739 3916 2075 4000 Hungarie
2124 3915 2565 4001 significamus

319 4020 643 4088 vniuersis
710 4022 942 4107 quibus
1010 4026 1273 4111 expedit
1341 4026 1750 4111 presencium
1819 4047 1936 4112 per
1987 4032 2318 4110 tenorem,
2384 4025 2563 4109 quod

321 4129 642 4198 Priorissa
719 4137 783 4198 et
849 4150 1099 4200 sorores
1169 4130 1249 4201 de
1317 4135 1539 4220 Tyrna
1606 4136 1729 4202 sub
1808 4135 2038 4220 regula
2116 4133 2304 4201 Beati
2366 4135 2568 4200 Fran-

324 4241 481 4308 cisci
513 4241 663 4307 Deo
696 4239 932 4325 iugiter
966 4241 1393 4329 famulantes,
1439 4243 1524 4310 ad
1574 4251 1867 4314 nostram
1898 4243 2284 4311 accedentes
2314 4261 2570 4328 presen-

326 4347 522 4433 ciam,
571 4348 759 4415 nobis
808 4355 1108 4434 patentes
1157 4352 1401 4420 litteras
1433 4354 1631 4436 Regis
1665 4354 1821 4421 Bele
1852 4353 1965 4419 aui
1997 4351 2199 4419 nostri
2231 4349 2568 4417 karissimi

326 4457 707 4525 felicissime
725 4458 1192 4527 recordationis
1206 4458 1712 4550 (exhibuerunt),
1734 4468 2027 4548 petentes
2050 4481 2192 4528 cnm
2213 4458 2560 4545 instancia,

327 4572 393 4631 ut
424 4566 686 4634 easdem
740 4575 1081 4652 acceptare
1129 4590 1207 4636 ac
1248 4568 1485 4638 nostris
1516 4572 1865 4656 patentbus
1897 4570 2134 4638 litteris
2189 4570 2566 4638 confirmare

326 4675 737 4762 dignaremur
765 4698 781 4761 ;
833 4698 1099 4761 quarum
1133 4679 1391 4763 quidem
1423 4684 1604 4747 tenor
1631 4679 1786 4749 talis
1818 4685 1956 4748 est:
