3319 5249
1395 319 1529 393 463

333 516 677 607 imperium
709 522 947 591 habere
979 521 1357 611 dinoscitur,
1391 522 1659 591 fuerunt
1689 521 1980 589 exhibita
2053 521 2418 611 priuilegia,
2474 527 2598 592 hoc

336 631 832 716 expressissime
886 631 1314 716 continencia,
1367 638 1673 699 contenta
1723 632 2014 717 ipsorum
2066 630 2482 699 intuentibus
2533 642 2597 701 et

334 746 635 808 tenores:
670 740 843 825 quod
872 739 1094 827 populi
1126 760 1347 808 omnes
1380 739 1669 807 vniuersi
1725 745 1790 806 et
1841 738 2103 825 singuli,
2140 741 2592 825 possessiones

333 852 397 911 et
428 848 587 915 ville
618 849 823 934 ipsius
856 848 1100 916 Sancte
1131 847 1598 932 Strigoniensis
1629 846 1944 933 Ecclesie,
1977 846 2045 912 in
2095 847 2589 932 quibuscunque

336 955 547 1038 Regni
579 956 781 1023 nostri
814 956 1111 1042 partibus
1173 956 1507 1024 constituti
1571 974 1685 1022 seu
1737 954 2084 1022 constitute
2128 954 2280 1042 sint,
2341 958 2594 1023 nonnisi

320 1061 581 1129 ‘Sancte
628 1061 1088 1145 Strigoniensis
1149 1061 1432 1130 Ecclesie
1494 1060 1741 1128 Prelati
1761 1112 1780 1147 ,
1842 1060 2239 1128 venerabilis
2290 1054 2600 1131 videlicet
2725 1076 2742 1101 ⁰

338 1169 547 1252 patris
595 1170 802 1237 nostri
853 1170 1095 1237 domini
1127 1170 1365 1237 Sancte
1396 1167 1860 1252 strigoniensis
1933 1166 2286 1255 (Ecclesie)
2333 1171 2599 1240 Archie·

339 1276 630 1364 piscopi,
700 1280 770 1344 in
831 1297 1215 1361 quocunque
1268 1275 1522 1360 judicio
1586 1277 1776 1359 graui
1837 1275 1942 1343 vel
2002 1275 2172 1365 leui,
2238 1298 2475 1362 magno
2524 1303 2599 1349 ac
2724 1274 2730 1285 ’

339 1405 545 1469 paruo
594 1391 938 1457 teneantur
986 1394 1248 1471 astare,
1302 1385 1403 1452 illi
1462 1383 1799 1470 videlicet,
1836 1385 1946 1468 qui
1996 1385 2441 1470 possessiones
2501 1391 2598 1455 in-

337 1494 561 1559 colunt
608 1492 1196 1578 archiepiscopales
1218 1544 1235 1578 ,
1297 1500 1362 1559 et
1394 1512 1651 1558 suorum
1717 1493 2116 1578 propriorum
2165 1494 2596 1579 jobagionum

338 1609 685 1668 censentur
734 1602 995 1668 nomine
1045 1618 1163 1667 sen
1212 1606 1563 1683 vocantur3
1617 1599 1730 1685 alij
1787 1606 2002 1667 autem
2045 1601 2436 1685 jobagiones
2490 1605 2600 1671 ho-

344 1707 734 1775 norabilium
814 1710 1096 1775 virorum
1176 1707 1446 1774 fratrum
1526 1713 1926 1794 nostrorum,
2009 1706 2298 1774 eiusdem
2361 1710 2598 1778 Sancte

341 1814 810 1898 strigoniensis
872 1816 1163 1882 Ecclesie
1226 1815 1549 1900 Prepositi
1601 1814 1903 1882 videlicet
1954 1822 2019 1882 et
2070 1816 2395 1904 Capituli,
2461 1823 2598 1887 nul-

339 1922 468 1988 lius
529 1924 801 1991 alterius
838 1908 1091 1991 Judicis
1151 1921 1359 2006 Regni
1389 1924 1629 2008 nostri,
1695 1929 1919 2007 vtpote
1968 1921 2233 1991 Comitis
2284 1926 2597 2016 Palatini,

341 2031 597 2099 Judicis
617 2028 810 2098 Curie
828 2039 1070 2119 nostre,
1091 2032 1199 2098 uel
1220 2030 1514 2117 alterius,
1538 2049 1921 2114 quocunque
1941 2030 2113 2100 idem
2133 2033 2396 2101 nomine
2417 2038 2594 2120 apel·

345 2137 534 2224 letur‚
567 2145 978 2227 preterquam
1042 2138 1249 2225 ipsius
1300 2139 1540 2205 Sancte
1590 2137 2055 2221 Strigoniensis
2105 2141 2397 2209 Ecclesie
2451 2144 2600 2209 Pre-

346 2247 561 2332 positi,
597 2249 702 2315 vel
751 2247 1005 2314 Judicis
1055 2266 1167 2314 seu
1218 2247 1484 2314 Comitis
1536 2245 1741 2330 ipsius
1791 2246 2114 2332 Prepositi
2164 2255 2230 2313 et
2282 2247 2591 2336 Capituli,

345 2355 455 2436 qui
486 2355 570 2420 ab
603 2355 850 2423 eisdem
878 2355 1075 2435 fuerit
1106 2375 1220 2439 pro
1254 2363 1540 2439 tempore
1572 2356 1983 2437 constitutus,
2035 2356 2092 2421 si
2146 2375 2342 2424 cause
2395 2361 2600 2442 quali·

347 2469 451 2527 tas
487 2461 608 2529 hoc
634 2464 923 2547 requirit,
974 2482 1194 2530 coram
1225 2462 1357 2529 alio
1390 2461 1613 2529 forsan
1655 2463 1888 2529 citatus
1918 2462 2166 2551 Judice,
2213 2466 2320 2531 uel
2352 2463 2601 2537 Comite

348 2588 725 2655 comparere
758 2575 1089 2656 teneatur3
1120 2568 1291 2652 quod
1324 2568 1525 2636 eciam
1559 2571 1683 2635 sub
1733 2568 2452 2655 Regiejndignacionis
2505 2576 2600 2644 in-

346 2677 813 2744 terminacione
846 2676 1144 2745 omnibus
1174 2697 1437 2761 prorsus
1467 2679 1677 2761 Regni
1729 2678 1933 2744 nostri
1981 2677 2322 2747 Judicibus
2376 2691 2591 2751 aucto-

346 2788 545 2852 ritate
574 2788 980 2871 presencium
1015 2785 1381 2852 districcius
1414 2786 1829 2871 imperamus.
1891 2785 2264 2853 Eximentes
2298 2810 2427 2855 una
2458 2810 2599 2857 cum

346 2894 642 2961 omnibus
677 2894 827 2981 alijs
858 2894 1096 2961 Sancte
1129 2893 1588 2978 Strigoniensis
1639 2892 1933 2960 Ecclesie
1982 2896 2505 2978 possessionibus
2537 2909 2603 2967 et

338 3002 803 3087 jobagionibus
834 3003 1127 3071 omnibus
1158 3011 1292 3068 tam
1326 3001 1734 3087 generaliter,
1770 3021 1961 3085 quam
1994 3002 2197 3069 eciam
2228 3005 2602 3089 specialiter

348 3111 580 3176 villam
610 3110 973 3196 Zebhelcb,
1022 3109 1303 3176 vicinam
1369 3109 1526 3177 ville
1575 3110 1817 3195 Nemty
1868 3129 2074 3194 prope
2124 3109 2506 3194 Corponam‚
2542 3122 2602 3177 ot
2670 3106 2684 3114 ’

349 3218 578 3285 villam
611 3219 876 3304 Gereky
911 3238 1109 3304 prope
1143 3219 1304 3303 Ipul,
1328 3225 1390 3285 et
1422 3234 1643 3283 omnes
1675 3218 1843 3283 alias
1876 3237 1917 3282 a
1967 3212 2424 3300 jurisdiccionc
2481 3221 2598 3283 Co-

354 3326 531 3392 mitis
582 3326 939 3393 Huntensis
971 3325 1308 3410 nominati,
1352 3327 1462 3407 qui
1515 3346 1630 3410 pro
1666 3333 1956 3409 tempore
1991 3323 2070 3389 de
2120 3324 2331 3407 Regia
2381 3329 2605 3408 gracia

352 3433 548 3500 fuerit
592 3435 1017 3517 constitutus3
1080 3434 1189 3517 qui
1226 3453 1376 3500 vero
1411 3432 1692 3516 aliquem
1714 3431 2142 3517 j0bagionum
2178 3430 2348 3496 dicte
2381 3434 2598 3500 Eccle-

356 3542 452 3606 sie
473 3540 1020 3623 Strigoniensisin
1044 3540 1375 3607 Zebhelcb
1408 3546 1910 3604 commorantem
1965 3537 2264 3605 ciuilibus
2299 3545 2364 3603 et
2416 3562 2606 3624 pecu-

355 3649 586 3731 niarijs
608 3648 822 3714 causis
842 3648 1121 3714 uoluerit
1141 3647 1505 3731 conuenire,
1540 3646 1747 3712 eciam
1783 3665 2002 3711 coram
2025 3644 2232 3728 ipsius
2259 3646 2415 3712 ville
2434 3649 2603 3714 villi·

355 3777 451 3838 00,
474 3758 639 3824 sicut
672 3766 733 3822 et
767 3756 832 3819 in
866 3755 1019 3839 aliJs
1055 3754 1277 3821 liberis
1308 3753 1482 3820 villis
1503 3751 1713 3835 Regni
1746 3752 1966 3838 nostri,
1986 3751 2042 3817 si
2062 3752 2363 3841 voluerit,
2386 3774 2607 3823 couse-

354 3869 465 3952 qui
500 3867 735 3951 poterit
758 3863 1020 3949 justicie
1049 3863 1609 3949 complementum.
1645 3858 2013 3928 Scientibus
2046 3860 2359 3945 omnibus,
2396 3873 2458 3927 ot
2492 3886 2607 3949 pro

354 3977 540 4041 firmo
597 3973 983 4056 tenentibus,
1045 3975 1109 4037 et
1138 3969 1503 4055 specialiter
1562 3975 1782 4034 nostro
1814 3967 2134 4039 Huntensi
2170 3967 2433 4050 Gemite,
2470 3973 2600 4052 qui-

356 4101 610 4162 cunque
642 4081 910 4146 alternis
945 4080 1196 4146 vicibus
1226 4079 1293 4142 in
1328 4078 1728 4142 Huntensem
1753 4073 2068 4140 Comitem
2091 4072 2170 4138 (le
2192 4073 2606 4142 liberalitatis

355 4188 555 4271 Regie
586 4185 1026 4253 munificencia
1060 4185 1257 4251 fuerit
1286 4183 1693 4265 sublimatus,
1749 4181 1919 4262 quod
1969 4179 2250 4245 maxime
2300 4179 2602 4263 indigua·

353 4296 565 4362 cionis
599 4293 800 4377 Regie
831 4295 1094 4359 aculeos
1127 4311 1243 4359 sue
1275 4290 1522 4357 desidie
1557 4288 1636 4356 de
1669 4294 1882 4355 cetero
1917 4287 2131 4372 culpa,
2184 4289 2420 4352 nostris
2471 4297 2602 4354 tam

352 4401 672 4487 pijssimis
704 4399 1098 4483 refragando
1131 4397 1472 4481 mandatis,
1509 4397 1809 4478 incurret,
1828 4397 1884 4462 si
1916 4413 2103 4459 secus
2124 4398 2605 4480 presumpserit,

356 4508 535 4592 quod
557 4528 683 4574 non
705 4506 1454 4592 credimus,attemptare;
1477 4509 1541 4569 et
1562 4501 1853 4587 quitquid
1877 4509 2103 4566 contra
2122 4498 2378 4565 eosdem
2401 4502 2606 4586 ipsius

358 4617 522 4683 ville
551 4616 657 4680 uel
692 4615 994 4703 villarum
1019 4615 1412 4703 jobagiones
1422 4609 1788 4696 judicando
1808 4611 1987 4696 ipsos
2019 4607 2287 4694 inuitos,
2311 4629 2454 4676 cum
2490 4631 2609 4682 suo
