3319 5249
150 398 201 452 0

1365 327 1493 403 447

295 526 486 601 altari
506 530 705 600 misse
735 529 1096 602 celebracio
1115 554 1234 621 pro
1266 532 1744 617 quiesceneium
1766 533 2101 619 spiritibus
2120 554 2249 601 non
2275 530 2554 603 deesset.

287 648 353 708 et
372 642 529 724 quia
576 640 1025 711 defunctorum
1063 642 1210 729 pias
1228 642 1592 711 voluntates
1619 641 1982 728 pontificali
2024 662 2282 727 semper
2313 641 2549 710 decens

288 756 389 815 est
404 749 626 817 studio
656 748 979 838 adiuuari,
1001 758 1072 820 ut
1091 752 1320 819 crebra
1336 749 1453 817 fiat
1478 750 1711 818 salutis
1732 749 1987 818 oblacio
2020 757 2087 816 et
2118 748 2438 818 intensius
2461 750 2553 817 ui·

286 864 441 940 geat
472 856 716 923 deuota
743 857 1015 927 eollacio
1049 858 1434 941 tribuentis3
1468 857 1683 945 ipsum
1715 857 2095 925 beneficium
2147 858 2216 924 in
2266 878 2549 943 persona

286 966 411 1034 viri
445 965 730 1051 discreti,
763 969 906 1035 Deo
928 966 1172 1056 deuoti,
1205 967 1494 1034 Marcelli
1524 966 1886 1054 presbiteri,
1923 964 2229 1035 custodis
2257 964 2551 1033 Ecclesie

286 1078 509 1139 nostre
538 1073 1027 1161 strigoniensis,
1061 1096 1192 1142 non
1227 1083 1359 1142 tam
1392 1074 1850 1162 personaliter,
1885 1093 2083 1156 quam
2107 1072 2393 1161 realiter,
2417 1071 2543 1159 ipsi

296 1180 550 1247 scilieet
584 1182 915 1268 Custodie‚
966 1182 1150 1251 cuins
1183 1188 1369 1249 erant
1399 1180 1698 1250 redditus
1749 1187 1980 1249 tenues
2034 1184 2098 1246 et
2147 1180 2375 1268 exiles,
2423 1201 2540 1265 per

289 1308 484 1370 quem
516 1289 723 1356 eciam
757 1297 822 1357 et
852 1309 1263 1357 successores
1286 1288 1491 1376 ipsius
1512 1288 1599 1355 ad
1621 1289 1834 1374 ipsum
1855 1295 2271 1375 personatum
2295 1288 2540 1355 dictum

288 1396 488 1464 misse
518 1396 810 1465 officium
843 1398 1164 1465 credimus
1218 1405 1283 1467 et
1338 1418 1676 1483 speramus
1709 1396 1966 1466 vberius
2023 1402 2089 1463 et
2137 1395 2553 1479 frequencius

293 1504 609 1592 exerceri,
649 1503 729 1571 de
761 1506 1051 1572 omnium
1081 1504 1354 1572 fratrum
1404 1510 1770 1572 nostrorum
1818 1502 2230 1590 beneplacito
2281 1511 2348 1570 et
2395 1524 2547 1572 con·

290 1631 487 1678 sensu
518 1619 833 1699 perpetuo
863 1612 1167 1680 duximus
1215 1612 1734 1696 annectendum3
1766 1612 1882 1699 ita,
1914 1618 1988 1678 ut
2039 1608 2270 1679 diebus
2322 1610 2543 1695 singu·

291 1718 400 1804 lis,
431 1720 624 1787 salua
652 1719 997 1787 honestate
1029 1740 1150 1787 sna
1184 1727 1248 1787 et
1278 1721 1502 1788 debita
1533 1720 1913 1805 deuocione,
1947 1740 2064 1806 per
2094 1738 2168 1788 se
2200 1720 2310 1785 uel
2363 1722 2542 1786 vica-

290 1827 455 1892 rium
506 1826 929 1915 sacerdotem,
980 1828 1109 1895 nisi
1160 1827 1557 1915 impediente
1606 1828 1981 1896 infirmitate
2012 1828 2321 1913 corporis,
2383 1830 2546 1894 cele-

291 1934 467 2001 brari
501 1934 682 2001 iuxta
745 1935 1035 2023 formam,
1085 1935 1446 2020 antiquitus
1497 1938 1581 2003 ab
1631 1935 1857 2002 eodem
1907 1934 2168 2001 domino
2219 1934 2555 2020 Stephano

291 2046 443 2107 tunc
478 2042 713 2109 Archie
726 2040 992 2129 piscopo
1015 2043 1448 2128 Strigouiensi
1471 2050 1656 2129 patre
1689 2041 2045 2110 venerabili
2094 2045 2549 2111 constitutam:

293 2149 518 2215 taliter
550 2150 765 2234 ipsum
796 2150 1174 2218 beneficium
1208 2151 1586 2235 personatui
1619 2149 1938 2235 vnientes,
1973 2157 2041 2215 vt
2074 2149 2392 2233 utrimque
2442 2152 2539 2216 al-

289 2256 415 2322 teri
450 2259 831 2324 consulatur
864 2278 947 2324 ex
973 2259 1203 2347 altero,
1237 2266 1304 2325 et
1334 2257 1619 2345 provisio
1652 2257 2015 2342 paternalis
2063 2256 2275 2340 magis
2326 2277 2546 2325 excre-

290 2372 454 2447 scat,
495 2384 687 2448 quam
720 2365 1053 2432 decrescat
1100 2366 1169 2431 in
1219 2364 1740 2433 exsecutionibus
1790 2364 2199 2431 Diuinorum.
2251 2366 2324 2431 In
2364 2366 2546 2432 cuius

294 2473 390 2537 rei
448 2473 821 2538 memoriam
887 2480 1394 2561 perpetuamque
1454 2472 1826 2540 firmitatem
1890 2480 2226 2559 presentes
2299 2473 2554 2539 litteras

290 2578 754 2666 concessimus,
802 2580 1151 2650 munimine
1182 2581 1388 2651 nostri
1419 2580 1628 2666 sigilli
1694 2583 2051 2650 roboratas.
2094 2583 2333 2649 Datum
2365 2582 2549 2648 Stri-

287 2685 470 2770 gonij
560 2687 628 2753 in
707 2686 873 2755 festo
962 2691 1146 2756 Beati
1210 2689 1556 2773 Laurencij
1624 2689 1967 2775 martiris,¹
2052 2712 2224 2758 anno
2290 2689 2550 2755 Domini

292 2792 797 2860 M⁰CC⁰LXXX⁰
827 2804 1032 2864 sexto.

298 3024 398 3094 (Az
427 3028 746 3091 esztergomi
796 3023 1173 3093 kaptalannak
1202 3027 1340 3082 atii-6
1367 3027 1732 3099 okmzinydbol
1759 3034 1965 3085 Knauz.
2018 3033 2246 3098 Magyar
2299 3033 2428 3084 Sion
2451 3032 2549 3085 111.

1251 3121 1364 3172 ket.
1391 3123 1513 3174 ese.
1542 3121 1600 3188 1.)
