3319 5249
1355 382 1486 450 273

1336 893 1489 1011 loe.

286 1140 402 1206 IV.
452 1141 685 1209 Ldszlo'
734 1144 1088 1231 kirdzynak
1140 1141 1341 1232 Cher-y
1391 1152 1553 1209 nevit
1586 1142 1802 1230 foldet
1835 1142 2144 1230 tdrqyazo
2174 1141 2534 1226 adomdnya

712 1251 998 1317 Demeter
1041 1252 1215 1319 bar-si
1235 1252 1517 1340 foispdn
1547 1255 1865 1317 szdmdra.
1915 1249 2107 1317 1280.

503 1447 849 1515 Ladizlaus
896 1449 1021 1517 Dei
1065 1450 1291 1535 gracia
1336 1450 1668 1535 Hungarie
1684 1499 1703 1534 ,
1762 1447 2132 1533 Dalmacie,
2184 1443 2536 1529 Crowacie,

286 1556 535 1636 Rame,
587 1556 810 1624 Seruie
828 1608 847 1643 ,
896 1558 1212 1647 Gallicis,
1261 1557 1637 1625 Lodomerie
1656 1608 1678 1644 ,
1736 1555 2047 1624 Comanie
2107 1551 2539 1639 Bulgarieque

292 1662 435 1730 Rex
488 1664 812 1732 vniuersis
845 1662 1085 1733 Christi
1117 1666 1418 1733 fidelibus
1466 1664 1874 1751 presentibus
1910 1662 2153 1750 pariter
2201 1670 2264 1728 et
2312 1659 2542 1728 futuris
2645 1694 2653 1709 ·

285 1780 621 1858 presentes
655 1773 910 1842 litteras
941 1775 1330 1859 inspecturis
1362 1775 1643 1841 salutem
1675 1774 1741 1840 in
1781 1794 1879 1861 e0,
1919 1775 2028 1859 qui
2063 1772 2347 1858 Regibus
2378 1776 2542 1836 eter-

286 1901 441 1947 nam
495 1880 611 1947 dat
660 1882 955 1951 salutem.
1004 1883 1109 1950 Ad
1160 1884 1603 1952 vniuersorum
1654 1883 1962 1950 noticiam
2025 1890 2245 1951 tenore
2282 1899 2539 1967 presen-

285 1991 460 2057 cium
492 1991 789 2059 volumus
817 1995 1177 2079 peruenire,
1227 1993 1400 2078 quod
1455 1994 1823 2059 Demetrius
1853 1992 2027 2060 filius
2059 1987 2281 2058 Hunth
2314 1988 2542 2056 Comes

286 2098 656 2167 Borsiensis
687 2100 896 2167 fidelis
928 2109 1145 2168 noster
1171 2154 1187 2186 ,
1251 2099 1573 2187 quandam
1624 2106 1863 2168 terram
1916 2097 2536 2168 condicionariorum

285 2214 655 2276 nostrorum
704 2208 921 2295 Chery
972 2217 1268 2278 uocatam
1320 2211 1388 2276 in
1429 2209 1750 2277 Comitatu
1779 2208 2102 2275 Huntensi
2134 2209 2538 2292 existentem,

286 2316 525 2403 petiuit
555 2338 598 2383 a
627 2315 813 2385 nobis
844 2317 967 2383 sibi
998 2315 1176 2403 dari,
1228 2316 1503 2384 dicendo
1555 2317 1828 2385 eandem
1879 2337 2153 2383 uacuam
2194 2325 2257 2382 et
2287 2315 2537 2383 habita·

287 2424 543 2492 toribus
596 2424 990 2493 destitutam.
1070 2427 1308 2492 Verum
1361 2426 1515 2510 quia
1577 2426 1658 2493 de
1721 2424 2040 2509 qualitate
2092 2425 2300 2513 ipsius
2349 2432 2536 2508 terre,

288 2542 511 2601 utrvm
544 2554 754 2601 uacua
782 2534 868 2601 sit
899 2553 1021 2601 nec
1051 2554 1132 2601 ne
1151 2584 1172 2620 ,
1251 2540 1364 2599 aut
1414 2533 1500 2599 ad
1552 2540 1839 2601 nostram
1877 2533 2199 2620 pertineat
2238 2533 2540 2602 collacio-

289 2663 459 2729 nem,
508 2643 699 2709 nobis
728 2642 972 2710 ueritas
1004 2664 1129 2711 non
1162 2643 1500 2710 constabat
1519 2666 1534 2727 ;
1585 2642 1885 2709 fidelibus
1935 2644 2173 2710 nostris
2204 2642 2539 2730 Preposito

288 2758 359 2818 et
391 2748 753 2818 Conuentui
804 2751 884 2818 de
933 2752 1110 2838 Saag
1139 2751 1381 2819 nostris
1412 2750 1642 2818 litteris
1676 2749 2062 2818 dederamus
2096 2749 2161 2818 in
2197 2751 2540 2837 mandatis,

287 2865 365 2925 ut
397 2860 726 2927 mitterent
756 2859 1078 2927 hominem
1110 2861 1395 2948 ipsorum
1426 2857 1825 2944 fidedignum
1858 2882 1972 2946 pro
2007 2859 2374 2927 testimonio
2397 2880 2540 2926 cum

290 2969 579 3054 Ananya
608 2967 868 3036 homine
900 2976 1155 3054 nostro,
1214 2989 1427 3036 coram
1478 2987 1604 3051 quo
1646 2967 1820 3035 idem
1860 2968 2048 3035 homo
2082 2973 2304 3035 noster
2332 2968 2543 3054 predi·

291 3083 468 3142 ctam
500 3084 761 3161 terram,
796 3078 1167 3145 conuocatis
1200 3075 1653 3144 commetaneis
1688 3076 1983 3144 omnibus
2017 3082 2080 3144 et
2111 3076 2343 3144 uicinis
2361 3078 2544 3144 iuxta

289 3191 547 3253 ueteres
608 3191 814 3252 metas
850 3185 1314 3252 reambulando
1377 3190 1694 3252 statueret
1743 3184 1870 3271 ipsi
1919 3183 2248 3251 Demetrio
2310 3182 2542 3251 Comiti

292 3293 785 3381 possidendam,
820 3292 876 3360 si
908 3314 1037 3362 non
1069 3295 1253 3362 fieret
1287 3293 1794 3378 contradictum3
1848 3292 2350 3360 contradictores
2369 3312 2542 3380 uero,

289 3402 349 3468 si
386 3403 495 3486 qui
526 3402 791 3484 fierent,
854 3403 942 3468 ad
993 3410 1276 3471 nostram
1329 3403 1557 3470 citaret
1604 3403 2005 3488 presenciam
2071 3402 2156 3469 ad
2205 3401 2544 3470 terminum

295 3516 790 3597 competentem,
838 3516 904 3578 et
932 3511 1197 3595 posthec
1230 3510 1571 3577 terminum
1603 3511 2023 3596 assignatum,
2069 3511 2336 3579 'nomina
2386 3510 2541 3576 cita-

291 3626 544 3705 torum,
616 3624 682 3685 et
730 3617 932 3685 tocius
981 3616 1137 3685 facti
1179 3619 1413 3685 seriem
1451 3617 1605 3684 dicti
1637 3620 2011 3704 Prepositus
2063 3624 2126 3685 et
2174 3616 2544 3686 conuentus

293 3734 520 3794 nostre
553 3725 835 3793 fideliter
864 3727 1291 3793 rescriberent
1324 3728 1692 3816 Mayestati.
1759 3726 1882 3806 Qui
1938 3726 2194 3794 demum
2228 3727 2414 3794 nobis
2448 3746 2544 3791 re-

292 3836 700 3922 scripserunt
737 3836 806 3902 in
838 3835 959 3902 hec
989 3838 1225 3903 uerba:

516 3942 1083 4010 Excellentissimo
1133 3943 1409 4010 Domino
1447 3964 1563 4011 suo
1594 3943 1901 4012 Ladiziao
1953 3944 2074 4010 stb.
2127 3940 2548 4030 (kovetkezik

298 4070 342 4116 a
371 4050 561 4136 saghi
596 4053 1015 4118 konventnek
1035 4053 1382 4137 jelentese,
1430 4054 1592 4120 mint
1630 4052 1827 4120 alabb
1857 4074 1900 4119 a
1931 4057 2081 4122 206.
2115 4073 2203 4120 sz.
2238 4051 2330 4141 a.)

516 4160 654 4225 Nos
706 4161 905 4245 igitur
955 4160 1385 4228 consideratis
1435 4159 1861 4228 fidelitatibus
1924 4167 1988 4238 et
2046 4159 2337 4246 seruicijs
2389 4159 2549 4226 dicti

302 4268 616 4352 Demetrij
653 4267 946 4356 Comitis,
995 4288 1121 4351 que
1159 4275 1224 4336 et
1261 4288 1421 4352 quas
1454 4267 1625 4336 idem
1656 4268 1846 4336 nobis
1877 4269 1944 4335 in
1978 4267 2251 4336 diuersis
2286 4268 2549 4353 expedi·

303 4375 594 4443 cionibus
626 4376 837 4460 Regni
869 4378 1078 4443 nostri
1112 4375 1398 4444 exhibuit
1432 4377 1852 4445 laudabiliter
1901 4384 1966 4444 et
2014 4375 2281 4462 deuote,
2327 4382 2394 4444 et
2443 4397 2549 4442 ex·

305 4484 524 4551 hibere
555 4484 791 4571 poterit
823 4485 890 4550 in
920 4485 1241 4569 futurum3
1302 4486 1814 4569 prenominatam
1846 4491 2081 4552 terram
2116 4483 2330 4573 Chery
2358 4504 2547 4551 uoca-

305 4599 437 4659 tam
498 4614 642 4660 cum
702 4593 997 4660 omnibus
1061 4593 1450 4662 utilitatibus
1511 4594 1643 4661 suis
1709 4596 1830 4661 sub
1893 4593 2176 4676 antiquis
2239 4592 2429 4659 metis
2487 4599 2552 4658 et

305 4702 613 4789 terminis,
665 4704 894 4786 quibus
947 4701 1170 4770 eadem
1221 4723 1336 4787 per
1372 4703 1621 4788 priores
1653 4723 1803 4771 suos
1836 4722 2239 4787 possessores
2271 4702 2556 4768 limitata

398 4840 598 4879 norrun.
628 4839 791 4876 ntnm.
824 4840 961 4878 rnsr.
991 4850 1079 4861 —
1113 4841 1333 4880 mrnou.
1405 4835 1476 4878 17.
2159 4816 2237 4880 18
