<?xml version="1.0" encoding="UTF-8"?>
<!DOCTYPE html PUBLIC "-//W3C//DTD XHTML 1.0 Transitional//EN"
    "http://www.w3.org/TR/xhtml1/DTD/xhtml1-transitional.dtd">
<html xmlns="http://www.w3.org/1999/xhtml" xml:lang="en" lang="en">
 <head>
  <title>
</title>
<meta http-equiv="Content-Type" content="text/html;charset=utf-8" />
  <meta name='ocr-system' content='tesseract 3.04.00' />
  <meta name='ocr-capabilities' content='ocr_page ocr_carea ocr_par ocr_line ocrx_word'/>
</head>
<body>
  <div class='ocr_page' id='page_1' title='image "./rpdkorijokmnytr00wenzgoog_0434.png"; bbox 0 0 3319 5249; ppageno 0'>
   <div class='ocr_carea' id='block_1_1' title="bbox 1723 408 1850 476">
    <p class='ocr_par' dir='ltr' id='par_1_1' title="bbox 1723 408 1850 476">
     <span class='ocr_line' id='line_1_1' title="bbox 1723 408 1850 476; baseline 0.031 -4"><span class='ocrx_word' id='word_1_1' title='bbox 1723 408 1850 476; x_wconf 88' lang='lat'><strong>358</strong></span> 
     </span>
    </p>
   </div>
   <div class='ocr_carea' id='block_1_2' title="bbox 1623 498 1939 507">
    <p class='ocr_par' dir='ltr' id='par_1_2' title="bbox 1623 498 1939 507">
     <span class='ocr_line' id='line_1_2' title="bbox 1623 498 1939 507; baseline 0 4742"><span class='ocrx_word' id='word_1_2' title='bbox 1623 498 1939 507; x_wconf 95' lang='lat' dir='ltr'><strong> </strong></span> 
     </span>
    </p>
   </div>
   <div class='ocr_carea' id='block_1_3' title="bbox 1711 1161 1862 1228">
    <p class='ocr_par' dir='ltr' id='par_1_3' title="bbox 1711 1161 1862 1228">
     <span class='ocr_line' id='line_1_3' title="bbox 1711 1161 1862 1228; baseline -0.007 0"><span class='ocrx_word' id='word_1_3' title='bbox 1711 1161 1862 1228; x_wconf 74' lang='lat'>255.</span> 
     </span>
    </p>
   </div>
   <div class='ocr_carea' id='block_1_4' title="bbox 669 1337 2897 1682">
    <p class='ocr_par' dir='ltr' id='par_1_4' title="bbox 669 1337 2897 1682">
     <span class='ocr_line' id='line_1_4' title="bbox 669 1337 2879 1467; baseline -0 -21"><span class='ocrx_word' id='word_1_4' title='bbox 669 1384 955 1451; x_wconf 61' lang='lat' dir='ltr'><strong>Erzedbet</strong></span> <span class='ocrx_word' id='word_1_5' title='bbox 1012 1380 1256 1448; x_wconf 70' lang='grc' dir='ltr'><em>’ἰάὅεώὂ</em></span> <span class='ocrx_word' id='word_1_6' title='bbox 1319 1337 1763 1465; x_wconf 45' lang='lat' dir='ltr'><strong>kira&#39;lyndnak</strong></span> <span class='ocrx_word' id='word_1_7' title='bbox 1822 1381 2065 1446; x_wconf 80' lang='lat' dir='ltr'><strong>Orbova</strong></span> <span class='ocrx_word' id='word_1_8' title='bbox 2110 1381 2326 1467; x_wconf 66' lang='lat' dir='ltr'><strong>fvldaeit</strong></span> <span class='ocrx_word' id='word_1_9' title='bbox 2386 1382 2700 1466; x_wconf 67' lang='lat' dir='ltr'><strong>tdryyazd</strong></span> <span class='ocrx_word' id='word_1_10' title='bbox 2729 1379 2879 1445; x_wconf 77' lang='lat' dir='ltr'><strong>ado-</strong></span> 
     </span>
     <span class='ocr_line' id='line_1_5' title="bbox 672 1486 2897 1576; baseline -0.001 -21"><span class='ocrx_word' id='word_1_11' title='bbox 672 1497 909 1576; x_wconf 78' lang='lat' dir='ltr'><strong>ma‘nya</strong></span> <span class='ocrx_word' id='word_1_12' title='bbox 941 1489 1236 1556; x_wconf 80' lang='lat' dir='ltr'><strong>Benedek</strong></span> <span class='ocrx_word' id='word_1_13' title='bbox 1256 1512 1449 1555; x_wconf 71' lang='lat' dir='ltr'><strong>comes</strong></span> <span class='ocrx_word' id='word_1_14' title='bbox 1486 1488 1728 1554; x_wconf 79' lang='lat' dir='ltr'><strong>Joance</strong></span> <span class='ocrx_word' id='word_1_15' title='bbox 1746 1490 1850 1572; x_wconf 84' lang='lat' dir='ltr'><strong>fia</strong></span> <span class='ocrx_word' id='word_1_16' title='bbox 1887 1494 2229 1571; x_wconf 75' lang='lat' dir='ltr'><strong>szdmcira5</strong></span> <span class='ocrx_word' id='word_1_17' title='bbox 2261 1486 2385 1552; x_wconf 90' lang='lat' dir='ltr'><strong>IV.</strong></span> <span class='ocrx_word' id='word_1_18' title='bbox 2422 1489 2652 1554; x_wconf 68' lang='lat' dir='ltr'><strong>Ldszld</strong></span> <span class='ocrx_word' id='word_1_19' title='bbox 2680 1486 2897 1574; x_wconf 72' lang='lat' dir='ltr'><strong>kirdly</strong></span> 
     </span>
     <span class='ocr_line' id='line_1_6' title="bbox 1354 1593 2215 1682; baseline -0.002 -21"><span class='ocrx_word' id='word_1_20' title='bbox 1354 1597 1519 1661; x_wconf 78' lang='lat' dir='ltr'><strong>a&#39;ltal</strong></span> <span class='ocrx_word' id='word_1_21' title='bbox 1548 1601 1977 1682; x_wconf 62' lang='lat' dir='ltr'><strong>meyerlisitve.</strong></span> <span class='ocrx_word' id='word_1_22' title='bbox 2022 1593 2215 1659; x_wconf 82' lang='grc'><strong><em>1283.</em></strong></span> 
     </span>
    </p>
   </div>
   <div class='ocr_carea' id='block_1_5' title="bbox 661 1811 2903 3097">
    <p class='ocr_par' dir='ltr' id='par_1_5' title="bbox 661 1811 2903 3097">
     <span class='ocr_line' id='line_1_7' title="bbox 873 1811 2894 1897; baseline 0 -20"><span class='ocrx_word' id='word_1_23' title='bbox 873 1812 1342 1880; x_wconf 87' lang='lat' dir='ltr'><strong>Donationales</strong></span> <span class='ocrx_word' id='word_1_24' title='bbox 1375 1813 1639 1879; x_wconf 85' lang='lat' dir='ltr'><strong>maioris</strong></span> <span class='ocrx_word' id='word_1_25' title='bbox 1694 1813 1979 1897; x_wconf 81' lang='lat' dir='ltr'>Reginae</span> <span class='ocrx_word' id='word_1_26' title='bbox 2024 1811 2446 1879; x_wconf 86' lang='lat' dir='ltr'><strong>Elisabethae</strong></span> <span class='ocrx_word' id='word_1_27' title='bbox 2495 1831 2691 1895; x_wconf 86' lang='lat' dir='ltr'><strong>super</strong></span> <span class='ocrx_word' id='word_1_28' title='bbox 2723 1821 2894 1879; x_wconf 84' lang='lat' dir='ltr'><strong>terra</strong></span> 
     </span>
     <span class='ocr_line' id='line_1_8' title="bbox 661 1917 2901 2007; baseline 0.002 -22"><span class='ocrx_word' id='word_1_29' title='bbox 661 1922 879 1988; x_wconf 84' lang='lat' dir='ltr'><strong>Vrboa</strong></span> <span class='ocrx_word' id='word_1_30' title='bbox 925 1939 1038 1986; x_wconf 88' lang='lat' dir='ltr'><strong>seu</strong></span> <span class='ocrx_word' id='word_1_31' title='bbox 1070 1921 1348 2007; x_wconf 83' lang='lat' dir='ltr'><strong>Orbova,</strong></span> <span class='ocrx_word' id='word_1_32' title='bbox 1400 1941 1595 2005; x_wconf 90' lang='lat' dir='ltr'><strong>quam</strong></span> <span class='ocrx_word' id='word_1_33' title='bbox 1649 1919 1804 1988; x_wconf 84' lang='lat' dir='ltr'><strong>lieet</strong></span> <span class='ocrx_word' id='word_1_34' title='bbox 1854 1919 2021 1988; x_wconf 86' lang='lat' dir='ltr'><strong>alias</strong></span> <span class='ocrx_word' id='word_1_35' title='bbox 2072 1917 2294 1988; x_wconf 84' lang='lat' dir='ltr'><strong>eadem</strong></span> <span class='ocrx_word' id='word_1_36' title='bbox 2329 1921 2582 2005; x_wconf 84' lang='lat' dir='ltr'><strong>Regina</strong></span> <span class='ocrx_word' id='word_1_37' title='bbox 2611 1922 2901 1989; x_wconf 86' lang='lat' dir='ltr'><strong>Thomae</strong></span> 
     </span>
     <span class='ocr_line' id='line_1_9' title="bbox 661 2020 2896 2115; baseline 0 -20"><span class='ocrx_word' id='word_1_38' title='bbox 661 2030 793 2096; x_wconf 80' lang='lat' dir='ltr'><strong>filio</strong></span> <span class='ocrx_word' id='word_1_39' title='bbox 826 2029 1129 2115; x_wconf 86' lang='lat' dir='ltr'><strong>Cornelii,</strong></span> <span class='ocrx_word' id='word_1_40' title='bbox 1162 2036 1225 2095; x_wconf 85' lang='lat' dir='ltr'><strong>et</strong></span> <span class='ocrx_word' id='word_1_41' title='bbox 1257 2029 1489 2096; x_wconf 86' lang='lat' dir='ltr'><strong>Joanni</strong></span> <span class='ocrx_word' id='word_1_42' title='bbox 1523 2020 1651 2096; x_wconf 84' lang='lat' dir='ltr'><strong>filio</strong></span> <span class='ocrx_word' id='word_1_43' title='bbox 1694 2030 1949 2095; x_wconf 78' lang='lat' dir='ltr'><strong>Nicolai</strong></span> <span class='ocrx_word' id='word_1_44' title='bbox 1991 2030 2071 2096; x_wconf 89' lang='lat' dir='ltr'><strong>de</strong></span> <span class='ocrx_word' id='word_1_45' title='bbox 2103 2049 2350 2113; x_wconf 85' lang='lat' dir='ltr'><strong>genera</strong></span> <span class='ocrx_word' id='word_1_46' title='bbox 2381 2030 2567 2095; x_wconf 85' lang='lat' dir='ltr'><strong>Chak</strong></span> <span class='ocrx_word' id='word_1_47' title='bbox 2600 2031 2896 2097; x_wconf 83' lang='lat' dir='ltr'><strong>eontulis-</strong></span> 
     </span>
     <span class='ocr_line' id='line_1_10' title="bbox 661 2139 2894 2225; baseline 0.001 -21"><span class='ocrx_word' id='word_1_48' title='bbox 661 2148 780 2224; x_wconf 83' lang='lat' dir='ltr'><strong>set,</strong></span> <span class='ocrx_word' id='word_1_49' title='bbox 813 2146 1038 2223; x_wconf 87' lang='lat' dir='ltr'><strong>postea</strong></span> <span class='ocrx_word' id='word_1_50' title='bbox 1067 2145 1283 2205; x_wconf 89' lang='lat' dir='ltr'><strong>tamen</strong></span> <span class='ocrx_word' id='word_1_51' title='bbox 1316 2141 1399 2205; x_wconf 90' lang='lat' dir='ltr'><strong>ab</strong></span> <span class='ocrx_word' id='word_1_52' title='bbox 1450 2139 1678 2207; x_wconf 88' lang='lat' dir='ltr'><strong>iisdem</strong></span> <span class='ocrx_word' id='word_1_53' title='bbox 1710 2146 2060 2225; x_wconf 78' lang='lat' dir='ltr'><strong>receperat,</strong></span> <span class='ocrx_word' id='word_1_54' title='bbox 2112 2159 2224 2224; x_wconf 92' lang='lat' dir='ltr'><strong>pro</strong></span> <span class='ocrx_word' id='word_1_55' title='bbox 2259 2140 2509 2207; x_wconf 88' lang='lat' dir='ltr'><strong>Comite</strong></span> <span class='ocrx_word' id='word_1_56' title='bbox 2546 2139 2894 2208; x_wconf 82' lang='lat' dir='ltr'><strong>Benedieto</strong></span> 
     </span>
     <span class='ocr_line' id='line_1_11' title="bbox 664 2246 2896 2333; baseline 0 -21"><span class='ocrx_word' id='word_1_57' title='bbox 664 2248 797 2313; x_wconf 87' lang='lat' dir='ltr'><strong>filio</strong></span> <span class='ocrx_word' id='word_1_58' title='bbox 829 2246 1073 2317; x_wconf 86' lang='lat' dir='ltr'><strong>Joanee</strong></span> <span class='ocrx_word' id='word_1_59' title='bbox 1106 2257 1169 2313; x_wconf 89' lang='lat' dir='ltr'><strong>et</strong></span> <span class='ocrx_word' id='word_1_60' title='bbox 1201 2250 1339 2316; x_wconf 87' lang='lat' dir='ltr'><strong>eius</strong></span> <span class='ocrx_word' id='word_1_61' title='bbox 1371 2246 1717 2316; x_wconf 84' lang='lat' dir='ltr'><strong>heredibus</strong></span> <span class='ocrx_word' id='word_1_62' title='bbox 1765 2246 2199 2332; x_wconf 83' lang='lat' dir='ltr'><strong>heredumque</strong></span> <span class='ocrx_word' id='word_1_63' title='bbox 2231 2250 2734 2333; x_wconf 78' lang='lat' dir='ltr'><strong>successoribus,</strong></span> <span class='ocrx_word' id='word_1_64' title='bbox 2766 2256 2896 2314; x_wconf 88' lang='lat' dir='ltr'><strong>tum</strong></span> 
     </span>
     <span class='ocr_line' id='line_1_12' title="bbox 666 2355 2902 2444; baseline 0.001 -26"><span class='ocrx_word' id='word_1_65' title='bbox 666 2355 730 2420; x_wconf 90' lang='lat' dir='ltr'><strong>in</strong></span> <span class='ocrx_word' id='word_1_66' title='bbox 765 2356 1231 2422; x_wconf 82' lang='lat' dir='ltr'><strong>comcambium</strong></span> <span class='ocrx_word' id='word_1_67' title='bbox 1263 2359 1697 2440; x_wconf 72' lang='lat' dir='ltr'><strong>possessionis</strong></span> <span class='ocrx_word' id='word_1_68' title='bbox 1730 2357 1931 2442; x_wconf 89' lang='lat' dir='ltr'><strong>ipsius</strong></span> <span class='ocrx_word' id='word_1_69' title='bbox 1962 2356 2326 2444; x_wconf 80' lang='lat' dir='ltr'><strong>Podgorya,</strong></span> <span class='ocrx_word' id='word_1_70' title='bbox 2358 2378 2551 2441; x_wconf 88' lang='lat' dir='ltr'><strong>quam</strong></span> <span class='ocrx_word' id='word_1_71' title='bbox 2582 2380 2624 2424; x_wconf 84' lang='lat' dir='ltr'><strong>a</strong></span> <span class='ocrx_word' id='word_1_72' title='bbox 2655 2357 2902 2425; x_wconf 81' lang='lat' dir='ltr'><strong>Mathia</strong></span> 
     </span>
     <span class='ocr_line' id='line_1_13' title="bbox 671 2461 2903 2552; baseline 0.004 -26"><span class='ocrx_word' id='word_1_73' title='bbox 671 2472 734 2530; x_wconf 83' lang='lat' dir='ltr'><strong>et</strong></span> <span class='ocrx_word' id='word_1_74' title='bbox 764 2464 960 2530; x_wconf 86' lang='lat' dir='ltr'><strong>Petro</strong></span> <span class='ocrx_word' id='word_1_75' title='bbox 993 2461 1146 2529; x_wconf 88' lang='lat' dir='ltr'><strong>filiis</strong></span> <span class='ocrx_word' id='word_1_76' title='bbox 1183 2465 1517 2531; x_wconf 83' lang='lat' dir='ltr'><strong>Mortunus</strong></span> <span class='ocrx_word' id='word_1_77' title='bbox 1568 2463 1774 2551; x_wconf 86' lang='lat' dir='ltr'><strong>pretio</strong></span> <span class='ocrx_word' id='word_1_78' title='bbox 1815 2467 2246 2550; x_wconf 81' lang='lat' dir='ltr'><strong>comparavit,</strong></span> <span class='ocrx_word' id='word_1_79' title='bbox 2300 2486 2443 2531; x_wconf 85' lang='lat' dir='ltr'><strong>eum</strong></span> <span class='ocrx_word' id='word_1_80' title='bbox 2493 2468 2688 2534; x_wconf 90' lang='lat' dir='ltr'><strong>etiam</strong></span> <span class='ocrx_word' id='word_1_81' title='bbox 2746 2487 2903 2552; x_wconf 86' lang='lat' dir='ltr'><strong>erga</strong></span> 
     </span>
     <span class='ocr_line' id='line_1_14' title="bbox 664 2567 2890 2658; baseline 0.002 -21"><span class='ocrx_word' id='word_1_82' title='bbox 664 2567 1142 2657; x_wconf 82' lang='lat' dir='ltr'><strong>superadditas,</strong></span> <span class='ocrx_word' id='word_1_83' title='bbox 1172 2573 1332 2638; x_wconf 88' lang='lat' dir='ltr'><strong>etin</strong></span> <span class='ocrx_word' id='word_1_84' title='bbox 1380 2572 1672 2640; x_wconf 84' lang='lat' dir='ltr'><strong>Ladislai</strong></span> <span class='ocrx_word' id='word_1_85' title='bbox 1702 2571 1899 2658; x_wconf 86' lang='lat' dir='ltr'><strong>Regis</strong></span> <span class='ocrx_word' id='word_1_86' title='bbox 1947 2572 2061 2640; x_wconf 86' lang='lat' dir='ltr'><strong>filii</strong></span> <span class='ocrx_word' id='word_1_87' title='bbox 2114 2575 2214 2639; x_wconf 90' lang='lat' dir='ltr'><strong>sui</strong></span> <span class='ocrx_word' id='word_1_88' title='bbox 2255 2594 2291 2639; x_wconf 92' lang='lat' dir='ltr'><strong>e</strong></span> <span class='ocrx_word' id='word_1_89' title='bbox 2322 2576 2721 2656; x_wconf 83' lang='lat' dir='ltr'><strong>quorundam</strong></span> <span class='ocrx_word' id='word_1_90' title='bbox 2755 2575 2890 2642; x_wconf 87' lang='lat' dir='ltr'><strong>infi-</strong></span> 
     </span>
     <span class='ocr_line' id='line_1_15' title="bbox 664 2678 2903 2769; baseline 0.004 -26"><span class='ocrx_word' id='word_1_91' title='bbox 664 2678 904 2744; x_wconf 89' lang='lat' dir='ltr'><strong>delium</strong></span> <span class='ocrx_word' id='word_1_92' title='bbox 956 2680 1341 2766; x_wconf 80' lang='lat' dir='ltr'><strong>captivitate</strong></span> <span class='ocrx_word' id='word_1_93' title='bbox 1392 2682 1846 2749; x_wconf 85' lang='lat' dir='ltr'><strong>redemtionem</strong></span> <span class='ocrx_word' id='word_1_94' title='bbox 1901 2701 2247 2749; x_wconf 81' lang='lat' dir='ltr'><strong>conversas</strong></span> <span class='ocrx_word' id='word_1_95' title='bbox 2303 2688 2436 2752; x_wconf 80' lang='lat'><strong>200</strong></span> <span class='ocrx_word' id='word_1_96' title='bbox 2474 2704 2728 2751; x_wconf 84' lang='lat' dir='ltr'><strong>mareas</strong></span> <span class='ocrx_word' id='word_1_97' title='bbox 2752 2686 2903 2769; x_wconf 83' lang='lat' dir='ltr'><strong>jure</strong></span> 
     </span>
     <span class='ocr_line' id='line_1_16' title="bbox 662 2792 2901 2878; baseline 0.004 -27"><span class='ocrx_word' id='word_1_98' title='bbox 662 2794 977 2871; x_wconf 88' lang='lat' dir='ltr'><strong>perpetuo</strong></span> <span class='ocrx_word' id='word_1_99' title='bbox 1009 2807 1391 2874; x_wconf 77' lang='lat' dir='ltr'><strong>concessae3</strong></span> <span class='ocrx_word' id='word_1_100' title='bbox 1445 2811 1617 2856; x_wconf 81' lang='lat' dir='ltr'><strong>anno</strong></span> <span class='ocrx_word' id='word_1_101' title='bbox 1650 2811 1801 2857; x_wconf 90' lang='lat' dir='ltr'><strong>vero</strong></span> <span class='ocrx_word' id='word_1_102' title='bbox 1840 2794 2028 2858; x_wconf 79' lang='lat'>1283.</span> <span class='ocrx_word' id='word_1_103' title='bbox 2068 2810 2184 2876; x_wconf 87' lang='lat' dir='ltr'><strong>per</strong></span> <span class='ocrx_word' id='word_1_104' title='bbox 2212 2792 2644 2878; x_wconf 87' lang='lat' dir='ltr'><strong>praelibatum</strong></span> <span class='ocrx_word' id='word_1_105' title='bbox 2678 2793 2901 2861; x_wconf 87' lang='lat' dir='ltr'><strong>Ladis-</strong></span> 
     </span>
     <span class='ocr_line' id='line_1_17' title="bbox 668 2896 2900 2989; baseline 0.005 -30"><span class='ocrx_word' id='word_1_106' title='bbox 668 2898 834 2961; x_wconf 74' lang='lat' dir='ltr'><strong>laum</strong></span> <span class='ocrx_word' id='word_1_107' title='bbox 867 2896 1110 2978; x_wconf 87' lang='lat' dir='ltr'><strong>Regem</strong></span> <span class='ocrx_word' id='word_1_108' title='bbox 1143 2917 1259 2983; x_wconf 88' lang='lat' dir='ltr'><strong>pro</strong></span> <span class='ocrx_word' id='word_1_109' title='bbox 1291 2898 1511 2965; x_wconf 85' lang='lat' dir='ltr'><strong>eodem</strong></span> <span class='ocrx_word' id='word_1_110' title='bbox 1556 2898 1902 2967; x_wconf 84' lang='lat' dir='ltr'><strong>Benedieto</strong></span> <span class='ocrx_word' id='word_1_111' title='bbox 1955 2897 2299 2966; x_wconf 84' lang='lat' dir='ltr'><strong>donatario</strong></span> <span class='ocrx_word' id='word_1_112' title='bbox 2331 2902 2785 2989; x_wconf 74' lang='lat' dir='ltr'><strong>oonfirmatae3</strong></span> <span class='ocrx_word' id='word_1_113' title='bbox 2821 2924 2900 2970; x_wconf 85' lang='lat' dir='ltr'><strong>ae</strong></span> 
     </span>
     <span class='ocr_line' id='line_1_18' title="bbox 663 3005 2885 3097; baseline 0.005 -27"><span class='ocrx_word' id='word_1_114' title='bbox 663 3005 921 3071; x_wconf 80' lang='lat' dir='ltr'><strong>tandem</strong></span> <span class='ocrx_word' id='word_1_115' title='bbox 961 3010 1150 3075; x_wconf 86' lang='lat'>1370.</span> <span class='ocrx_word' id='word_1_116' title='bbox 1184 3028 1300 3093; x_wconf 88' lang='lat' dir='ltr'><strong>pro</strong></span> <span class='ocrx_word' id='word_1_117' title='bbox 1332 3006 1586 3075; x_wconf 83' lang='lat' dir='ltr'><strong>Joanne</strong></span> <span class='ocrx_word' id='word_1_118' title='bbox 1635 3010 1770 3076; x_wconf 90' lang='lat' dir='ltr'><strong>filio</strong></span> <span class='ocrx_word' id='word_1_119' title='bbox 1818 3010 2102 3078; x_wconf 88' lang='lat' dir='ltr'><strong>Simonis</strong></span> <span class='ocrx_word' id='word_1_120' title='bbox 2154 3011 2236 3078; x_wconf 91' lang='lat' dir='ltr'><strong>de</strong></span> <span class='ocrx_word' id='word_1_121' title='bbox 2287 3012 2545 3096; x_wconf 85' lang='lat' dir='ltr'><strong>Velyke</strong></span> <span class='ocrx_word' id='word_1_122' title='bbox 2594 3031 2749 3097; x_wconf 84' lang='lat' dir='ltr'><strong>erga</strong></span> <span class='ocrx_word' id='word_1_123' title='bbox 2780 3034 2885 3081; x_wconf 83' lang='lat' dir='ltr'><strong>ex-</strong></span> 
     </span>
    </p>
   </div>
   <div class='ocr_carea' id='block_1_6' title="bbox 661 3115 2893 3289">
    <p class='ocr_par' dir='ltr' id='par_1_6' title="bbox 661 3115 2893 3289">
     <span class='ocr_line' id='line_1_19' title="bbox 664 3115 2893 3209; baseline 0.005 -32"><span class='ocrx_word' id='word_1_124' title='bbox 664 3116 1036 3182; x_wconf 88' lang='lat' dir='ltr'><strong>hibitionem</strong></span> <span class='ocrx_word' id='word_1_125' title='bbox 1066 3115 1133 3180; x_wconf 92' lang='lat' dir='ltr'><strong>in</strong></span> <span class='ocrx_word' id='word_1_126' title='bbox 1166 3116 1467 3202; x_wconf 77' lang='lat' dir='ltr'><strong>capitulo</strong></span> <span class='ocrx_word' id='word_1_127' title='bbox 1517 3118 1704 3187; x_wconf 88' lang='lat' dir='ltr'><strong>Beati</strong></span> <span class='ocrx_word' id='word_1_128' title='bbox 1753 3119 1928 3188; x_wconf 85' lang='lat' dir='ltr'><strong>Petri</strong></span> <span class='ocrx_word' id='word_1_129' title='bbox 1979 3119 2063 3187; x_wconf 88' lang='lat' dir='ltr'><strong>de</strong></span> <span class='ocrx_word' id='word_1_130' title='bbox 2093 3122 2347 3206; x_wconf 86' lang='lat' dir='ltr'><strong>Posega</strong></span> <span class='ocrx_word' id='word_1_131' title='bbox 2399 3127 2893 3209; x_wconf 85' lang='lat' dir='ltr'><strong>transsumptae.</strong></span> 
     </span>
     <span class='ocr_line' id='line_1_20' title="bbox 661 3222 1209 3289; baseline 0.002 -2"><span class='ocrx_word' id='word_1_132' title='bbox 661 3222 791 3288; x_wconf 83' lang='lat' dir='ltr'><strong>Sub</strong></span> <span class='ocrx_word' id='word_1_133' title='bbox 824 3223 1209 3289; x_wconf 82' lang='lat' dir='ltr'><strong>authentica.</strong></span> 
     </span>
    </p>
   </div>
   <div class='ocr_carea' id='block_1_7' title="bbox 661 3420 2900 3603">
    <p class='ocr_par' dir='ltr' id='par_1_7' title="bbox 661 3420 2900 3603">
     <span class='ocr_line' id='line_1_21' title="bbox 661 3420 2900 3517; baseline 0.007 -31"><span class='ocrx_word' id='word_1_134' title='bbox 661 3439 725 3487; x_wconf 72' lang='lat' dir='ltr'><strong>(A</strong></span> <span class='ocrx_word' id='word_1_135' title='bbox 757 3439 921 3489; x_wconf 75' lang='lat' dir='ltr'><strong>budai</strong></span> <span class='ocrx_word' id='word_1_136' title='bbox 951 3442 1053 3491; x_wconf 87' lang='lat' dir='ltr'><strong>kir.</strong></span> <span class='ocrx_word' id='word_1_137' title='bbox 1094 3420 1338 3495; x_wconf 77' lang='lat' dir='ltr'><strong>kamarai</strong></span> <span class='ocrx_word' id='word_1_138' title='bbox 1364 3440 1597 3496; x_wconf 70' lang='lat' dir='ltr'><strong>leveltar</strong></span> <span class='ocrx_word' id='word_1_139' title='bbox 1640 3445 2254 3515; x_wconf 61' lang='lat' dir='ltr'><strong>lajstromkbnyveibo&#39;h</strong></span> <span class='ocrx_word' id='word_1_140' title='bbox 2285 3462 2350 3500; x_wconf 72' lang='lat' dir='ltr'><strong>az</strong></span> <span class='ocrx_word' id='word_1_141' title='bbox 2375 3448 2578 3503; x_wconf 82' lang='lat' dir='ltr'><strong>eredeti</strong></span> <span class='ocrx_word' id='word_1_142' title='bbox 2617 3446 2900 3517; x_wconf 60' lang='lat' dir='ltr'><strong>Zfigrabba</strong></span> 
     </span>
     <span class='ocr_line' id='line_1_22' title="bbox 1663 3536 1916 3603; baseline 0.012 -18"><span class='ocrx_word' id='word_1_143' title='bbox 1663 3536 1916 3603; x_wconf 75' lang='lat' dir='ltr'><strong>vitotett.)</strong></span> 
     </span>
    </p>
   </div>
   <div class='ocr_carea' id='block_1_8' title="bbox 1573 3899 1989 3910">
    <p class='ocr_par' dir='ltr' id='par_1_8' title="bbox 1573 3899 1989 3910">
     <span class='ocr_line' id='line_1_23' title="bbox 1573 3899 1989 3910; baseline 0.012 -7"><span class='ocrx_word' id='word_1_144' title='bbox 1573 3900 1583 3904; x_wconf 87' lang='lat'><strong>-</strong></span> <span class='ocrx_word' id='word_1_145' title='bbox 1597 3899 1905 3910; x_wconf 38' lang='lat'><strong>-,.—4..*..,-.—.</strong></span> <span class='ocrx_word' id='word_1_146' title='bbox 1920 3902 1989 3909; x_wconf 64' lang='lat'><strong>,-</strong></span> 
     </span>
    </p>
   </div>
  </div>
 </body>
</html>
