3319 5249
1893 287 2025 376 334

831 493 1188 592 admittere,
1224 510 1288 575 et
1319 502 1554 574 nostris
1588 510 1965 593 patentibus
1986 506 2216 574 litteris
2238 508 2617 573 confirmare
2636 496 3072 593 dignaremur.

832 616 968 682 Nos
1018 615 1236 699 itaque
1267 614 1624 702 peticiones
1664 615 1869 699 ipsius
1903 614 2169 682 Comitis
2200 616 2367 700 Elye
2400 615 2608 681 iustas
2641 621 2706 681 et
2738 614 3075 698 legitimas

829 722 1031 807 Regio
1080 723 1457 790 admisimus
1508 744 1649 790 cum
1700 725 1961 811 fauore,
2026 724 2383 810 predictam
2435 730 2671 790 terram
2723 721 3079 809 Kuskyrch

831 830 1082 897 eisdem
1130 832 1397 917 Symoni
1448 837 1512 896 et
1557 833 1768 922 Petro,
1820 834 2245 902 seruientibus
2297 831 2451 898 dicti
2482 829 2750 898 Comitis
2781 830 2974 916 Elye,
3011 828 3080 893 in

830 939 994 1007 filios
1024 939 1298 1006 filiorum
1332 939 1713 1008 auctoritate
1744 942 2146 1028 presencium
2178 937 2612 1008 confirmando
2644 938 2918 1005 fecimus
2944 948 3073 1003 sta·

830 1048 999 1114 biliri
1032 1047 1099 1113 in
1131 1054 1503 1132 perpetuum
1539 1049 2035 1140 possidendam3
2071 1047 2605 1134 quemadmodum
2645 1047 2815 1114 idem
2835 1047 3071 1113 Comes

838 1152 1039 1239 Elyas
1070 1155 1275 1221 tenuit
1306 1162 1370 1221 et
1400 1152 1687 1240 possedit
1715 1176 1917 1239 usque
1948 1156 2156 1223 modo.
2189 1156 2430 1222 Datum
2465 1156 2586 1224 sub
2619 1161 2834 1220 castro
2867 1152 3079 1221 Potok

832 1261 897 1326 in
959 1262 1126 1329 sesto
1197 1261 1398 1329 Marie
1460 1262 1847 1347 Magdalene
1907 1285 2075 1332 anno
2139 1263 2399 1330 Domini
2461 1264 2557 1328 M⁰
2616 1261 2746 1328 CC⁰
2803 1258 3084 1327 LXXX⁰

837 1369 1144 1441 secundo.

833 1569 1114 1636 (Eredetie
1158 1568 1505 1640 bb'rhartyan,
1533 1587 1567 1622 a
1591 1563 1746 1623 hatul
1791 1572 1893 1622 oda
1937 1578 2180 1637 nyomott
2205 1569 2499 1638 pecsetnek
2524 1569 2780 1622 wredeke
2806 1585 3041 1635 megvan
3070 1585 3083 1630 ς

1436 1677 1470 1711 a
1495 1663 1601 1712 tek.
1629 1659 1831 1728 Kallay
1858 1659 2042 1714 csalad
2067 1658 2482 1727 leveltaraban.)

1751 1952 2171 1962 -—.-——-

1884 2475 2035 2544 238.

834 2694 954 2762 IV.
1005 2695 1274 2761 Μάνιῡη
1309 2695 1493 2783 pcipa
1542 2697 1993 2761 Bonaventura
2041 2696 2312 2780 raquzai
2343 2694 2626 2761 erseknek
2655 2719 2698 2760 a
2721 2694 3065 2781 pallinmot

1727 2804 1935 2870 kizldi.
1981 2802 2174 2870 1282.

1044 3020 1353 3087 Martinus
1417 3017 1775 3105 Episcopus
1836 3039 2062 3088 servus
2123 3039 2454 3089 servorum
2515 3022 2640 3089 Dei
2716 3017 3064 3089 venerabili

832 3127 1015 3196 fratri
1064 3131 1516 3198 Bonaventure
1566 3129 2067 3218 Archiepiscopo
2117 3132 2451 3215 Ragusino
2494 3132 2766 3202 salutem
2801 3137 2869 3199 et
2903 3130 3063 3219 Apo·

833 3238 1124 3305 stolicam
1158 3236 1681 3306 benedictionem.
1720 3238 1876 3305 Cum
1908 3240 2213 3325 palleum,
2246 3240 2501 3325 insigne
2548 3240 2854 3309 videlicet
2914 3242 3063 3307 Pon·

833 3348 1087 3413 tificalis
1123 3347 1338 3431 officii,
1383 3368 1460 3413 ex
1493 3355 1679 3432 parte
1710 3354 1824 3414 tua
1855 3348 2086 3416 fuisset
2116 3370 2158 3413 a
2189 3350 2374 3416 nobis
2404 3371 2519 3435 per
2546 3357 2610 3418 te
2642 3371 2784 3417 cum
2815 3371 2915 3437 ea,
2948 3365 3064 3432 qua

836 3457 1038 3542 decet,
1070 3456 1380 3523 instantia
1411 3456 1835 3543 postulatum3
1871 3477 1989 3524 nos
2023 3457 2152 3525 tuis
2183 3458 2767 3545 supplicationibus
2789 3474 3059 3523 annuen-

834 3573 929 3632 tes
984 3565 1196 3651 ipsum
1249 3562 1329 3630 de
1382 3585 1644 3650 corpore
1696 3567 1881 3633 Beati
1912 3564 2091 3632 Petri
2122 3574 2446 3651 sumptum
2480 3567 2598 3633 tibi
2630 3586 2745 3652 per
2775 3563 3062 3633 dilectum

831 3673 1033 3739 filium
1083 3678 1371 3758 nostrum
1421 3674 1472 3738 Ι.
1528 3671 1767 3738 Sancte
1816 3673 2020 3741 Marie
2052 3676 2122 3740 in
2159 3674 2499 3742 Cosmedin
2530 3674 2891 3740 Diaconum
2924 3670 3060 3737 Oar-

835 3779 1138 3864 (finalem,
1168 3781 1439 3867 prestito
1472 3799 1513 3845 a
1545 3785 1610 3847 te
1662 3787 1883 3847 nostro
1938 3788 2002 3849 et
2033 3782 2321 3849 Ecclesie
2353 3784 2640 3850 Romane
2671 3785 2928 3850 nomine
2957 3777 3063 3847 sub

829 3887 1057 3972 forma,
1091 3909 1281 3973 quam
1316 3888 1433 3954 sub
1466 3887 1693 3955 eadem
1728 3888 1933 3955 forma
1952 3891 2312 3980 dirigimus,
2333 3891 2665 3957 fidelitatis
2686 3892 3052 3968 iuramento,

835 3996 1131 4062 duximus
1187 3997 1673 4081 assiguandum.
1725 3998 1813 4065 Ut
1863 3997 2060 4082 igitur
2108 4000 2362 4085 signum
2392 4019 2521 4065 non
2557 3999 2880 4083 discrepet
2922 4017 2960 4062 a
2987 3993 3059 4061 si-

834 4111 1051 4192 gnato,
1076 4104 1192 4170 sed
1224 4103 1395 4188 quod
1416 4105 1586 4189 geris
1611 4105 1912 4193 exterius,
1936 4106 2108 4174 intus
2139 4128 2362 4174 serves
2392 4110 2459 4175 in
2478 4113 2693 4174 mente
2715 4131 2730 4192 3
2752 4103 3055 4174 discretio-

834 4234 979 4279 ncm
1013 4220 1193 4280 tuam
1224 4233 1555 4279 monemus
1589 4220 1836 4280 attente
1857 4222 1920 4282 et
1941 4215 2283 4302 hortamur,
2302 4221 2620 4298 quatenus
2639 4214 3044 4282 humilitatem

835 4328 897 4387 et
930 4321 1256 4408 iustitiam,
1289 4318 1483 4386 dante
1513 4320 1808 4407 Domino,
1846 4322 1954 4404 qui
1989 4321 2101 4387 dat
2140 4342 2426 4407 munera,
2465 4328 2529 4388 et
2561 4324 2810 4410 premia
2842 4316 3048 4403 elargi-

833 4437 955 4510 tur,
1007 4448 1399 4496 conservare
1450 4430 1733 4514 studeas,
1769 4449 1911 4495 cum
1964 4449 2148 4495 suum
2210 4436 2476 4497 servant
2536 4439 2600 4496 et
2650 4429 3045 4515 promoveant

834 4542 1254 4625 servatorem,
1279 4545 1341 4604 et
1370 4539 1768 4622 Ragusinam
1802 4538 2156 4605 Ecclesiam
2191 4558 2499 4624 sponsam
2533 4546 2708 4606 tuam
2741 4558 2922 4607 cures
2940 4531 3051 4602 sol-

832 4643 1027 4733 licite,
1081 4652 1341 4714 auctore
1389 4647 1687 4731 Domino,
1740 4647 2168 4735 spiritualiter
2203 4654 2266 4715 et
2297 4649 2741 4736 temporaliter
2771 4660 3053 4732 augmen·
