3319 5249
1324 265 1461 333 513

477 464 575 530 Ac
602 459 892 549 precepit
924 460 1137 528 eidem
1171 461 1431 528 domino
1465 461 1886 547 Traguriensi
1912 461 2239 549 Episcopo
2274 481 2357 530 ex
2375 481 2519 548 par-

267 579 329 638 te
362 570 611 639 domini
642 572 840 657 Pape,
874 576 942 637 vt
984 590 1100 655 per
1120 590 1212 657 se,
1244 571 1346 636 vel
1370 591 1484 656 per
1505 578 1986 656 procuratorem
2011 568 2316 637 idoneum
2356 567 2528 636 infra

264 698 379 745 sex
398 679 716 746 mensium
736 679 1028 763 spacium
1050 697 1193 743 cum
1217 678 1515 746 omnibus
1539 679 1726 763 actis,
1740 679 1987 745 iuribus
2009 699 2090 745 ac
2109 678 2526 743 munimentis

263 784 400 853 suis
450 783 932 868 configentibus
996 804 1260 852 causam
1324 792 1690 853 contentam
1752 787 1819 852 in
1880 784 2113 852 litteris
2180 783 2525 850 antedictis

264 891 642 980 Apostolico
673 912 746 960 se
777 891 1013 959 debeat
1045 893 1419 978 conspectui
1454 900 1853 978 presentare,
1887 892 2179 961 facturus
2213 899 2277 958 et
2309 911 2526 978 recep-

262 1009 446 1070 turus
477 1021 671 1088 super
703 999 1053 1086 premissis,
1116 1002 1287 1085 quod
1354 1000 1511 1067 ordo
1574 1000 1919 1069 dictauerit
1977 999 2279 1066 racionis.
2342 999 2525 1078 Quas

265 1108 528 1192 quidem
577 1109 830 1176 litteras
882 1107 1128 1175 domini
1177 1109 1362 1194 Pape
1412 1106 1737 1176 humiliter
1787 1115 1852 1175 et
1901 1108 2186 1192 benigne
2235 1106 2529 1193 suscepit

264 1219 632 1304 Episcopus
664 1224 1075 1284 memoratus.
1107 1214 1339 1284 Actum
1374 1216 1438 1283 in
1471 1218 1782 1303 Traguris
1803 1225 1922 1286 etc.
1958 1216 2366 1302 presentibus
2417 1220 2514 1282 ta·

265 1325 445 1393 libus
479 1330 599 1393 etc.

481 1435 624 1518 Ego
656 1431 1048 1500 Franciscus
1080 1438 1202 1501 etc.

483 1541 563 1607 Et
593 1539 842 1627 sciatis,
876 1536 1051 1625 quo'd
1102 1560 1299 1608 vnum
1350 1540 1531 1607 aliud
1579 1540 2079 1608 instrumentum
2131 1539 2347 1607 simile
2397 1537 2521 1607 isto

266 1649 530 1718 domino
562 1648 782 1715 Electo
815 1648 1217 1715 Sibenicensi
1251 1649 1563 1716 mittendo
1595 1649 1791 1734 diem,
1829 1650 2040 1716 locum
2074 1656 2137 1715 et
2169 1655 2392 1734 testes,
2464 1655 2529 1716 et

266 1759 482 1843 ipsum
516 1755 597 1822 de
627 1756 822 1824 verbo
853 1756 941 1823 ad
975 1758 1237 1824 verbum
1269 1756 1481 1823 adhuc
1513 1757 1830 1824 conficere
1864 1756 2135 1843 debetis,
2171 1756 2522 1823 secundum

264 1865 645 1932 mandatum
676 1864 858 1933 vobis
892 1864 1136 1930 factum
1169 1884 1289 1949 per
1322 1884 1441 1931 nos
1476 1863 2025 1931 Archidiaconum
2048 1862 2524 1950 Spalatensem.

266 1976 350 2038 Et
381 1972 737 2039 secundum
770 1972 1037 2039 istorum
1087 1973 1453 2058 exemplum
1488 1974 1804 2055 volumus,
1837 1979 1905 2038 vt
1954 1972 2284 2057 tenemini,
2336 1972 2527 2038 confi·

264 2080 457 2148 ciatis
486 2081 619 2147 duo
652 2080 1081 2147 instrumenta
1114 2079 1521 2165 citacionum,
1555 2080 1866 2147 videlicet
1901 2080 2147 2145 domini
2184 2131 2199 2144 .
2236 2129 2250 2143 .
2285 2128 2300 2144 .
2339 2078 2524 2163 Epis·

267 2188 417 2273 copi
470 2189 950 2275 Traguriensis,
1005 2195 1070 2254 ct
1110 2187 1352 2254 domini
1387 2236 1401 2251 .
1440 2237 1455 2253 .
1494 2236 1509 2253 .
1561 2187 1767 2254 Electi
1824 2186 2287 2272 Sibeniccnsis,
2358 2186 2529 2269 quod

266 2298 635 2382 exemplum
666 2303 761 2363 est
792 2296 1109 2382 clausum,
1143 2302 1207 2364 ct
1237 2294 1599 2380 sigillatum
1635 2296 1874 2363 nostris
1906 2293 2111 2362 tribus
2146 2294 2406 2378 sigillis,

477 2404 639 2469 Item
692 2403 915 2472 eodem
979 2404 1086 2470 die
1105 2455 1125 2490 ,
1192 2404 1333 2470 loco
1356 2456 1375 2490 ,
1438 2402 1599 2469 hora
1631 2411 1695 2470 et
1759 2405 2030 2472 testibus
2084 2401 2476 2488 supradictis
2503 2425 2519 2485 ;

264 2509 433 2579 idem
470 2511 764 2580 dominus
794 2512 1009 2580 Judex
1037 2510 1330 2598 predicto
1364 2511 1680 2595 Magistro
1713 2513 2065 2580 Francisco
2117 2510 2391 2577 Notario
2442 2529 2524 2575 ex

264 2627 452 2707 parte
482 2618 751 2708 predicti
785 2617 1034 2687 domini
1066 2617 1522 2686 Archidiaconi
1555 2618 1971 2706 Spalatcnsis
2004 2618 2404 2705 presentauit
2455 2626 2520 2685 et

264 2728 441 2797 dedit
473 2730 784 2812 quasdam
809 2728 1063 2796 litteras
1096 2730 1357 2796 clausas
1388 2727 1714 2813 sigillatas
1747 2727 1955 2814 ipsius
1986 2727 2207 2812 sigillo
2244 2746 2390 2792 cere
2423 2725 2512 2790 vi·

265 2837 412 2924 ridi,
446 2857 607 2905 sano
640 2845 704 2904 et
734 2839 1007 2919 integro.
1043 2835 1333 2914 Quarum
1365 2843 1549 2904 tenor
1580 2834 1663 2902 de
1718 2836 1914 2904 verbo
1963 2834 2051 2903 ad
2105 2837 2372 2903 verbum
2426 2838 2518 2900 ta-

265 2946 351 3012 lis
385 2953 526 3013 est:
774 3021 779 3026 ‚
2183 3025 2191 3031 ⁵

478 3052 761 3121 Jacobus
793 3052 1304 3120 Archidiaconus
1367 3052 1783 3140 spalatensis
1845 3051 1970 3118 stb.
2036 3051 2316 3118 discreto
2379 3049 2517 3116 viro

265 3159 530 3227 domino
562 3159 876 3242 Magistro
907 3159 1260 3227 Francisco
1292 3161 1555 3228 Notaris
1590 3157 1893 3228 Ciuitatis
1916 3158 2170 3245 Spalati
2203 3160 2328 3227 stb.
2365 3155 2484 3244 (ko
2507 3195 2528 3206 -

265 3266 571 3334 vetkezik
590 3287 632 3333 a
654 3270 804 3336 371.
825 3289 911 3335 sz.
947 3287 1006 3333 a.
1038 3264 1304 3354 okirat.)

1211 3467 1561 3534 (Ugysnott.)

356 4697 557 4740 uonna.
591 4699 753 4736 nunc.
787 4698 925 4738 ms'r.
955 4707 1042 4718 -—-
1076 4698 1293 4736 menon.
1344 4688 1414 4736 17.
2115 4669 2199 4734 38
