3319 5249
1453 440 1583 506 215

387 633 610 702 inclite
643 634 948 701 memorie
977 634 1115 700 iure
1148 634 1548 702 hereditario
1582 636 1923 723 possidere
1946 635 2470 729 dinoscebantur,
2504 660 2646 708 ven·

387 742 556 809 didit
585 741 865 827 plebano
900 739 1274 827 supradicto
1307 761 1385 809 ac
1416 741 1725 811 fratribus
1780 746 1917 812 suis
1949 766 2068 831 pro
2103 750 2447 832 sexaginta
2478 770 2644 817 mar·

385 853 480 917 cis
532 851 746 917 minus
796 850 1004 916 tribus
1053 851 1337 935 marcis3
1422 872 1616 935 quam
1676 852 1935 938 quidem
1987 856 2385 924 solucionem
2437 857 2647 925 dictus

394 959 712 1046 plebanus
766 966 832 1025 et
879 956 1115 1025 fratres
1156 958 1442 1025 eiusdem
1484 978 1702 1025 coram
1735 962 1922 1028 nobis
1955 962 2286 1030 antedicto
2316 963 2648 1033 Anthaleo

389 1068 586 1154 plene
639 1073 704 1134 et
741 1068 995 1150 integre
1036 1068 1509 1152 persoluerunt.
1558 1069 1928 1153 Assumpsit
1962 1071 2169 1138 eciam
2201 1071 2374 1138 idem
2408 1074 2648 1140 Antha-

387 1175 528 1244 leus
562 1181 626 1242 et
656 1176 830 1242 filius
865 1176 1156 1243 eiusdem
1180 1226 1200 1259 ,
1268 1175 1439 1260 quod
1491 1176 1904 1262 priuilegium
1956 1177 2197 1245 domini
2229 1180 2303 1245 B.
2337 1180 2535 1264 Regis
2584 1191 2651 1249 et

384 1284 602 1351 omnia
630 1284 1094 1371 instrumenta,
1144 1304 1262 1352 nec
1313 1305 1439 1351 non
1479 1292 1544 1351 et
1578 1287 2042 1373 munimenta,
2095 1308 2218 1371 que
2270 1290 2648 1374 supradicta

384 1394 551 1461 villa
580 1390 823 1461 habere
854 1393 1328 1480 dinoscebatur,
1380 1392 1465 1459 ad
1497 1415 1727 1461 manus
1770 1394 2086 1482 sepedicti
2118 1397 2386 1482 plebani
2420 1406 2484 1466 et
2517 1397 2646 1465 fra·

386 1508 554 1566 trum
590 1521 848 1568 suorum
880 1507 1258 1569 statuerent.
1327 1501 1396 1567 Si
1446 1521 1577 1584 qua
1627 1522 1783 1568 vero
1819 1522 1949 1568 non
1980 1509 2341 1571 statuerent
2365 1556 2384 1590 ,
2434 1505 2518 1572 de
2550 1526 2648 1572 ce-

386 1615 521 1677 tero
554 1607 790 1675 nullius
847 1615 1065 1676 essent
1104 1610 1345 1692 vigoris
1401 1618 1463 1676 et
1513 1609 1837 1677 momenti.
1884 1608 2269 1695 Obligarunt
2318 1613 2524 1679 eciam
2577 1631 2649 1679 se

391 1715 586 1800 ijdem
620 1717 987 1783 Anthaleus
1042 1724 1106 1784 et
1157 1717 1327 1785 filius
1360 1716 1692 1799 eiusdem,
1744 1724 1813 1782 ut
1866 1719 2238 1802 quicunque
2285 1718 2647 1803 inpulsaret

386 1825 663 1891 eundem
698 1824 1044 1911 plebanum
1097 1846 1174 1892 ac
1226 1824 1461 1893 fratres
1499 1825 1792 1893 eiusdem
1826 1845 2019 1911 super
2053 1825 2227 1892 dicta
2258 1824 2647 1910 hereditate,

390 1931 696 2019 expedire
752 1937 1126 1999 tenerentur
1175 1931 1525 1999 secundum
1578 1932 1789 2017 Regni
1842 1932 2378 2001 consuetudinem
2417 1953 2645 2020 appro-

387 2041 625 2106 batam.
692 2041 776 2105 Et
806 2047 876 2106 vt
906 2039 1066 2107 facti
1098 2042 1300 2107 series
1348 2041 1540 2106 robur
1572 2040 1882 2126 optineat,
1937 2039 2151 2107 dictus
2184 2039 2551 2107 Anthaleus
2584 2047 2650 2107 et

386 2150 562 2215 filius
582 2148 868 2216 eiusdem
892 2148 1260 2233 obligarunt
1290 2168 1360 2214 se
1391 2168 1607 2215 coram
1641 2150 1852 2235 nobis,
1892 2148 2342 2234 prenominato
2362 2148 2643 2235 plebano

388 2264 456 2323 et
484 2256 794 2323 fratribus
827 2254 1116 2324 eiusdem
1151 2275 1293 2343 cum
1326 2254 1672 2340 priuilegio
1714 2256 1957 2322 domini
1987 2257 2185 2340 Regis
2221 2256 2645 2323 hereditatem

388 2364 829 2449 supradictam
881 2363 1280 2430 confirmare.
1328 2365 1572 2429 Datum
1628 2383 1803 2429 anno
1835 2362 2096 2430 Domini
2129 2361 2353 2429 M⁰cc⁰
2388 2370 2644 2448 septua-

388 2472 635 2555 gesimo
671 2479 927 2538 octauo.

480 2650 593 2712 (IV.
621 2649 817 2704 Laszlo
844 2647 1137 2717 kiralynak
1167 2652 1386 2702 1281-ki
1415 2649 1743 2718 megeriisitb
1770 2649 2156 2719 okmanyabol,
2184 2655 2323 2704 mint
2350 2648 2550 2718 alabb.)

1450 3438 1602 3506 152.

386 3658 447 3722 A
481 3659 713 3744 superi
743 3659 1192 3744 kdptalarmak
1240 3679 1616 3744 uqyanazon
1667 3658 1917 3723 daddst
1962 3659 2266 3741 tdrqyazd
2297 3661 2432 3722 mdo
2464 3656 2645 3721 loiad-

1276 3770 1509 3849 vdnya.
1561 3765 1756 3831 1278.

602 3960 739 4028 Nos
793 3961 1173 4045 Capitulum>
1219 3958 1508 4028 Ecclesie
1557 3960 1779 4026 Sancti
1829 3959 2094 4027 Martini
2131 3959 2214 4027 de
2245 3958 2487 4047 Scepus
2520 3981 2640 4027 me·

385 4068 591 4136 morie
640 4069 1166 4137 commendantes
1215 4068 1654 4154 significamus
1705 4067 2025 4136 vniuersis
2077 4067 2476 4154 presencium
2526 4089 2644 4154 per

387 4186 717 4262 tenorem,
767 4176 939 4260 quod
994 4175 1298 4244 consituti
1347 4177 1413 4242 in
1464 4175 1673 4243 nostri
1711 4173 2052 4261 presencia
2080 4175 2438 4242 Anthaleus
2470 4176 2641 4242 filius

385 4288 569 4372 Ysyp
601 4305 878 4352 vnacum
911 4284 1042 4352 filio
1076 4305 1193 4351 suo
1225 4284 1556 4369 Stephano
1601 4303 1683 4350 ex
1717 4288 1903 4367 parte
1939 4301 2087 4364 una,
2136 4303 2218 4349 ex
2250 4284 2457 4349 altera
2488 4303 2640 4350 uero
2719 4320 2727 4326 ·

386 4391 705 4476 Magister
735 4393 1016 4460 Jacobus
1048 4394 1279 4461 Lector
1312 4392 1602 4460 Ecclesie
1653 4389 1877 4458 Sancti
1929 4390 2193 4457 Martini
2226 4398 2289 4457 et
2319 4391 2643 4458 Plebanus

388 4498 469 4567 de
503 4501 683 4566 Villa
713 4501 950 4567 Latina
982 4520 1258 4568 unacum
1300 4499 1609 4566 fratribus
1644 4500 1780 4566 suis
1808 4522 1822 4582 ;
1871 4497 2043 4564 idem
2075 4496 2440 4566 Anthaleus
2472 4506 2637 4566 retu-

387 4608 469 4673 lit
501 4608 725 4694 nobis,
775 4608 945 4692 quod
994 4609 1224 4677 villam
1276 4627 1459 4675 suam
1510 4604 1801 4689 Rogolch
1831 4612 2131 4672 uocatam
2166 4625 2309 4671 cum
2344 4606 2639 4673 omnibus

387 4714 781 4785 utilitatibus
810 4719 979 4804 suis,
1028 4739 1219 4801 quam
1269 4718 1438 4785 idem
1490 4715 1856 4783 Anthaleus
1907 4722 1970 4781 et
2017 4715 2119 4783 sui
2160 4715 2429 4783 heredes
2460 4713 2639 4780 here·
