3319 5249
1327 365 1454 428 109

257 553 487 623 cienda
519 573 724 637 usque
772 554 858 619 ad
889 554 1082 620 finem
1120 555 1328 640 ipsius
1362 576 1593 639 guerre
1645 556 1811 622 duas
1842 555 2067 639 galeas
2101 558 2267 624 bene
2301 577 2510 624 arma-

257 673 354 729 tas
418 661 806 748 hominibus,
870 666 1067 730 armis
1128 669 1196 730 et
1257 663 1409 730 aliis
1469 663 1856 732 necessariis
1881 717 1898 749 ‚
1963 665 2155 733 annis
2217 665 2515 748 singulis),

256 774 492 855 quibus
551 770 725 836 dicta
782 790 1020 853 guerra
1080 771 1345 839 durabit
1406 794 1447 838 a
1496 770 1801 839 kalendis
1854 772 2099 858 Aprilis
2162 793 2369 857 usque
2421 775 2506 839 ad

251 881 490 946 festum
522 878 824 945 Omnium
857 878 1240 946 Sanctorum
1290 883 1358 948 in
1408 881 1538 949 illis
1589 883 1792 965 locis,
1838 881 1903 946 in
1940 881 2172 962 quibus
2222 880 2516 966 predicta

249 1007 490 1071 guerra
524 986 835 1053 facienda
869 989 1249 1073 Capitaneo,
1302 996 1367 1055 et
1398 989 1636 1056 Comiti
1690 989 2024 1073 galearum
2057 990 2347 1075 ipsarum
2384 1010 2513 1056 me·

252 1095 374 1162 lius
414 1095 741 1162 videbitur
793 1094 1118 1180 expedire.
1170 1096 1330 1163 Item
1373 1096 1545 1180 quod
1581 1096 1794 1163 dietus
1846 1095 2144 1163 dominus
2178 1098 2317 1162 Rex
2349 1117 2514 1163 com-

252 1203 548 1269 modabit
580 1200 749 1270 dicte
781 1202 1207 1269 Universitati
1241 1203 1499 1287 Spalati
1550 1203 1716 1270 duas
1750 1205 1976 1287 galeas
2026 1224 2172 1271 cum
2203 1204 2423 1271 offesis
2454 1211 2518 1269 et

254 1310 552 1377 eol-redis
603 1312 758 1396 suis,
811 1312 957 1377 sine
986 1309 1372 1398 hominibus,
1431 1331 1638 1395 usque
1688 1311 1775 1379 ad
1822 1312 2015 1378 finem
2065 1310 2232 1377 dicte
2265 1332 2515 1396 guerre.

256 1416 418 1484 Item
451 1417 628 1501 quod
662 1418 834 1485 idem
885 1416 1184 1486 dominus
1216 1421 1356 1488 Rex
1403 1418 1844 1486 commodabit
1885 1419 2304 1486 Universitati
2339 1420 2515 1485 Sibe-

253 1526 380 1591 nici
434 1546 631 1592 unam
684 1527 941 1609 galeam
994 1527 1304 1593 munitam
1361 1526 1582 1593 offesis
1636 1533 1701 1594 et
1752 1527 2039 1593 corredis
2089 1527 2177 1593 ad
2208 1532 2518 1612 navigan·

255 1634 431 1715 dum,
464 1634 607 1700 sine
638 1631 1030 1717 hominibus,
1065 1655 1272 1718 usque
1307 1634 1392 1700 ad
1424 1636 1614 1700 finem
1648 1633 1817 1700 dicte
1849 1655 2102 1716 guerre.
2152 1637 2313 1700 Item
2347 1637 2516 1719 quod

255 1741 428 1806 dicte
479 1740 958 1808 Uniuersitates
1020 1741 1227 1808 dictas
1294 1750 1427 1809 tres
1490 1744 1718 1824 galeas
1780 1743 1904 1808 sibi
1968 1744 2413 1809 commodatas
2479 1764 2519 1807 a

258 1848 433 1915 dieto
486 1846 753 1913 domino
786 1848 968 1931 Rege
1018 1850 1345 1933 tenebunt,
1398 1856 1462 1914 et
1494 1849 1827 1915 habebunt
1879 1857 2167 1916 armatas
2200 1870 2405 1933 usque
2435 1849 2518 1914 ad

260 1957 451 2021 finem
486 1956 697 2040 ipsius
727 1976 976 2043 guerre,
1031 1956 1115 2022 ad
1149 1955 1515 2023 faciendam
1547 1957 1756 2043 ipsam
1787 1977 2108 2042 guerram,
2155 1956 2345 2024 simul
2377 1977 2520 2023 cum

259 2062 577 2150 predictis
610 2063 815 2147 galeis
847 2066 1057 2149 ipsius
1098 2062 1342 2130 domini
1374 2066 1594 2148 RegiS,
1629 2065 1804 2148 quod
1842 2065 2224 2149 perstabunt
2253 2065 2319 2130 in
2355 2066 2518 2130 mari

259 2194 403 2238 eum
438 2171 592 2240 aliis
624 2173 855 2258 galeis,
907 2179 972 2240 et
1004 2179 1192 2238 erunt
1244 2173 1542 2241 continue
1584 2181 1837 2241 armate
1883 2182 1947 2241 et
1995 2174 2258 2258 munite,
2312 2173 2521 2241 donec

260 2282 550 2366 predicte
580 2281 774 2366 galee
803 2278 1043 2346 domini
1072 2279 1272 2363 Regis
1307 2287 1494 2347 eruut
1526 2280 1785 2347 ibidem.
1826 2282 1990 2347 Item
2024 2282 2197 2365 quod
2229 2282 2523 2365 predicte

261 2389 743 2455 Universitates
790 2386 976 2452 finita
1026 2387 1200 2452 dicta
1231 2406 1468 2470 guerra
1499 2387 1845 2453 restituent
1878 2389 2083 2454 dictas
2115 2389 2340 2471 galeas
2375 2409 2521 2454 eum

262 2496 481 2563 offesis
534 2502 599 2562 et
651 2495 936 2561 corredis
991 2501 1054 2560 et
1107 2494 1259 2578 alijs
1313 2493 1806 2578 guernumentis
1857 2513 2022 2577 eque
2078 2497 2306 2579 bonis,
2358 2496 2525 2562 sicut

262 2605 664 2691 receperint3
712 2611 780 2673 et
831 2600 1231 2669 accomodati
1284 2622 1324 2669 a
1377 2602 1670 2687 predicto
1723 2600 1981 2670 domino
2032 2604 2213 2688 Rege
2265 2604 2351 2670 ad
2401 2604 2525 2671 hoc

266 2715 723 2798 obligaverunt
760 2733 831 2779 se
864 2713 1024 2778 dicti
1057 2711 1312 2778 Sindici
1344 2712 1603 2777 nomine
1635 2712 1953 2778 dictarum
1987 2713 2520 2796 Universitatum,

264 2829 324 2889 et
358 2843 464 2889 res
496 2823 825 2907 ipsarum3
878 2841 1041 2904 quas
1091 2819 1317 2904 galeas
1357 2822 1703 2888 restituere
1736 2826 2079 2886 teneantur
2128 2821 2388 2903 ibidem,
2436 2822 2524 2886 vi·

264 2927 498 2995 delicet
529 2927 598 2992 in
629 2927 941 3013 portubus
991 2923 1428 3010 predictarum
1460 2924 1972 3005 Universitatum
2029 2923 2113 2992 ad
2160 2928 2525 3011 requisitio·

264 3055 407 3100 nem
462 3035 672 3120 ipsius
733 3034 978 3101 domini
1027 3033 1245 3117 Regis.
1317 3035 1766 3100 I’romiserunt
1828 3041 1891 3099 et
1946 3033 2402 3118 obligaverunt
2453 3055 2523 3100 se

264 3141 416 3209 dicti
451 3141 699 3208 Sindici
751 3127 1010 3209 nomine
1042 3141 1329 3226 ipsarum
1364 3143 1899 3228 UnIversitatum,
1950 3148 2014 3208 et
2043 3143 2225 3227 ipsas
2258 3142 2524 3209 Univer-

264 3251 515 3334 sitates,
535 3271 835 3334 guerram
870 3252 1077 3334 ipsam
1114 3251 1331 3316 faeere
1365 3252 1532 3316 bona
1565 3250 1712 3330 fide,
1748 3256 1813 3315 et
1842 3251 1985 3316 sine
2019 3249 2241 3332 aliqua
2277 3247 2523 3333 fraude,

263 3358 556 3443 predicte
606 3367 771 3427 terre
804 3360 1140 3441 Dalmasii,
1192 3378 1335 3423 cum
1389 3358 1537 3423 aliis
1588 3352 1792 3439 lignis
1843 3358 2001 3442 suis,
2055 3366 2247 3442 prout
2296 3356 2527 3422 melius

265 3474 593 3551 poterunt,
627 3471 693 3532 et
724 3466 929 3532 eciam
965 3486 1078 3549 per
1110 3470 1367 3532 terram.
1395 3468 1550 3530 Item
1588 3464 1760 3547 quod
1795 3465 1851 3529 si
1883 3463 2230 3548 contigerit
2262 3463 2528 3546 aliquod

264 3574 514 3639 lucrum
546 3573 767 3639 facere
822 3572 1146 3657 perdictas
1179 3573 1409 3656 galeas
1445 3572 1531 3637 de
1562 3572 1855 3655 predicta
1902 3576 2079 3638 terra
2108 3570 2431 3637 Dalmasii
2466 3579 2530 3637 et

265 3680 755 3764 coadjutoribus
820 3680 977 3765 suis,
1051 3678 1375 3746 dividetur
1438 3678 1607 3743 illud
1672 3679 1919 3744 lucrum
1984 3678 2299 3761 equaliter
2361 3678 2529 3744 inter

268 3809 415 3873 eos3
469 3789 566 3854 ita
617 3788 792 3870 quod
842 3787 1125 3853 Comites
1178 3789 1514 3870 galearum
1567 3787 1774 3871 ipsius
1826 3785 2066 3852 domini
2116 3787 2313 3870 Regis
2363 3785 2530 3852 acci-

269 3896 455 3980 piant
483 3894 750 3960 nomine
785 3893 991 3978 ipsius
1025 3893 1271 3959 domini
1291 3893 1491 3977 Regis
1524 3899 1775 3976 partem
1807 3892 2014 3977 ipsam
2050 3892 2526 3976 contingentem

269 4024 382 4087 pro
433 4003 602 4088 ipsis
659 4001 910 4086 galeis;
963 4007 1025 4066 et
1076 4001 1156 4066 de
1210 4001 1350 4085 ipso
1403 4002 1580 4066 lucro
1637 3998 1988 4085 disponant
2039 3998 2195 4065 dicti
2249 4000 2531 4065 Comites

270 4109 631 4177 secundum
685 4111 1084 4177 voluntatem
1131 4108 1334 4193 ipsius
1395 4108 1636 4174 domini
1688 4110 1927 4192 Regis3
1976 4115 2039 4174 et
2090 4108 2260 4191 quod
2311 4128 2530 4174 omnes

271 4219 547 4305 captivi,
598 4218 709 4302 qui
772 4218 1110 4304 capientur
1173 4238 1288 4303 pet·
1347 4216 1676 4304 predictas
1739 4223 1961 4302 partes
2025 4215 2109 4281 de
2165 4214 2532 4282 hominibus

269 4327 620 4413 Dalmasii,
656 4327 759 4395 vel
793 4326 1286 4411 coadjutoribus
1321 4327 1629 4410 ipsorum,
1683 4324 2073 4409 perveniant
2108 4320 2238 4413 (in)
2269 4321 2530 4390 fortium

274 4440 337 4499 et
370 4436 627 4501 baliam
680 4433 893 4519 ipsius
947 4433 1186 4499 domini
1217 4433 1442 4519 Regis,
1497 4439 1559 4497 et
1593 4432 1673 4497 de
1707 4431 1864 4516 ipsis
1905 4430 2105 4497 faciet
2134 4430 2530 4497 voluntatem

271 4563 474 4629 suam,
523 4526 635 4610 rel
664 4540 945 4609 tenendo
998 4541 1174 4627 ipsos
1208 4541 1274 4606 in
1306 4559 1586 4628 carcere,
1641 4540 1744 4605 vel
1779 4540 2007 4606 ultimo
2038 4537 2355 4605 trahendo
2388 4557 2533 4621 sup-

271 4651 487 4735 plici0.
539 4653 623 4717 Et
677 4651 732 4716 si
767 4649 1109 4734 contigerit
1160 4651 1445 4735 aliquem
1498 4669 1580 4714 ex
1612 4646 1918 4734 predictis
1972 4646 2248 4734 captivis
2300 4643 2385 4712 ad
2436 4665 2530 4711 rc·
