3319 5249
1360 320 1492 388 399

299 511 531 686 {xitum
583 512 895 598 Strigonij
946 534 1121 581 anno
1156 514 1418 584 Domini
1455 517 1544 582 Μ’
1575 514 1709 583 00⁰
1740 517 2089 584 LXXXIV
2117 519 2185 585 in
2219 518 2542 587 dominica

384 628 448 686 to
478 620 657 687 Mihi.

454 817 554 884 (Az
581 819 789 870 eredeti
815 816 950 870 utin
979 820 1171 872 Knauz
1197 818 1437 883 Nandor,
1474 824 1711 889 Magyar
1735 821 1869 874 Sion
1896 823 1996 872 111.
2026 823 2135 874 ket.
2162 824 2283 881 469,
2312 825 2373 888 1.)

1200 1105 1626 1118 m

1342 1604 1497 1671 284.

290 1803 605 1868 Domokos
637 1825 826 1868 comes
856 1826 898 1865 a
931 1804 1150 1888 kirdly
1181 1803 1423 1866 udvari
1459 1804 2021 1889 torve'nysze'kenek
2052 1805 2343 1889 albircija
2378 1829 2540 1891 mey-

290 1911 540 1996 haqyja
570 1935 612 1974 α
646 1910 913 1974 hatvam‘
940 1910 1349 1987 konventnek,
1381 1912 1549 1996 hoqy
1580 1909 1750 1975 Pous
1780 1923 2000 1976 comest
2017 1934 2098 1977 az
2118 1918 2180 1976 &t
2213 1912 2391 1977 illem
2408 1912 2533 1976 bir-

491 2015 883 2111 sdqqueben
916 2017 1111 2099 Buya
1142 2016 1389 2100 helyseq
1422 2015 1758 2082 birtokdba
1792 2018 2090 2103 helyezze.
2127 2022 2322 2086 1284.

489 2245 738 2313 Amicis
771 2245 905 2312 suis
955 2245 1296 2331 Proposito
1328 2253 1394 2312 et
1423 2246 1788 2314 Conuentui
1857 2246 1940 2314 de
2003 2247 2264 2314 Hotuan
2301 2247 2533 2316 Comes

285 2354 664 2421 Dominieus
696 2350 1049 2418 V-iceiudex
1084 2352 1273 2447 Curie
1306 2352 1551 2420 domini
1583 2352 1778 2436 Regis
1811 2354 2178 2422 amiciciam
2213 2364 2527 2440 paratam.

287 2462 634 2541 Noueritis‚
690 2458 859 2543 quod
909 2460 1138 2527 Comes
1170 2461 1340 2527 Pous
1373 2460 1543 2528 filius
1577 2461 1793 2528 Mersa
1827 2462 2253 2546 personaliter
2286 2483 2537 2550 compa-

287 2566 478 2637 rendo
534 2568 823 2636 exhibuit
872 2569 1121 2636 litteras
1155 2567 1433 2655 Capituli
1469 2567 1805 2644 Budensis.
1841 2569 2029 2636 iuxta
2059 2575 2344 2640 tenorem
2380 2591 2534 2656 qua·

291 2700 462 2765 rum,
538 2677 890 2745 secundum
942 2695 1127 2743 suam
1178 2676 1687 2762 obligacionem,
1739 2679 1947 2745 Jaeou
1998 2677 2199 2746 filium
2251 2679 2534 2766 Kechen,

287 2787 532 2853 Acham
582 2785 848 2851 fratrem
912 2784 1221 2867 eiusdem,
1273 2793 1338 2851 ct
1387 2782 1678 2851 Paukam
1732 2785 1935 2851 filium
1990 2786 2229 2872 Pouse,
2285 2788 2351 2852 in
2401 2806 2534 2854 vna

283 2914 494 2961 marca
546 2913 664 2978 pro
715 2890 886 2959 facto
937 2891 1299 2977 principali,
1349 2900 1413 2959 et
1462 2892 1664 2976 duplo
1718 2893 1913 2959 trium
1947 2912 2348 2980 marcarum;
2383 2896 2536 2963 item

282 3000 456 3067 iuxta
488 3000 770 3067 formam
803 3000 1161 3066 litterarum
1186 2997 1602 3081 judicialium
1637 3018 1765 3065 non
1800 2998 2233 3084 comparendo
2255 3021 2373 3068 nec
2397 3003 2535 3069 mit·

282 3110 468 3177 tendo
526 3128 642 3193 per
694 3105 962 3174 eundem
999 3106 1308 3173 Comitem
1341 3107 1511 3173 Pous
1547 3106 2003 3191 exhibitarum,
2034 3111 2100 3174 in
2136 3092 2409 3193 quatuor
2432 3114 2537 3195 ju-

284 3215 470 3302 dicijs
526 3220 754 3282 contra
806 3213 1077 3281 eundem
1113 3214 1422 3282 Comitem
1457 3216 1654 3301 Pous,
1687 3213 1945 3282 eosdem
1982 3216 2407 3300 comperimus
2438 3236 2534 3283 re-

283 3324 619 3391 mansisse.
681 3319 1002 3399 Quocirca
1061 3322 1424 3388 amiciciam
1487 3329 1770 3388 vestram
1832 3323 2108 3408 petimus
2172 3321 2536 3408 diligenter,

281 3438 598 3514 quatenus
648 3438 930 3497 vestrum
984 3428 1151 3495 detis
1201 3428 1658 3515 testimonium,
1714 3449 1934 3495 eoram
1985 3449 2111 3512 quo
2152 3428 2533 3496 Leonardus

281 3538 445 3604 filius
495 3536 737 3604 Mochk
789 3536 872 3602 de
928 3554 1170 3620 genere
1203 3534 1437 3602 Buchk
1473 3534 1667 3602 homo
1699 3535 1943 3602 domini
1972 3537 2173 3619 Regis
2204 3556 2319 3623 pro
2354 3535 2530 3606 facto

281 3645 649 3731 principali,
699 3641 1007 3711 videlicet
1057 3662 1187 3710 una
1218 3662 1442 3710 marca
1476 3651 1540 3710 et
1571 3640 1772 3729 duplo
1821 3645 2015 3710 trium
2051 3663 2430 3731 marearum,
2465 3653 2533 3713 et

283 3752 540 3820 racione
572 3758 876 3836 quattuor
893 3750 1288 3837 judiciorum
1322 3749 1757 3835 predictorum
1787 3750 2001 3836 ipsum
2024 3751 2335 3818 Comitem
2359 3752 2531 3819 Pons

282 3858 647 3926 introducat
699 3859 764 3923 in
814 3856 1261 3944 possessiones
1311 3856 1599 3942 ipsorum
1659 3858 1886 3944 Jacou‚
1944 3856 2128 3924 Aelia
2192 3866 2254 3924 et
2302 3857 2534 3925 Pauka

283 3966 465 4051 Buya
495 3971 782 4048 vocatae,
803 3985 848 4030 a
878 3963 985 4030 die
1017 3961 1516 4030 introduccionis
1547 3984 1757 4047 usque
1786 3962 2336 4046 quintodecimum
2357 3964 2528 4031 diem

283 4058 759 4158 permansurum
811 4071 880 4137 in
929 4069 1210 4155 eisdems
1252 4069 1310 4136 si
1362 4089 1487 4136 non
1518 4069 1718 4136 fuerit
1749 4069 2240 4154 contradictum,
2275 4077 2530 4139 contra·

285 4177 558 4247 dictores
608 4186 826 4246 autem
876 4178 931 4244 si
982 4178 1091 4262 qui
1147 4176 1408 4265 fuerint,
1441 4184 1505 4244 et
1536 4175 1911 4263 specialiter
1942 4177 2274 4263 predictos
2304 4177 2529 4263 Jacou,

283 4284 523 4353 Acham
575 4293 640 4352 et
688 4283 986 4352 Poukam
1019 4283 1106 4351 ad
1136 4281 1405 4367 Regiam
1437 4281 1592 4349 citet
1622 4284 2030 4368 persenciam
2064 4283 2158 4350 ad
2190 4284 2531 4352 terminum

285 4399 781 4481 competentem3
837 4392 1113 4467 dicendo
1166 4392 1408 4459 eisdem
1455 4391 1665 4458 Jaoou
1715 4397 1781 4459 et
1832 4392 2041 4458 Pouce
2074 4394 2274 4458 uerbo
2306 4393 2549 4483 Regiot

283 4501 451 4584 quod
470 4500 538 4568 in
568 4500 843 4568 termino
877 4499 1003 4567 sibi
1033 4500 1370 4585 assignato
1402 4506 1822 4583 compareant
1850 4499 2281 4585 personaliter
2312 4518 2530 4566 coram
2604 4488 2608 4495 ’

284 4607 533 4677 domino
587 4608 763 4694 Rege
818 4627 1017 4695 super
1056 4606 1230 4676 facto
1261 4605 1612 4694 principali
1649 4607 2090 4692 perempniter
2120 4610 2530 4695 responsum
