3319 5249
1794 316 1928 385 460

721 508 973 574 litteras
1033 509 1449 595 apposicione
1498 510 1702 594 sigilli
1755 510 1957 577 nostri
2011 510 2457 578 communitas.
2509 515 2752 579 Datum
2811 534 2981 579 anno

725 615 989 682 Domini
1024 617 1267 684 M⁰CC⁰
1297 619 1740 702 octuagesimo
1773 617 2070 704 septimo.

720 790 993 860 (EredotIe
1005 795 1355 864 b6rharty4n,
1383 797 1606 864 melyrol
1626 813 1661 848 a
1680 797 1863 864 pet-,set
1885 795 2232 866 votos-sargan
2253 798 2713 866 selyemzsinoron
2735 798 2986 868 suggestu

1337 903 1372 939 a
1397 887 1564 939 budai
1591 887 1695 940 kir.
1721 888 1967 939 kamarai
1993 884 2374 956 leveltarban.)
2483 913 2494 927 ι

1794 1549 1951 1619 331.

740 1727 801 1794 A
836 1732 980 1816 sdqi
1011 1733 1402 1796 leont-entnek
1432 1734 1963 1818 bizonysa'ylevele
1985 1785 2005 1815 ,
2056 1738 2221 1819 hoqy
2253 1736 2607 1819 Dywychei
2645 1736 2902 1820 Μάΐμάε
2933 1737 2992 1799 έε

725 1841 986 1906 testve're
1048 1838 1474 1903 Tivadarnak
1534 1847 1654 1904 cirv
1676 1844 1772 1926 {ja
1793 1890 1813 1920 ,
1875 1842 2179 1927 Tyvadar
2228 1845 2574 1929 meyb‘lete'se
2638 1843 2995 1929 tciryydban

1237 1951 1511 2017 chrtusi
1543 1952 1764 2016 Pcillal
1795 1952 2221 2037 eqyezkedtek.
2257 1954 2454 2017 1287.

1243 2132 1302 2192 A
1845 2131 1899 2194 Β
2442 2127 2492 2194 C
2519 2186 2524 2197 ,

941 2304 1291 2373 Ladizlaus
1321 2307 1701 2392 Propositus
1734 2314 1800 2374 et
1823 2307 2191 2373 Conuentus
2226 2306 2500 2372 fratrum
2536 2304 2807 2373 Ordinis
2830 2307 2973 2372 Pre-

728 2413 1300 2479 monstratensium
1334 2412 1415 2480 de
1445 2415 1625 2498 Saag
1657 2401 1952 2480 omnibus
2002 2414 2242 2480 Christi
2298 2413 2600 2479 fidelibus
2655 2421 2788 2479 tam
2847 2436 2978 2499 pre-

672 2539 683 2554 ·
728 2520 1014 2586 sentibus
1047 2542 1240 2604 quam
1272 2519 1507 2587 futuris
1537 2542 1806 2607 presens
1840 2521 2151 2605 scriptum
2189 2519 2574 2605 inspecturis
2607 2522 2890 2587 salutern
2919 2523 2980 2586 in

729 2626 1010 2693 omnium
1046 2628 1398 2695 saluatore.
1449 2628 1553 2694 Ad
1605 2630 2048 2696 vniuersorum
2100 2624 2403 2694 noticiam
2454 2634 2673 2694 tenore
2724 2649 2982 2714 presen-

730 2734 896 2799 cium
932 2734 1223 2801 volumus
1258 2735 1618 2820 peruenire,
1672 2735 1845 2817 quod
1896 2735 2328 2820 personaliter
2379 2736 2712 2800 constituti
2766 2757 2983 2802 coram

729 2839 913 2904 nobis
946 2840 1227 2908 Mathias
1259 2841 1428 2909 filius
1459 2844 1664 2909 Demo
1699 2842 1780 2906 (le
1813 2839 2151 2926 Dywycbc
2175 2848 2238 2906 ct
2259 2841 2583 2925 orphanus
2602 2841 2982 2925 Thyuodori

725 2945 899 3013 filius
930 2945 1147 3013 fratris
1181 2947 1278 3014 sui
1314 2969 1393 3014 ex
1425 2969 1556 3014 una
1584 2956 1792 3034 parte,
1833 2949 1918 3013 ab
1950 2948 2160 3013 altera
2193 2967 2342 3012 uero
2376 2948 2620 3014 Paulus
2655 2948 2828 3015 filius
2853 2951 2980 3014 Ma·

729 3054 896 3120 dach
928 3052 1009 3121 de
1046 3055 1285 3121 Knrtus
1316 3062 1450 3122 tam
1483 3077 1599 3141 pro
1632 3076 1705 3123 se
1741 3075 1936 3139 quam
1958 3076 2073 3139 pro
2107 3053 2412 3120 fratribus
2452 3056 2586 3122 suis
2626 3056 2982 3122 Benedicto
3101 3059 3114 3076 ³

729 3169 794 3228 ct
826 3161 1091 3229 Andr-ea
1121 3162 1320 3244 ijdem
1355 3163 1469 3246 filij
1510 3153 1791 3228 Madach
1825 3161 2181 3229 secundum
2238 3161 2573 3227 arbitrium
2630 3165 2981 3246 proborum

650 3304 663 3311 ·
728 3268 1010 3335 virorum
1043 3276 1105 3334 et
1137 3266 1219 3334 de
1254 3269 1594 3335 uoluntate
1626 3270 1921 3353 parcium
1954 3289 2071 3353 pro
2107 3275 2312 3334 morte
2346 3273 2412 3333 et
2461 3268 2792 3335 occisione
2843 3290 2984 3355 pre·

729 3372 849 3441 fati
881 3373 1252 3459 Thyuodori
1284 3378 1619 3445 soluerunt
1652 3393 1869 3442 coram
1902 3376 2085 3443 nobis
2118 3375 2361 3442 Mathis
2416 3383 2481 3440 et
2532 3377 2830 3461 orphano
2884 3396 2982 3443 su—

731 3480 1046 3565 pradictis
1080 3483 1323 3567 viginti·
1341 3502 1596 3549 marcas
1633 3484 1702 3548 in
1734 3489 2006 3567 argento
2060 3481 2258 3546 finito.
2322 3482 2789 3567 Assumpmens
2848 3484 2986 3569 ipse

731 3588 1035 3673 Mathias‚
1091 3589 1263 3673 quod
1313 3590 1678 3675 quicunque
1735 3591 2024 3674 prefatos
2076 3588 2245 3655 filios
2294 3586 2570 3655 Madach
2621 3587 2885 3655 racione
2927 3596 2989 3655 et

733 3695 1072 3764 occasione
1104 3699 1329 3765 mortis
1361 3705 1425 3764 et
1476 3697 1824 3766 occisionis
1876 3696 2191 3783 sepedicti
2245 3695 2618 3781 Thyuodori
2675 3695 2988 3764 niteretur

732 3804 1098 3891 molestare,
1132 3805 1275 3890 ipse
1325 3814 1650 3872 teneretur
1700 3824 1813 3873 eos
1864 3804 2173 3889 expedire
2225 3809 2289 3869 et
2340 3824 2652 3870 excusare
2702 3805 2988 3890 proprijs

729 3911 1066 3980 laboribus
1099 3919 1161 3979 et
1192 3914 1522 4000 expensis.
1556 3916 1633 3980 In
1666 3914 1846 3979 cuius
1879 3912 1970 3980 rei
2001 3912 2438 3978 testimonium
2471 3912 2557 3977 ad
2590 3911 2985 3979 instanciam

731 4021 1025 4105 parcium
1055 4026 1393 4107 presentes
1424 4021 1860 4088 concessimus
1881 4019 2135 4084 litteras
2157 4017 2363 4103 sigilli
2398 4018 2602 4085 nostri
2630 4020 2986 4085 munimine

736 4129 1092 4215 roboratas.
1127 4131 1370 4197 Datum
1422 4131 1491 4197 in
1538 4129 1888 4196 Dominica
1934 4126 2164 4194 Indica
2210 4148 2384 4194 anno
2437 4121 2697 4194 Domini
2747 4125 2991 4194 M⁰CC·

736 4235 1017 4303 LXXX⁰
1047 4236 1343 4324 septimo.

732 4393 1007 4481 (Er-edetis
1026 4414 1373 4483 bb'rhartyan,
1416 4416 1672 4481 melynek
1690 4412 2077 4482 suiggbpecsete
2101 4411 2217 4466 mar
2243 4416 2524 4478 elveszett,
2547 4430 2582 4468 a
2632 4430 2812 4468 noma.
2866 4427 2982 4465 mu·

1522 4520 1680 4558 zeum
1704 4500 2196 4571 kezirattaraban.)
