3319 5249
1799 276 1932 343 576

756 485 878 557 tas,
914 477 1198 560 erigeret
1228 493 1432 540 nouas
1464 479 1672 538 metas
1692 458 1878 537 iuxta
1909 472 2251 553 antiquam
2275 465 2731 532 limitacionem
2783 482 3023 531 earun-

754 563 921 671 de't’n,
958 593 1027 650 et
1057 584 1317 651 easdem
1349 588 1552 649 terras
1584 586 1836 647 statuat
1883 578 2273 645 dominabus
2322 578 2652 643 sororibus
2715 575 3018 641 Ecclesie

754 693 954 759 Beate
984 690 1274 775 Virginis
1307 686 1573 774 pacifice
1595 687 2049 773 possidendas.
2081 685 2354 751 Nouerit
2384 685 2605 766 itaque
2632 681 2866 748 Uestra
2886 684 3013 747 Re-

752 802 865 885 gia
897 796 1261 885 CelsitudO,
1280 796 1453 881 quod
1484 815 1626 861 cnm
1657 816 1777 862 nos
1809 792 2091 877 receptis
2127 789 2493 859 huiusmodi
2517 791 2742 857 litteris
2774 791 3009 855 Uestre

754 907 1115 973 Maiestatis
1147 903 1471 970 hominem
1525 909 1817 969 nostrum
1868 921 2010 967 cum
2067 898 2381 982 Magistro
2439 898 2516 964 G.
2569 898 2965 965 misissemus
2989 921 3010 960 ε

750 1014 1159 1100 postmodum
1190 1011 1395 1096 ijdem
1426 1010 1741 1093 Magister
1775 1009 1850 1075 G.
1873 1009 2069 1075 homo
2090 1014 2305 1074 uester
2337 1013 2402 1074 et
2433 1007 2626 1072 homo
2658 1012 2878 1073 noster
2915 1006 3004 1071 ad

752 1142 874 1188 nos
904 1119 1158 1188 reuersi
1190 1119 1377 1185 nobis
1408 1118 1807 1200 retulerunt3
1843 1115 2015 1200 quod
2053 1115 2222 1181 idem
2256 1115 2569 1199 Magister
2618 1114 2703 1180 G.
2752 1114 3004 1200 predic·

752 1234 857 1295 tas
886 1236 1093 1296 terras
1124 1226 1463 1309 Zolontba,
1493 1224 1784 1290 Zakalus
1817 1228 1882 1290 et
1911 1222 2285 1305 Zulgageur
2336 1221 2703 1287 nominatas
2731 1241 3002 1287 comme·

754 1333 967 1400 taneis
999 1333 1134 1400 suis
1170 1341 1233 1400 et
1263 1333 1516 1416 vicinis,
1539 1331 2004 1416 jobagionibus
2067 1330 2315 1396 scilicet
2364 1329 2580 1396 Castri
2621 1328 3002 1395 Kamarien-

751 1439 862 1524 sis,
893 1445 957 1505 et
987 1441 1139 1526 alijs
1186 1440 1574 1526 conuocatis,
1613 1448 1677 1507 et
1709 1440 1951 1508 eisdem
1987 1439 2418 1527 presentibus,
2447 1459 2525 1505 ac
2557 1445 2771 1524 preter
2805 1438 2998 1503 Nico·

750 1546 927 1613 laum
960 1547 1161 1614 filium
1194 1546 1514 1634 Pynkusd
1547 1567 1679 1614 non
1713 1541 2309 1614 contradicentibus
2331 1565 2473 1611 cum
2492 1545 2793 1612 omnibus
2828 1544 3000 1611 utili·

752 1654 994 1722 tatibus
1026 1676 1105 1722 ac
1136 1655 1560 1740 pertinenciis
1592 1675 1821 1723 earum
1852 1655 2078 1723 statuit
2132 1658 2197 1721 et
2246 1652 2614 1736 assignauit
2664 1652 2848 1720 iuxta
2897 1673 3006 1718 ue-

752 1766 955 1828 strum
984 1761 1358 1828 mandatum
1393 1761 1778 1829 dominabus
1813 1762 2140 1829 sororibus
2192 1760 2487 1827 Ecclesie
2539 1761 2742 1828 Beate
2791 1760 3004 1843 Virgi-

749 1868 851 1935 nis
884 1867 1331 1956 possidendas.
1360 1870 1490 1937 Sed
1521 1870 1847 1954 predictus
1879 1870 2191 1937 Nicolaus
2221 1868 2395 1936 filius
2412 1867 2751 1955 Pynkusd,
2783 1869 2897 1952 qui
2927 1888 3002 1935 se

752 1975 923 2043 dixit
953 1996 1099 2045 esse
1118 1976 1544 2062 jobagionem
1579 1976 1793 2043 Castri
1842 1977 2316 2064 Kamariensis,
2366 1976 2629 2063 ibidem,
2684 1987 2748 2043 et
2793 1979 3004 2044 eciam

748 2084 1155 2169 postmodum
1188 2103 1406 2151 coram
1437 2084 1627 2153 nobis
1656 2089 2055 2168 protestatus
2087 2090 2190 2151 est
2251 2092 2314 2152 et
2348 2084 2553 2170 dixit,
2618 2083 2793 2167 quod
2858 2085 3003 2169 ipse

749 2198 816 2259 et
842 2192 1191 2261 Ladizlaus
1253 2193 1454 2260 frater
1483 2212 1638 2261 suus
1672 2194 1741 2258 in
1772 2192 2066 2278 predicta
2115 2200 2287 2260 terra
2342 2193 2630 2260 Zakalus
2684 2192 3004 2259 haberent

747 2301 1134 2387 particulam
1189 2309 1357 2368 terre
1418 2300 1898 2387 hereditariam,
1959 2321 2157 2387 super
2208 2322 2356 2386 qua,
2419 2300 2722 2369 videlicet
2783 2322 3000 2369 eorum

748 2410 1071 2496 porcione,
1105 2408 1503 2476 contradixit
1532 2429 1749 2476 coram
1779 2409 1985 2476 nobis.
2025 2411 2195 2477 Mete
2225 2417 2460 2497 autem,
2500 2410 2999 2479 liminitaciones

754 2523 818 2585 61
847 2517 1105 2584 termini
1136 2517 1292 2585 ville
1323 2518 1596 2586 Zolonta
1626 2516 1943 2603 ZakaluS,
1992 2539 2153 2601 quos
2213 2519 2472 2603 quidem
2504 2520 2808 2587 terminos
2858 2519 3002 2585 siue

753 2633 960 2693 metas
992 2624 1307 2710 Magister
1338 2626 1417 2693 G.
1453 2635 1517 2694 et
1546 2626 1739 2693 homo
1772 2634 1990 2694 noster
2022 2627 2094 2693 in
2145 2628 2401 2715 scriptis
2453 2628 2646 2696 nobis
2698 2628 3001 2696 exhibue-

746 2741 913 2817 runt,
945 2733 1068 2799 hoc
1099 2733 1323 2800 ordine
1356 2734 1832 2819 distinguntur:
1864 2735 2085 2801 Prima
2114 2743 2288 2801 meta
2319 2757 2360 2802 a
2391 2744 2578 2820 parte
2599 2736 3000 2820 septemtrio-

747 2839 885 2906 nali
916 2846 1014 2907 est
1043 2840 1208 2909 villa
1239 2843 1455 2928 Beryn
1489 2850 1552 2910 et
1585 2843 1881 2909 Ecclesia
1915 2843 2284 2911 Waciensis
2317 2844 2384 2908 in
2416 2843 2739 2931 Dudwag,
2791 2844 3004 2911 termi-

744 2970 867 3017 nus
900 2950 990 3017 ibi
1023 2958 1293 3018 uocatur
1324 2949 1591 3017 Kakthu
1625 2951 1693 3016 in
1727 2971 1899 3034 aqua
1929 2951 2269 3036 Dudwag;
2304 2951 2456 3019 item
2489 2953 2776 3021 secunda
2825 2960 3002 3020 meta

745 3058 883 3125 siue
912 3059 1223 3127 terminus
1259 3065 1356 3128 est
1386 3060 1549 3126 villa
1581 3059 1764 3126 Staul
1797 3062 2299 3129 tawarnicorum
2321 3062 2388 3126 in
2421 3061 2808 3147 paludibus;
2842 3061 3000 3126 item

749 3170 835 3234 ab
868 3166 1119 3235 oriente
1152 3167 1512 3234 confinatur
1544 3187 1687 3233 cum
1723 3168 2024 3234 Ecclesia
2055 3167 2382 3236 Jauriensi
2414 3189 2615 3252 usque
2647 3167 3000 3253 piscariam

744 3275 812 3339 in
861 3273 1179 3360 Dudwag,
1231 3294 1357 3357 que
1406 3281 1677 3342 vocatur
1728 3273 1961 3361 beug
1997 3300 2013 3360 ς
2070 3276 2224 3341 116111
2275 3296 2470 3362 supra
2502 3274 2850 3361 Chyugthu
2900 3284 3003 3341 est

743 3382 1011 3466 quidam
1044 3383 1355 3450 terminus
1387 3385 1499 3466 qui
1529 3388 1801 3450 uocatur
1831 3384 2017 3450 Thou
2047 3384 2355 3467 Dudwag
2386 3391 2449 3450 ot
2479 3385 2850 3473 Kueskuth,
2885 3386 2999 3469 qui

745 3491 947 3557 eciam
980 3491 1261 3577 pertinet
1291 3490 1378 3557 ad
1399 3491 1625 3559 villam
1647 3493 1937 3560 Zakalus
1962 3493 2411 3578 supradictam
2431 3517 2447 3579 ;
2485 3494 2638 3559 item
2658 3495 2743 3560 ab
2763 3491 2994 3560 eadem

742 3603 927 3683 parte
962 3597 1198 3665 diuidit
1228 3607 1293 3665 et
1323 3596 1668 3684 distinguit
1700 3600 1976 3684 quedam
2009 3601 2120 3668 via
2155 3603 2235 3668 N.
2272 3624 2312 3668 a
2362 3609 2549 3686 parte
2599 3602 2996 3688 populorum

741 3704 1531 3793 Ar0hiepiscopopalium;
1595 3709 1747 3774 item
1781 3708 1863 3775 ab
1898 3708 2145 3776 oriente
2177 3714 2241 3776 et
2269 3710 2355 3775 ab
2388 3708 2618 3776 eadem
2667 3713 2853 3794 parte
2886 3708 2996 3776 vie

741 3812 970 3898 Scylos
1004 3813 1341 3881 descendit
1368 3815 1455 3881 ad
1485 3822 1722 3882 terram
1757 3817 1863 3881 ubi
1899 3822 2050 3883 sunt
2084 3817 2207 3883 due
2260 3824 2430 3884 mete
2481 3817 2547 3882 in
2597 3817 2743 3901 ipsa
2793 3822 2991 3903 terra,

740 3940 866 4003 que
896 3929 1067 3988 meta
1086 3944 1127 3989 a
1159 3929 1343 4008 parte
1373 3922 1662 3991 inferiori
1694 3923 2205 4009 Archiepiscopo
2224 3925 2669 4012 Strigoniensi,
2695 3926 2994 4009 superior

741 4048 892 4095 uero
924 4035 1094 4097 meta
1126 4031 1468 4116 distinguit
1500 4039 1563 4098 et
1595 4030 1830 4098 diuidit
1861 4033 2014 4100 ville
2046 4033 2336 4099 Zakalus
2390 4031 2799 4119 supradicte;
2834 4034 2992 4098 item

738 4157 780 4203 a
807 4145 994 4222 parte
1029 4138 1436 4205 meridionali
1467 4146 1616 4205 sunt
1649 4139 1776 4206 due
1808 4140 2152 4226 piscature,
2189 4162 2315 4225 que
2341 4141 2650 4225 Weyzhel
2672 4145 2992 4207 uocantur

738 4246 805 4310 111
838 4244 1062 4331 Myler,
1096 4265 1218 4329 que
1250 4254 1393 4312 sunt
1442 4246 1733 4331 ipsorum
1786 4250 2167 4333 populorum
2201 4247 2282 4315 de
2332 4250 2662 4336 Zakalus3
2714 4252 2869 4316 item
2919 4251 2989 4314 in

737 4351 865 4439 via,
900 4371 1015 4436 per
1048 4372 1241 4436 quam
1278 4353 1400 4418 itur
1431 4353 1517 4418 ad
1579 4353 1916 4422 ecclesiam
1945 4407 1959 4440 ‚
1994 4361 2145 4422 sunt
2177 4356 2514 4422 duodecim
2565 4357 2989 4443 piscaciones,

737 4477 859 4543 que
888 4457 1161 4543 Wyzhel
1198 4468 1533 4528 uocantur.
1568 4460 1706 4527 Nec
1741 4468 1957 4528 tamen
1989 4462 2111 4528 hoc
2143 4463 2564 4551 obmittimus,
2616 4464 2785 4546 quod
2842 4485 2986 4550 pre-

737 4561 947 4633 dictus
977 4565 1284 4633 Nicolaus
1315 4587 1357 4634 a
1387 4567 1572 4634 nobis
1600 4569 1947 4650 requisitus
1980 4591 2214 4637 nomen
2247 4577 2310 4637 et
2344 4572 2776 4654 quantitatem
2814 4579 2985 4642 terre
