3319 5249
1727 239 1851 306 138

653 440 991 526 litigarent
1050 440 1533 526 quoquomodo,
1604 445 1759 508 ante
1809 439 1948 507 litis
2001 438 2360 524 ingressum
2409 440 2580 524 parti
2632 436 2909 505 aduerse

654 551 926 640 triginta
956 570 1208 617 marcas
1241 551 1402 643 dare
1434 556 1499 617 et
1530 551 1787 618 soluere
1818 554 2135 615 teneatur.
2201 550 2278 614 In
2312 546 2492 615 cuius
2524 569 2642 634 rey
2673 566 2912 613 memo·

653 660 820 726 riam
851 659 1285 727 concessimus
1317 659 1571 727 litteras
1604 663 1862 726 nostras
1896 664 2195 743 patentes
2227 657 2448 742 sigillo
2480 662 2700 725 nostro
2735 655 2915 739 sigil-

653 770 844 838 latas.
890 771 1135 836 Datum
1186 789 1358 837 anno
1394 766 1657 836 Domini
1715 767 2059 835 millesimo
2097 766 2539 835 ducentesimo
2572 770 2915 850 septuage-

654 879 820 946 simo
853 879 1093 964 quinto,

658 1058 726 1123 (A
751 1061 1012 1126 pozsonyi
1056 1055 1436 1125 kaptalannak
1470 1058 1693 1109 1334-ki
1736 1054 2051 1121 atiratabol,
2097 1073 2131 1109 a
2156 1057 2445 1110 budaikir.
2482 1057 2734 1108 kamarai
2755 1054 2920 1107 level·

1680 1144 1911 1215 tar-ban.)

1577 1415 2006 1428 ———

1731 1761 1837 1829 92.

656 1962 716 2025 A
750 1962 932 2024 νάει-ἱ
964 1962 1413 2047 ka'ptala-nnak
1462 1960 1986 2047 bizonysciylevele
2004 2011 2024 2041 ,
2074 1966 2237 2047 hoyy
2269 1962 2553 2046 Bikchey
2601 1963 2663 2025 6³
2697 1960 2914 2024 e'rdek-

656 2072 887 2149 teir-sai,
923 2093 953 2132 s
984 2069 1201 2133 Endrc
1232 2080 1446 2134 mester
1475 2072 1536 2134 e's
1568 2070 1959 2135 &dektct'rsai
1989 2071 2270 2155 Bikchey
2301 2069 2547 2155 helyae-<J
2578 2066 2911 2134 birtoka'ra

656 2179 717 2241 efs
746 2180 994 2265 πέῆάηῃ
1044 2184 1182 2243 mois
1228 2181 1396 2245 vita's
1445 2180 1733 2245 kdrcleisre
1780 2186 1960 2243 ne'zvc
2010 2181 2379 2266 barcitsciqos
2430 2181 2769 2265 eyyessdqet
2801 2177 2904 2240 1εὸ-

1562 2291 1760 2353 tettek.
1814 2292 2005 2355 1275.

872 2482 1240 2567 Capitulum
1270 2483 1634 2551 Waciensis
1667 2484 1959 2552 Ecclesie
2002 2484 2298 2551 omnibus
2332 2482 2573 2549 Christi
2610 2481 2914 2547 fidelibus

657 2594 887 2679 quibus
938 2599 1274 2678 presentes
1325 2592 1753 2660 ostenduntur
1801 2593 2081 2660 salutem
2132 2593 2200 2658 in
2250 2593 2533 2661 omnium
2566 2591 2913 2659 saluatore.

659 2701 762 2767 Ad
795 2702 1241 2769 vniuersorum
1279 2703 1587 2770 noticiam
1638 2709 1860 2769 tenore
1912 2702 2314 2787 presencium
2358 2704 2658 2769 volumus
2688 2720 2912 2786 perue-

657 2811 831 2878 nire:
883 2808 1058 2893 quod
1107 2811 1490 2879 accedentes
1542 2811 1630 2876 ad
1674 2818 1961 2877 nostram
2014 2813 2424 2895 presenciam
2462 2810 2758 2894 Bikcbey
2792 2828 2912 2891 pro

658 2939 729 2985 se
762 2925 826 2983 et
858 2937 976 3003 pro
1008 2919 1379 3003 Tymodeus
1432 2927 1497 2985 ct
1527 2919 1884 2986 Benedicto
1937 2919 2092 3004 filijs
2144 2921 2319 3004 suis;
2368 2920 2521 2986 item
2552 2920 2763 2985 Pasca
2794 2936 2912 3003 pro

658 3032 723 3093 et
756 3047 872 3114 pro
902 3027 1148 3112 Mykou
1198 3025 1331 3094 filio
1382 3046 1535 3112 suo,
1586 3026 1739 3093 item
1772 3027 2143 3112 Anias-pro
2197 3033 2262 3093 et
2305 3048 2422 3113 pro
2454 3026 2650 3094 Peria
2700 3031 2765 3092 et
2795 3025 2912 3090 Jo-

658 3133 873 3199 hanne
924 3134 1078 3218 filijs
1129 3136 1301 3220 suis,
1348 3135 1501 3201 item
1536 3134 1845 3202 Nicolaus
1888 3141 1954 3202 et
1986 3135 2358 3221 Stephanus
2390 3136 2473 3202 de
2506 3134 2796 3216 Bikchey
2829 3153 2913 3197 ex

655 3263 785 3306 vna
834 3247 1055 3326 parte3
1103 3242 1414 3325 Magister
1462 3242 1762 3310 Andreas
1808 3243 1980 3310 filius
2044 3246 2225 3310 Iwan
2250 3294 2268 3328 ,
2320 3245 2551 3310 Comes
2599 3241 2912 3307 Nicolaus

656 3349 828 3414 filius
862 3348 1098 3435 Babus,
1130 3351 1367 3417 Matias
1389 3350 1561 3416 filius
1578 3351 1777 3436 Petri,
1810 3351 2206 3419 Benedictus
2238 3352 2412 3418 filius
2445 3349 2691 3436 Egi-dij,
2723 3349 2908 3415 Nico-

663 3457 810 3521 laus
843 3457 1014 3524 filius
1047 3457 1295 3526 Thome
1328 3458 1410 3525 de
1442 3459 1602 3544 Popi
1625 3481 1704 3527 ex
1738 3462 1972 3545 altera,
2002 3467 2480 3546 proposuerunt
2511 3456 2912 3525 concorditer

656 3563 807 3630 viua
839 3583 1036 3650 voce,
1086 3564 1258 3649 quod
1309 3587 1453 3633 cum
1484 3567 1652 3635 inter
1684 3569 1862 3655 ipsos
1900 3589 2093 3655 super
2141 3577 2319 3636 terra
2349 3567 2644 3653 Bikcbey
2675 3573 2910 3632 uocata

657 3672 1053 3741 hereditaria
1098 3675 1293 3760 Luce,
1329 3675 1651 3758 Baranch,
1686 3675 1879 3758 Mixe‚
1911 3674 2199 3762 Zowath,
2233 3675 2410 3742 Liter
2442 3683 2506 3742 et
2539 3672 2734 3740 Moda
2766 3673 2912 3739 sine

660 3779 896 3847 herede
975 3780 1471 3870 decedencium,
1557 3783 2188 3867 consanguineorum
2251 3783 2554 3849 videlicet
2614 3780 2909 3865 Bikchei,

656 3889 887 3976 Pasca,
926 3887 1116 3974 Anie,
1151 3890 1430 3975 Nicolay
1463 3897 1526 3957 et
1562 3891 1876 3977 Stephani
1909 3891 2340 3977 predictorum
2362 3944 2380 3978 ‚
2437 3910 2634 3975 quam
2665 3894 2907 3953 terram

657 3994 952 4062 dominus
1002 3997 1142 4065 Rex
1192 3998 1437 4066 eisdem
1486 3998 1780 4088 Audi-ee,
1831 3998 2105 4067 Nicolao
2125 4052 2145 4088 ,
2197 3999 2393 4067 Matie
2444 4007 2509 4066 et
2557 3995 2910 4065 Benedicto

656 4101 1056 4187 contulisset,
1108 4111 1174 4171 et
1220 4125 1416 4193 super
1455 4107 1759 4194 dampnis
1809 4106 2216 4192 quibusdam,
2269 4126 2464 4191 super
2514 4105 2749 4189 quibus
2780 4102 2911 4167 An-

659 4206 869 4288 dreas,
922 4209 1274 4296 Nicolaus,
1322 4214 1560 4282 Matias
1625 4220 1691 4281 et
1740 4215 2139 4283 Benedictus
2201 4214 2516 4283 antedicti
2577 4218 2781 4279 testes
2842 4213 2911 4277 in

658 4315 998 4398 quindenis
1065 4317 1362 4386 Omnium
1419 4322 1798 4390 Sanctorum
1862 4322 2234 4392 debuissent
2283 4321 2637 4407 producere
2689 4340 2910 4387 coram

659 4422 863 4507 nobis,
915 4444 994 4490 ac
1044 4444 1238 4510 super
1291 4429 1442 4512 alijs
1495 4430 1884 4515 quibusdam
1926 4432 2201 4519 judicijs
2256 4450 2456 4498 causa
2505 4426 2913 4513 aliquamdiu

657 4531 885 4602 fuisset
944 4533 1283 4624 ventilata,
1350 4538 1785 4608 mediantibus
1846 4541 2067 4625 probis
2132 4540 2290 4608 viris
2352 4537 2683 4608 nobilibus
2745 4533 2914 4601 inter
