3319 5249
1429 365 1548 426 111

301 554 636 642 sitatibus,
690 555 908 622 omnia
940 561 1006 618 et
1035 555 1298 639 singula
1327 556 1705 642 supradicta
1737 556 2073 625 attendere
2107 563 2170 623 et
2199 559 2563 641 observare,

301 671 367 728 et
403 685 535 729 non
570 663 1023 731 contravenire
1073 662 1152 729 de
1175 665 1324 748 jure
1377 667 1480 733 vel
1512 665 1594 732 de
1629 665 1823 746 facto,
1872 667 1992 732 sub
2023 665 2429 750 obligacione
2462 667 2570 731 bo-

300 791 540 837 norum
589 770 876 837 omnium
911 771 1417 838 Universitatum
1451 775 1760 858 ipsarum.
1828 774 1903 839 In
1938 777 2125 858 cujus
2160 774 2254 840 rei
2283 776 2567 841 testimo-

300 879 508 963 nium,
561 889 626 946 et
657 879 933 965 predicti
986 878 1228 945 domini
1261 881 1456 962 Regis
1486 883 1711 947 Sicilie
1761 902 1838 947 ac
1888 881 2327 967 predictorum
2361 878 2569 946 Sindi·

305 1008 532 1052 corum
567 987 847 1071 nomine,
877 994 939 1051 et
971 1007 1088 1071 pro
1119 994 1302 1072 parte
1336 989 1648 1055 dictarum
1670 989 2181 1056 Universitatum
2215 988 2568 1068 cautelam,

305 1115 581 1178 presens
613 1095 927 1176 scriptum
963 1093 1198 1159 exinde
1230 1097 1591 1163 confectum
1644 1104 1707 1161 et
1742 1116 1858 1180 per
1887 1116 2120 1163 manus
2153 1099 2279 1162 mei
2312 1098 2564 1163 Notarii

303 1201 586 1287 predicti
638 1201 906 1268 Matthei
940 1205 1243 1270 Barabeli
1281 1205 1362 1271 de
1392 1207 1651 1291 Gajeta,
1706 1205 2001 1290 ejusdem
2042 1206 2231 1272 Curie
2264 1204 2565 1272 Actualis

307 1311 584 1393 Notat-ii,
634 1330 775 1375 meo
813 1310 1000 1393 signo
1034 1311 1381 1394 signatum,
1438 1321 1503 1381 et
1531 1333 1749 1394 manu,
1802 1315 1910 1396 qui
1943 1334 2140 1399 supra
2171 1313 2472 1380 Judicum
2505 1322 2567 1378 et

307 1419 871 1503 infrascriptorum
907 1419 1164 1485 testium
1201 1422 1782 1506 subscriptionibus
1817 1424 2208 1488 roboratum.

1710 1530 2025 1595 matheus,

1349 1638 1487 1718 Ego
1539 1636 2028 1704 Bai-tholomeus
2080 1637 2159 1703 de
2211 1635 2436 1701 Staffis
2492 1634 2571 1700 dc

1407 1745 1610 1828 Regio
1629 1747 1865 1828 Magne
1891 1747 2094 1826 Regie
2117 1745 2308 1809 Curie
2328 1743 2568 1810 Judex.

1353 1852 1488 1935 Ego
1537 1853 1823 1918 Jacobus
1873 1852 1951 1917 de
2007 1851 2280 1918 Udaudo
2333 1851 2568 1933 Magne

1579 1961 1782 2044 Regie
1836 1960 2027 2026 Curio
2069 1961 2302 2026 Judex.

1347 2068 1487 2149 Ego
1509 2067 1799 2134 Joannes
1833 2066 1911 2131 dc
1942 2068 2198 2133 Alrcllo
2226 2069 2363 2133 Vie.
2397 2068 2564 2146 Mag.

1888 2176 2024 2241 Jus.

1353 2285 1488 2365 Ego
1508 2284 1788 2349 Thomas
1812 2281 1891 2348 de
1913 2286 2109 2349 Porta
2140 2283 2177 2348 J
2187 2283 2314 2349 uris
2340 2282 2563 2346 (ivilis

1351 2391 1602 2474 Doctor‚
1613 2390 1808 2472 Regis
1825 2391 2268 2474 Consiliarius,
2284 2393 2349 2456 in
2374 2391 2560 2456 fidem

1775 2499 2155 2585 subscripsi.

1352 2608 1488 2691 Ego
1518 2607 1806 2673 Joannes
1840 2607 1920 2673 de
1954 2607 2247 2689 Bragida
2281 2606 2484 2672 testis.

306 2793 529 2852 {Lucius
558 2784 771 2845 Jimos,
820 2790 894 2838 De
944 2790 1129 2847 Regno
1155 2790 1456 2840 Dalmatiae
1505 2798 1556 2838 vt
1597 2790 1845 2841 (fronti-‘to
1892 2791 2010 2841 libri
2057 2807 2164 2839 sex.
2196 2787 2342 2839 Boc-².
2398 2789 2556 2845 1758.

1341 2882 1454 2929 175.
1486 2881 1540 2931 l)

1231 3131 1639 3141 ..ψ-*ψ

1388 3506 1493 3574 69.

323 3709 525 3771 mm
559 3706 897 3770 miclon-nuk
932 3703 1043 3769 Sol
1074 3706 1137 3771 (ἴε
1169 3705 1379 3789 Eqrcq
1420 3713 1577 3768 nevil
1593 3706 1977 3789 jo'sza'qokat
2011 3709 2321 3792 ta'rqyazd
2351 3708 2503 3769 hata'
2512 3729 2565 3767 1·-

491 3815 724 3899 ja'rdsi
745 3800 1072 3899 pard‘ncsa
1104 3837 1142 3876 a
1179 3814 1476 3877 zalavciri
1504 3813 1890 3877 konventhez.
1946 3817 2137 3879 1274.
2178 3814 2387 3878 kur-iil.

529 4011 611 4077 D.
663 4010 1036 4092 PalatinuS,
1090 4009 1316 4075 Comes
1370 4008 1451 4074 de
1484 4007 1732 4098 chych
1782 4016 1846 4075 et
1881 4009 2095 4077 Judex
2140 4009 2568 4076 Cumanorum

318 4117 555 4184 Abbati
608 4125 673 4184 et
704 4118 1061 4185 Conuentui
1100 4117 1480 4184 Zaladiensi
1533 4118 1795 4203 plenam
1848 4114 2290 4184 dileccionem.
2339 4118 2574 4200 Requi-

321 4226 520 4292 rimus
553 4246 595 4291 a
628 4226 812 4292 uobis
846 4226 1218 4310 diligenter,
1258 4233 1578 4309 quatenus
1613 4226 1783 4291 detis
1816 4232 2098 4291 uestrum
2134 4225 2572 4292 testimonium

318 4333 660 4417 ydoneum,
709 4353 920 4399 coram
956 4353 1081 4416 quo
1116 4332 1457 4400 Kereehen
1509 4332 1593 4399 de
1624 4331 1959 4400 Kerechen
2012 4331 2199 4398 homo
2231 4340 2452 4400 noster
2483 4353 2571 4398 re-

320 4441 609 4508 ambulet
667 4450 902 4507 terram
958 4441 1069 4508 Sol
1119 4442 1439 4527 Prepositi
1495 4442 1576 4508 de
1626 4440 1925 4528 Dymisio
1976 4447 2038 4507 et
2091 4439 2270 4525 Oguz
2312 4441 2576 4507 Comitis

321 4533 853 4633 wesprimiensis
906 4550 1118 4633 Egreg
1170 4557 1508 4637 vocatam,
1549 4557 1614 4615 ct
1662 4550 1961 4616 restituat
2012 4549 2278 4629 eisdem,
2332 4551 2386 4616 si
2443 4572 2569 4615 nou

321 4654 513 4724 suerit
549 4658 1051 4746 contradictum,
1104 4658 1610 4726 contradictores
1673 4678 1858 4743 vere,
1898 4660 1952 4724 si
2006 4660 2115 4741 qui
2180 4658 2436 4750 ijuerint,
2493 4658 2574 4724 ad
