<?xml version="1.0" encoding="UTF-8"?>
<!DOCTYPE html PUBLIC "-//W3C//DTD XHTML 1.0 Transitional//EN"
    "http://www.w3.org/TR/xhtml1/DTD/xhtml1-transitional.dtd">
<html xmlns="http://www.w3.org/1999/xhtml" xml:lang="en" lang="en">
 <head>
  <title>
</title>
<meta http-equiv="Content-Type" content="text/html;charset=utf-8" />
  <meta name='ocr-system' content='tesseract 3.04.00' />
  <meta name='ocr-capabilities' content='ocr_page ocr_carea ocr_par ocr_line ocrx_word'/>
</head>
<body>
  <div class='ocr_page' id='page_1' title='image "./rpdkorijokmnytr00wenzgoog_0607.png"; bbox 0 0 3319 5249; ppageno 0'>
   <div class='ocr_carea' id='block_1_1' title="bbox 182 410 2462 4688">
    <p class='ocr_par' dir='ltr' id='par_1_1' title="bbox 1146 410 1463 505">
     <span class='ocr_line' id='line_1_1' title="bbox 1146 410 1463 505; baseline -0.003 -1"><span class='ocrx_word' id='word_1_1' title='bbox 1146 410 1463 505; x_wconf 53' lang='lat' dir='ltr'><strong>AEL-</strong></span> 
     </span>
    </p>

    <p class='ocr_par' dir='ltr' id='par_1_2' title="bbox 183 599 2429 903">
     <span class='ocr_line' id='line_1_2' title="bbox 183 599 2426 687; baseline 0.002 -22"><span class='ocrx_word' id='word_1_2' title='bbox 183 600 341 683; x_wconf 90' lang='lat' dir='ltr'><strong>quod</strong></span> <span class='ocrx_word' id='word_1_3' title='bbox 374 601 616 669; x_wconf 90' lang='lat' dir='ltr'><strong>nobilis</strong></span> <span class='ocrx_word' id='word_1_4' title='bbox 650 603 749 668; x_wconf 84' lang='lat' dir='ltr'><strong>vir</strong></span> <span class='ocrx_word' id='word_1_5' title='bbox 799 603 1182 687; x_wconf 79' lang='lat' dir='ltr'><strong>Lampertus</strong></span> <span class='ocrx_word' id='word_1_6' title='bbox 1215 601 1388 668; x_wconf 85' lang='lat' dir='ltr'><strong>filius</strong></span> <span class='ocrx_word' id='word_1_7' title='bbox 1440 602 1719 685; x_wconf 85' lang='lat' dir='ltr'><strong>Nycolai</strong></span> <span class='ocrx_word' id='word_1_8' title='bbox 1754 599 1834 667; x_wconf 91' lang='lat' dir='ltr'><strong>de</strong></span> <span class='ocrx_word' id='word_1_9' title='bbox 1884 622 2120 687; x_wconf 80' lang='lat' dir='ltr'>genere</span> <span class='ocrx_word' id='word_1_10' title='bbox 2181 603 2426 671; x_wconf 89' lang='lat' dir='ltr'><strong>Hunth-</strong></span> 
     </span>
     <span class='ocr_line' id='line_1_3' title="bbox 184 707 2429 796; baseline 0.001 -22"><span class='ocrx_word' id='word_1_11' title='bbox 184 728 429 790; x_wconf 86' lang='lat' dir='ltr'><strong>paznan</strong></span> <span class='ocrx_word' id='word_1_12' title='bbox 461 709 551 774; x_wconf 87' lang='lat' dir='ltr'><strong>ad</strong></span> <span class='ocrx_word' id='word_1_13' title='bbox 581 709 986 794; x_wconf 82' lang='lat' dir='ltr'>presenciam</span> <span class='ocrx_word' id='word_1_14' title='bbox 1049 715 1337 775; x_wconf 90' lang='lat' dir='ltr'><strong>nostram</strong></span> <span class='ocrx_word' id='word_1_15' title='bbox 1390 707 1744 794; x_wconf 79' lang='lat' dir='ltr'>accedens,</span> <span class='ocrx_word' id='word_1_16' title='bbox 1792 709 2128 776; x_wconf 82' lang='lat' dir='ltr'><strong>dimidiam</strong></span> <span class='ocrx_word' id='word_1_17' title='bbox 2176 719 2429 796; x_wconf 87' lang='lat' dir='ltr'><strong>partem</strong></span> 
     </span>
     <span class='ocr_line' id='line_1_4' title="bbox 184 816 2420 903; baseline 0.001 -22"><span class='ocrx_word' id='word_1_18' title='bbox 184 817 606 899; x_wconf 79' lang='lat' dir='ltr'><strong>possessionis</strong></span> <span class='ocrx_word' id='word_1_19' title='bbox 638 817 779 883; x_wconf 90' lang='lat' dir='ltr'><strong>siue</strong></span> <span class='ocrx_word' id='word_1_20' title='bbox 811 826 978 883; x_wconf 89' lang='lat' dir='ltr'><strong>terre</strong></span> <span class='ocrx_word' id='word_1_21' title='bbox 1008 837 1126 883; x_wconf 89' lang='lat' dir='ltr'><strong>sue</strong></span> <span class='ocrx_word' id='word_1_22' title='bbox 1159 816 1315 883; x_wconf 92' lang='lat' dir='ltr'><strong>Beel</strong></span> <span class='ocrx_word' id='word_1_23' title='bbox 1345 823 1573 883; x_wconf 89' lang='lat' dir='ltr'><strong>uocate</strong></span> <span class='ocrx_word' id='word_1_24' title='bbox 1603 816 1724 884; x_wconf 89' lang='lat' dir='ltr'><strong>sub</strong></span> <span class='ocrx_word' id='word_1_25' title='bbox 1779 823 1998 884; x_wconf 91' lang='lat' dir='ltr'><strong>monte</strong></span> <span class='ocrx_word' id='word_1_26' title='bbox 2048 817 2298 903; x_wconf 79' lang='lat' dir='ltr'><strong>Scycen</strong></span> <span class='ocrx_word' id='word_1_27' title='bbox 2352 819 2420 884; x_wconf 90' lang='lat' dir='ltr'><strong>iu</strong></span> 
     </span>
    </p>

    <p class='ocr_par' dir='ltr' id='par_1_3' title="bbox 182 922 2427 1118">
     <span class='ocr_line' id='line_1_5' title="bbox 185 922 2427 1010; baseline 0.003 -22"><span class='ocrx_word' id='word_1_28' title='bbox 185 922 497 992; x_wconf 84' lang='lat' dir='ltr'><strong>Comitatu</strong></span> <span class='ocrx_word' id='word_1_29' title='bbox 533 925 854 991; x_wconf 91' lang='lat' dir='ltr'><strong>Huntensi</strong></span> <span class='ocrx_word' id='word_1_30' title='bbox 888 924 1247 1010; x_wconf 86' lang='lat' dir='ltr'><strong>existentis,</strong></span> <span class='ocrx_word' id='word_1_31' title='bbox 1302 925 1498 991; x_wconf 87' lang='lat' dir='ltr'><strong>certis</strong></span> <span class='ocrx_word' id='word_1_32' title='bbox 1534 923 1720 991; x_wconf 88' lang='lat' dir='ltr'><strong>metis</strong></span> <span class='ocrx_word' id='word_1_33' title='bbox 1755 930 1820 991; x_wconf 89' lang='lat' dir='ltr'><strong>et</strong></span> <span class='ocrx_word' id='word_1_34' title='bbox 1868 924 2156 1008; x_wconf 83' lang='lat' dir='ltr'><strong>antiquis</strong></span> <span class='ocrx_word' id='word_1_35' title='bbox 2210 929 2427 994; x_wconf 87' lang='lat' dir='ltr'><strong>termi-</strong></span> 
     </span>
     <span class='ocr_line' id='line_1_6' title="bbox 182 1030 2417 1118; baseline 0.003 -23"><span class='ocrx_word' id='word_1_36' title='bbox 182 1030 271 1096; x_wconf 88' lang='lat' dir='ltr'><strong>nis</strong></span> <span class='ocrx_word' id='word_1_37' title='bbox 299 1031 597 1117; x_wconf 84' lang='lat' dir='ltr'><strong>limitate,</strong></span> <span class='ocrx_word' id='word_1_38' title='bbox 632 1031 938 1100; x_wconf 84' lang='lat' dir='ltr'><strong>videlicet</strong></span> <span class='ocrx_word' id='word_1_39' title='bbox 966 1033 1340 1118; x_wconf 79' lang='lat' dir='ltr'>porcionem</span> <span class='ocrx_word' id='word_1_40' title='bbox 1374 1031 1458 1097; x_wconf 93' lang='lat' dir='ltr'><strong>de</strong></span> <span class='ocrx_word' id='word_1_41' title='bbox 1495 1030 1725 1099; x_wconf 90' lang='lat' dir='ltr'><strong>eadem</strong></span> <span class='ocrx_word' id='word_1_42' title='bbox 1760 1032 2174 1117; x_wconf 88' lang='lat' dir='ltr'><strong>possessione</strong></span> <span class='ocrx_word' id='word_1_43' title='bbox 2206 1032 2417 1118; x_wconf 90' lang='lat' dir='ltr'><strong>ipsum</strong></span> 
     </span>
    </p>

    <p class='ocr_par' dir='ltr' id='par_1_4' title="bbox 186 1138 2428 1333">
     <span class='ocr_line' id='line_1_7' title="bbox 187 1138 2428 1227; baseline 0.002 -23"><span class='ocrx_word' id='word_1_44' title='bbox 187 1138 257 1205; x_wconf 90' lang='lat' dir='ltr'><strong>de</strong></span> <span class='ocrx_word' id='word_1_45' title='bbox 287 1138 423 1205; x_wconf 86' lang='lat' dir='ltr'><strong>iure</strong></span> <span class='ocrx_word' id='word_1_46' title='bbox 456 1139 850 1209; x_wconf 86' lang='lat' dir='ltr'><strong>hereditario</strong></span> <span class='ocrx_word' id='word_1_47' title='bbox 882 1142 1389 1227; x_wconf 83' lang='lat' dir='ltr'><strong>contingentem,</strong></span> <span class='ocrx_word' id='word_1_48' title='bbox 1424 1159 1508 1206; x_wconf 88' lang='lat' dir='ltr'><strong>ex</strong></span> <span class='ocrx_word' id='word_1_49' title='bbox 1540 1139 1972 1226; x_wconf 88' lang='lat' dir='ltr'><strong>permissione</strong></span> <span class='ocrx_word' id='word_1_50' title='bbox 2005 1147 2070 1206; x_wconf 90' lang='lat' dir='ltr'><strong>et</strong></span> <span class='ocrx_word' id='word_1_51' title='bbox 2118 1142 2428 1226; x_wconf 75' lang='lat' dir='ltr'><strong>benepla-</strong></span> 
     </span>
     <span class='ocr_line' id='line_1_8' title="bbox 186 1248 2417 1333; baseline 0.002 -23"><span class='ocrx_word' id='word_1_52' title='bbox 186 1248 300 1315; x_wconf 84' lang='lat' dir='ltr'><strong>cito</strong></span> <span class='ocrx_word' id='word_1_53' title='bbox 332 1268 414 1314; x_wconf 90' lang='lat' dir='ltr'><strong>ac</strong></span> <span class='ocrx_word' id='word_1_54' title='bbox 442 1267 762 1316; x_wconf 91' lang='lat' dir='ltr'><strong>consensu</strong></span> <span class='ocrx_word' id='word_1_55' title='bbox 794 1253 1378 1316; x_wconf 89' lang='lat' dir='ltr'><strong>commetaneorum</strong></span> <span class='ocrx_word' id='word_1_56' title='bbox 1401 1253 1464 1313; x_wconf 90' lang='lat' dir='ltr'><strong>et</strong></span> <span class='ocrx_word' id='word_1_57' title='bbox 1483 1248 2114 1332; x_wconf 88' lang='lat' dir='ltr'><strong>consanguineorum</strong></span> <span class='ocrx_word' id='word_1_58' title='bbox 2134 1269 2417 1333; x_wconf 90' lang='lat' dir='ltr'><strong>suorum,</strong></span> 
     </span>
    </p>

    <p class='ocr_par' dir='ltr' id='par_1_5' title="bbox 185 1353 2462 4688">
     <span class='ocr_line' id='line_1_9' title="bbox 185 1353 2429 1440; baseline 0.002 -22"><span class='ocrx_word' id='word_1_59' title='bbox 185 1353 579 1440; x_wconf 81' lang='lat' dir='ltr'><strong>scilicetfilij</strong></span> <span class='ocrx_word' id='word_1_60' title='bbox 613 1357 778 1423; x_wconf 90' lang='lat' dir='ltr'><strong>Ders</strong></span> <span class='ocrx_word' id='word_1_61' title='bbox 814 1358 898 1423; x_wconf 89' lang='lat' dir='ltr'><strong>de</strong></span> <span class='ocrx_word' id='word_1_62' title='bbox 929 1376 1167 1440; x_wconf 88' lang='lat' dir='ltr'><strong>magno</strong></span> <span class='ocrx_word' id='word_1_63' title='bbox 1201 1376 1365 1423; x_wconf 88' lang='lat' dir='ltr'><strong>naso</strong></span> <span class='ocrx_word' id='word_1_64' title='bbox 1396 1375 1541 1423; x_wconf 90' lang='lat' dir='ltr'><strong>cum</strong></span> <span class='ocrx_word' id='word_1_65' title='bbox 1573 1355 1733 1422; x_wconf 83' lang='lat' dir='ltr'><strong>villa</strong></span> <span class='ocrx_word' id='word_1_66' title='bbox 1764 1376 1885 1422; x_wconf 89' lang='lat' dir='ltr'><strong>sua</strong></span> <span class='ocrx_word' id='word_1_67' title='bbox 1929 1355 2168 1422; x_wconf 90' lang='lat' dir='ltr'><strong>Princh</strong></span> <span class='ocrx_word' id='word_1_68' title='bbox 2195 1362 2429 1422; x_wconf 84' lang='lat' dir='ltr'><strong>uocata</strong></span> 
     </span>
     <span class='ocr_line' id='line_1_10' title="bbox 189 1462 2430 1551; baseline 0.001 -25"><span class='ocrx_word' id='word_1_69' title='bbox 189 1462 388 1530; x_wconf 88' lang='lat' dir='ltr'><strong>eidem</strong></span> <span class='ocrx_word' id='word_1_70' title='bbox 476 1463 872 1551; x_wconf 85' lang='lat' dir='ltr'><strong>possessioni</strong></span> <span class='ocrx_word' id='word_1_71' title='bbox 959 1464 1253 1550; x_wconf 84' lang='lat' dir='ltr'><strong>proxime</strong></span> <span class='ocrx_word' id='word_1_72' title='bbox 1313 1464 1705 1547; x_wconf 88' lang='lat' dir='ltr'><strong>uicinantis;</strong></span> <span class='ocrx_word' id='word_1_73' title='bbox 1769 1469 1835 1531; x_wconf 91' lang='lat' dir='ltr'><strong>et</strong></span> <span class='ocrx_word' id='word_1_74' title='bbox 1893 1462 2254 1530; x_wconf 80' lang='lat' dir='ltr'><strong>Alexandri</strong></span> <span class='ocrx_word' id='word_1_75' title='bbox 2314 1463 2430 1547; x_wconf 87' lang='lat' dir='ltr'><strong>filij</strong></span> 
     </span>
     <span class='ocr_line' id='line_1_11' title="bbox 187 1570 2433 1657; baseline 0.001 -22"><span class='ocrx_word' id='word_1_76' title='bbox 187 1570 366 1637; x_wconf 85' lang='lat' dir='ltr'><strong>Welk</strong></span> <span class='ocrx_word' id='word_1_77' title='bbox 398 1572 485 1638; x_wconf 90' lang='lat' dir='ltr'><strong>de</strong></span> <span class='ocrx_word' id='word_1_78' title='bbox 518 1571 954 1657; x_wconf 90' lang='lat' dir='ltr'><strong>generacione</strong></span> <span class='ocrx_word' id='word_1_79' title='bbox 986 1592 1107 1639; x_wconf 92' lang='lat' dir='ltr'><strong>sua</strong></span> <span class='ocrx_word' id='word_1_80' title='bbox 1140 1573 1395 1657; x_wconf 84' lang='lat' dir='ltr'><strong>prefata</strong></span> <span class='ocrx_word' id='word_1_81' title='bbox 1429 1572 1493 1638; x_wconf 91' lang='lat' dir='ltr'><strong>in</strong></span> <span class='ocrx_word' id='word_1_82' title='bbox 1548 1571 1883 1639; x_wconf 76' lang='lat' dir='ltr'><strong>vicinitate</strong></span> <span class='ocrx_word' id='word_1_83' title='bbox 1915 1592 2062 1639; x_wconf 91' lang='lat' dir='ltr'><strong>cum</strong></span> <span class='ocrx_word' id='word_1_84' title='bbox 2095 1570 2258 1639; x_wconf 86' lang='lat' dir='ltr'><strong>villa</strong></span> <span class='ocrx_word' id='word_1_85' title='bbox 2307 1591 2433 1638; x_wconf 91' lang='lat' dir='ltr'><strong>sua</strong></span> 
     </span>
     <span class='ocr_line' id='line_1_12' title="bbox 189 1679 2438 1767; baseline 0 -24"><span class='ocrx_word' id='word_1_86' title='bbox 189 1679 495 1747; x_wconf 84' lang='lat' dir='ltr'><strong>Kalesata</strong></span> <span class='ocrx_word' id='word_1_87' title='bbox 527 1687 766 1747; x_wconf 88' lang='lat' dir='ltr'><strong>uocata</strong></span> <span class='ocrx_word' id='word_1_88' title='bbox 796 1682 1002 1748; x_wconf 91' lang='lat' dir='ltr'><strong>eciam</strong></span> <span class='ocrx_word' id='word_1_89' title='bbox 1057 1680 1459 1765; x_wconf 88' lang='lat' dir='ltr'><strong>adiacentis,</strong></span> <span class='ocrx_word' id='word_1_90' title='bbox 1508 1699 1626 1767; x_wconf 89' lang='lat' dir='ltr'><strong>pro</strong></span> <span class='ocrx_word' id='word_1_91' title='bbox 1680 1679 1985 1748; x_wconf 88' lang='lat' dir='ltr'><strong>trecentis</strong></span> <span class='ocrx_word' id='word_1_92' title='bbox 2044 1679 2284 1747; x_wconf 87' lang='lat' dir='ltr'><strong>marcis</strong></span> <span class='ocrx_word' id='word_1_93' title='bbox 2339 1698 2438 1745; x_wconf 88' lang='lat' dir='ltr'><strong>ar-</strong></span> 
     </span>
     <span class='ocr_line' id='line_1_13' title="bbox 187 1786 2430 1875; baseline -0 -22"><span class='ocrx_word' id='word_1_94' title='bbox 187 1788 361 1872; x_wconf 86' lang='lat' dir='ltr'><strong>genti</strong></span> <span class='ocrx_word' id='word_1_95' title='bbox 384 1787 471 1854; x_wconf 90' lang='lat' dir='ltr'><strong>de</strong></span> <span class='ocrx_word' id='word_1_96' title='bbox 501 1789 756 1875; x_wconf 87' lang='lat' dir='ltr'><strong>Banya,</strong></span> <span class='ocrx_word' id='word_1_97' title='bbox 791 1789 876 1856; x_wconf 89' lang='lat' dir='ltr'><strong>ad</strong></span> <span class='ocrx_word' id='word_1_98' title='bbox 912 1790 1173 1875; x_wconf 91' lang='lat' dir='ltr'><strong>plenum</strong></span> <span class='ocrx_word' id='word_1_99' title='bbox 1226 1789 1467 1855; x_wconf 89' lang='lat' dir='ltr'><strong>habitis</strong></span> <span class='ocrx_word' id='word_1_100' title='bbox 1501 1794 1564 1853; x_wconf 94' lang='lat' dir='ltr'><strong>et</strong></span> <span class='ocrx_word' id='word_1_101' title='bbox 1616 1786 1920 1873; x_wconf 89' lang='lat' dir='ltr'><strong>receptis,</strong></span> <span class='ocrx_word' id='word_1_102' title='bbox 1969 1787 2241 1854; x_wconf 90' lang='lat' dir='ltr'><strong>honesto</strong></span> <span class='ocrx_word' id='word_1_103' title='bbox 2291 1786 2430 1854; x_wconf 84' lang='lat' dir='ltr'><strong>viro</strong></span> 
     </span>
     <span class='ocr_line' id='line_1_14' title="bbox 188 1893 2433 1981; baseline 0.001 -23"><span class='ocrx_word' id='word_1_104' title='bbox 188 1894 475 1978; x_wconf 86' lang='lat' dir='ltr'><strong>Nycolao</strong></span> <span class='ocrx_word' id='word_1_105' title='bbox 508 1895 643 1961; x_wconf 91' lang='lat' dir='ltr'><strong>filio</strong></span> <span class='ocrx_word' id='word_1_106' title='bbox 677 1897 988 1964; x_wconf 88' lang='lat' dir='ltr'><strong>Hermani</strong></span> <span class='ocrx_word' id='word_1_107' title='bbox 1023 1897 1103 1964; x_wconf 89' lang='lat' dir='ltr'><strong>de</strong></span> <span class='ocrx_word' id='word_1_108' title='bbox 1136 1896 1649 1981; x_wconf 80' lang='lat' dir='ltr'><strong>Selmeczbanya</strong></span> <span class='ocrx_word' id='word_1_109' title='bbox 1684 1895 1832 1980; x_wconf 92' lang='lat' dir='ltr'><strong>ciui,</strong></span> <span class='ocrx_word' id='word_1_110' title='bbox 1865 1914 1980 1980; x_wconf 91' lang='lat' dir='ltr'><strong>pro</strong></span> <span class='ocrx_word' id='word_1_111' title='bbox 2015 1914 2144 1978; x_wconf 91' lang='lat' dir='ltr'><strong>quo</strong></span> <span class='ocrx_word' id='word_1_112' title='bbox 2166 1893 2433 1962; x_wconf 90' lang='lat' dir='ltr'><strong>Vrricus</strong></span> 
     </span>
     <span class='ocr_line' id='line_1_15' title="bbox 189 2001 2434 2091; baseline -0 -24"><span class='ocrx_word' id='word_1_113' title='bbox 189 2001 349 2068; x_wconf 87' lang='lat' dir='ltr'><strong>filius</strong></span> <span class='ocrx_word' id='word_1_114' title='bbox 381 2001 658 2070; x_wconf 84' lang='lat' dir='ltr'><strong>Sesrech</strong></span> <span class='ocrx_word' id='word_1_115' title='bbox 693 2005 987 2073; x_wconf 90' lang='lat' dir='ltr'><strong>seruiens</strong></span> <span class='ocrx_word' id='word_1_116' title='bbox 1022 2024 1181 2072; x_wconf 85' lang='lat' dir='ltr'><strong>suus</strong></span> <span class='ocrx_word' id='word_1_117' title='bbox 1212 2024 1412 2091; x_wconf 87' lang='lat' dir='ltr'><strong>super</strong></span> <span class='ocrx_word' id='word_1_118' title='bbox 1442 2004 1561 2070; x_wconf 94' lang='lat' dir='ltr'><strong>hoc</strong></span> <span class='ocrx_word' id='word_1_119' title='bbox 1582 2003 1756 2069; x_wconf 89' lang='lat' dir='ltr'><strong>facto</strong></span> <span class='ocrx_word' id='word_1_120' title='bbox 1807 2003 2171 2088; x_wconf 80' lang='lat' dir='ltr'><strong>comparuit</strong></span> <span class='ocrx_word' id='word_1_121' title='bbox 2218 2021 2434 2068; x_wconf 93' lang='lat' dir='ltr'><strong>coram</strong></span> 
     </span>
     <span class='ocr_line' id='line_1_16' title="bbox 189 2109 2436 2197; baseline 0.002 -24"><span class='ocrx_word' id='word_1_122' title='bbox 189 2110 381 2193; x_wconf 86' lang='lat' dir='ltr'><strong>nobis,</strong></span> <span class='ocrx_word' id='word_1_123' title='bbox 419 2119 486 2179; x_wconf 90' lang='lat' dir='ltr'><strong>et</strong></span> <span class='ocrx_word' id='word_1_124' title='bbox 517 2110 1008 2196; x_wconf 81' lang='lat' dir='ltr'><strong>posteritatibus</strong></span> <span class='ocrx_word' id='word_1_125' title='bbox 1044 2112 1330 2179; x_wconf 89' lang='lat' dir='ltr'><strong>eiusdem</strong></span> <span class='ocrx_word' id='word_1_126' title='bbox 1362 2111 1646 2197; x_wconf 80' lang='lat' dir='ltr'><strong>Nycolai</strong></span> <span class='ocrx_word' id='word_1_127' title='bbox 1669 2109 2060 2179; x_wconf 91' lang='lat' dir='ltr'><strong>successiuis</strong></span> <span class='ocrx_word' id='word_1_128' title='bbox 2100 2110 2436 2177; x_wconf 76' lang='lat' dir='ltr'><strong>consessus</strong></span> 
     </span>
     <span class='ocr_line' id='line_1_17' title="bbox 190 2202 2439 2308; baseline -0 -24"><span class='ocrx_word' id='word_1_129' title='bbox 190 2224 275 2284; x_wconf 81' lang='lat' dir='ltr'><strong>est</strong></span> <span class='ocrx_word' id='word_1_130' title='bbox 305 2202 378 2286; x_wconf 88' lang='lat' dir='ltr'><strong>se</strong></span> <span class='ocrx_word' id='word_1_131' title='bbox 410 2218 790 2286; x_wconf 83' lang='lat' dir='ltr'><strong>vendidisse</strong></span> <span class='ocrx_word' id='word_1_132' title='bbox 821 2227 886 2287; x_wconf 92' lang='lat' dir='ltr'><strong>et</strong></span> <span class='ocrx_word' id='word_1_133' title='bbox 917 2221 1311 2308; x_wconf 85' lang='lat' dir='ltr'><strong>assignasse,</strong></span> <span class='ocrx_word' id='word_1_134' title='bbox 1346 2240 1475 2289; x_wconf 85' lang='lat' dir='ltr'><strong>vna</strong></span> <span class='ocrx_word' id='word_1_135' title='bbox 1508 2238 1652 2286; x_wconf 91' lang='lat' dir='ltr'><strong>cum</strong></span> <span class='ocrx_word' id='word_1_136' title='bbox 1710 2202 2113 2285; x_wconf 82' lang='lat' dir='ltr'><strong>dimidietate</strong></span> <span class='ocrx_word' id='word_1_137' title='bbox 2163 2217 2318 2285; x_wconf 86' lang='lat' dir='ltr'><strong>ville</strong></span> <span class='ocrx_word' id='word_1_138' title='bbox 2370 2218 2439 2283; x_wconf 91' lang='lat' dir='ltr'><strong>in</strong></span> 
     </span>
     <span class='ocr_line' id='line_1_18' title="bbox 191 2326 2436 2414; baseline -0 -21"><span class='ocrx_word' id='word_1_139' title='bbox 191 2326 412 2394; x_wconf 85' lang='lat' dir='ltr'><strong>eadem</strong></span> <span class='ocrx_word' id='word_1_140' title='bbox 446 2337 624 2394; x_wconf 88' lang='lat' dir='ltr'><strong>terra</strong></span> <span class='ocrx_word' id='word_1_141' title='bbox 654 2326 811 2395; x_wconf 91' lang='lat' dir='ltr'><strong>Beel</strong></span> <span class='ocrx_word' id='word_1_142' title='bbox 846 2329 1206 2414; x_wconf 88' lang='lat' dir='ltr'><strong>existentis,</strong></span> <span class='ocrx_word' id='word_1_143' title='bbox 1239 2339 1301 2396; x_wconf 89' lang='lat' dir='ltr'><strong>et</strong></span> <span class='ocrx_word' id='word_1_144' title='bbox 1351 2329 1704 2396; x_wconf 84' lang='lat' dir='ltr'><strong>vtilitatum</strong></span> <span class='ocrx_word' id='word_1_145' title='bbox 1760 2347 1837 2395; x_wconf 91' lang='lat' dir='ltr'><strong>ac</strong></span> <span class='ocrx_word' id='word_1_146' title='bbox 1887 2326 2436 2414; x_wconf 81' lang='lat' dir='ltr'><strong>pertinenciarum</strong></span> 
     </span>
     <span class='ocr_line' id='line_1_19' title="bbox 190 2434 2440 2522; baseline 0 -23"><span class='ocrx_word' id='word_1_147' title='bbox 190 2454 467 2521; x_wconf 86' lang='lat' dir='ltr'><strong>suarum,</strong></span> <span class='ocrx_word' id='word_1_148' title='bbox 498 2437 573 2502; x_wconf 93' lang='lat' dir='ltr'><strong>in</strong></span> <span class='ocrx_word' id='word_1_149' title='bbox 604 2443 982 2522; x_wconf 88' lang='lat' dir='ltr'><strong>perpetuum</strong></span> <span class='ocrx_word' id='word_1_150' title='bbox 1018 2437 1294 2521; x_wconf 89' lang='lat' dir='ltr'><strong>pacifice</strong></span> <span class='ocrx_word' id='word_1_151' title='bbox 1324 2436 1824 2522; x_wconf 89' lang='lat' dir='ltr'><strong>possidendam;</strong></span> <span class='ocrx_word' id='word_1_152' title='bbox 1858 2436 1951 2503; x_wconf 89' lang='lat' dir='ltr'><strong>ita</strong></span> <span class='ocrx_word' id='word_1_153' title='bbox 1984 2442 2054 2501; x_wconf 92' lang='lat' dir='ltr'><strong>ut</strong></span> <span class='ocrx_word' id='word_1_154' title='bbox 2099 2436 2186 2501; x_wconf 87' lang='lat' dir='ltr'><strong>ab</strong></span> <span class='ocrx_word' id='word_1_155' title='bbox 2238 2434 2440 2501; x_wconf 88' lang='lat' dir='ltr'><strong>omni-</strong></span> 
     </span>
     <span class='ocr_line' id='line_1_20' title="bbox 190 2541 2444 2630; baseline 0 -24"><span class='ocrx_word' id='word_1_156' title='bbox 190 2543 299 2610; x_wconf 90' lang='lat' dir='ltr'><strong>bus</strong></span> <span class='ocrx_word' id='word_1_157' title='bbox 332 2545 559 2610; x_wconf 86' lang='lat' dir='ltr'><strong>causis</strong></span> <span class='ocrx_word' id='word_1_158' title='bbox 593 2544 849 2610; x_wconf 84' lang='lat' dir='ltr'><strong>racione</strong></span> <span class='ocrx_word' id='word_1_159' title='bbox 881 2543 1150 2611; x_wconf 89' lang='lat' dir='ltr'><strong>dimidie</strong></span> <span class='ocrx_word' id='word_1_160' title='bbox 1182 2545 1388 2630; x_wconf 91' lang='lat' dir='ltr'><strong>partis</strong></span> <span class='ocrx_word' id='word_1_161' title='bbox 1425 2543 1721 2610; x_wconf 87' lang='lat' dir='ltr'><strong>eiusdem</strong></span> <span class='ocrx_word' id='word_1_162' title='bbox 1754 2541 2188 2630; x_wconf 88' lang='lat' dir='ltr'><strong>possessionis</strong></span> <span class='ocrx_word' id='word_1_163' title='bbox 2223 2550 2289 2608; x_wconf 92' lang='lat' dir='ltr'><strong>et</strong></span> <span class='ocrx_word' id='word_1_164' title='bbox 2321 2542 2444 2608; x_wconf 87' lang='lat' dir='ltr'><strong>vti·</strong></span> 
     </span>
     <span class='ocr_line' id='line_1_21' title="bbox 187 2649 2434 2739; baseline 0.001 -25"><span class='ocrx_word' id='word_1_165' title='bbox 187 2650 439 2718; x_wconf 86' lang='lat' dir='ltr'><strong>litatum</strong></span> <span class='ocrx_word' id='word_1_166' title='bbox 470 2672 738 2719; x_wconf 87' lang='lat' dir='ltr'><strong>suarum</strong></span> <span class='ocrx_word' id='word_1_167' title='bbox 769 2652 1201 2739; x_wconf 86' lang='lat' dir='ltr'><strong>venditarum,</strong></span> <span class='ocrx_word' id='word_1_168' title='bbox 1254 2653 1507 2720; x_wconf 91' lang='lat' dir='ltr'><strong>scilicet</strong></span> <span class='ocrx_word' id='word_1_169' title='bbox 1560 2652 1767 2719; x_wconf 91' lang='lat' dir='ltr'><strong>eidem</strong></span> <span class='ocrx_word' id='word_1_170' title='bbox 1823 2658 1887 2718; x_wconf 85' lang='lat' dir='ltr'><strong>vt</strong></span> <span class='ocrx_word' id='word_1_171' title='bbox 1935 2649 2434 2738; x_wconf 87' lang='lat' dir='ltr'><strong>prescripsimus</strong></span> 
     </span>
     <span class='ocr_line' id='line_1_22' title="bbox 188 2757 2438 2846; baseline 0 -24"><span class='ocrx_word' id='word_1_172' title='bbox 188 2758 495 2844; x_wconf 83' lang='lat' dir='ltr'><strong>Nycolao‚</strong></span> <span class='ocrx_word' id='word_1_173' title='bbox 527 2780 644 2845; x_wconf 90' lang='lat' dir='ltr'><strong>per</strong></span> <span class='ocrx_word' id='word_1_174' title='bbox 675 2758 1075 2844; x_wconf 86' lang='lat' dir='ltr'><strong>Stephanum</strong></span> <span class='ocrx_word' id='word_1_175' title='bbox 1111 2760 1379 2828; x_wconf 86' lang='lat' dir='ltr'><strong>fratrem</strong></span> <span class='ocrx_word' id='word_1_176' title='bbox 1412 2761 1621 2846; x_wconf 90' lang='lat' dir='ltr'><strong>ipsius</strong></span> <span class='ocrx_word' id='word_1_177' title='bbox 1650 2758 2007 2844; x_wconf 88' lang='lat' dir='ltr'><strong>Lamperti‚</strong></span> <span class='ocrx_word' id='word_1_178' title='bbox 2061 2757 2169 2825; x_wconf 91' lang='lat' dir='ltr'><strong>uel</strong></span> <span class='ocrx_word' id='word_1_179' title='bbox 2221 2778 2438 2843; x_wconf 88' lang='lat' dir='ltr'><strong>qnem-</strong></span> 
     </span>
     <span class='ocr_line' id='line_1_23' title="bbox 188 2865 2439 2951; baseline 0 -21"><span class='ocrx_word' id='word_1_180' title='bbox 188 2866 339 2934; x_wconf 86' lang='lat' dir='ltr'><strong>libet</strong></span> <span class='ocrx_word' id='word_1_181' title='bbox 371 2867 580 2934; x_wconf 88' lang='lat' dir='ltr'><strong>alium</strong></span> <span class='ocrx_word' id='word_1_182' title='bbox 614 2868 936 2935; x_wconf 85' lang='lat' dir='ltr'><strong>hominem</strong></span> <span class='ocrx_word' id='word_1_183' title='bbox 968 2867 1103 2934; x_wconf 84' lang='lat' dir='ltr'><strong>vllo</strong></span> <span class='ocrx_word' id='word_1_184' title='bbox 1135 2886 1420 2950; x_wconf 83' lang='lat' dir='ltr'><strong>uuquam</strong></span> <span class='ocrx_word' id='word_1_185' title='bbox 1456 2875 1748 2951; x_wconf 90' lang='lat' dir='ltr'><strong>tempore</strong></span> <span class='ocrx_word' id='word_1_186' title='bbox 1818 2866 2174 2951; x_wconf 88' lang='lat' dir='ltr'><strong>suscitatis,</strong></span> <span class='ocrx_word' id='word_1_187' title='bbox 2225 2865 2439 2951; x_wconf 90' lang='lat' dir='ltr'><strong>ipsum</strong></span> 
     </span>
     <span class='ocr_line' id='line_1_24' title="bbox 190 2974 2447 3062; baseline 0.001 -24"><span class='ocrx_word' id='word_1_188' title='bbox 190 2974 556 3061; x_wconf 82' lang='lat' dir='ltr'><strong>Nycolaum</strong></span> <span class='ocrx_word' id='word_1_189' title='bbox 590 2981 655 3042; x_wconf 90' lang='lat' dir='ltr'><strong>et</strong></span> <span class='ocrx_word' id='word_1_190' title='bbox 686 2994 839 3042; x_wconf 91' lang='lat' dir='ltr'><strong>suos</strong></span> <span class='ocrx_word' id='word_1_191' title='bbox 873 2982 1168 3060; x_wconf 89' lang='lat' dir='ltr'><strong>posteros</strong></span> <span class='ocrx_word' id='word_1_192' title='bbox 1188 2977 1331 3062; x_wconf 88' lang='lat' dir='ltr'><strong>ipse</strong></span> <span class='ocrx_word' id='word_1_193' title='bbox 1365 2977 1754 3062; x_wconf 88' lang='lat' dir='ltr'><strong>Lampertus</strong></span> <span class='ocrx_word' id='word_1_194' title='bbox 1787 2981 1851 3040; x_wconf 91' lang='lat' dir='ltr'><strong>et</strong></span> <span class='ocrx_word' id='word_1_195' title='bbox 1882 2975 1982 3041; x_wconf 91' lang='lat' dir='ltr'><strong>sui</strong></span> <span class='ocrx_word' id='word_1_196' title='bbox 2014 2993 2447 3060; x_wconf 84' lang='lat' dir='ltr'><strong>successores,</strong></span> 
     </span>
     <span class='ocr_line' id='line_1_25' title="bbox 189 3081 2446 3168; baseline 0 -23"><span class='ocrx_word' id='word_1_197' title='bbox 189 3081 345 3148; x_wconf 89' lang='lat' dir='ltr'><strong>sicut</strong></span> <span class='ocrx_word' id='word_1_198' title='bbox 390 3082 751 3168; x_wconf 88' lang='lat' dir='ltr'><strong>assumpsit</strong></span> <span class='ocrx_word' id='word_1_199' title='bbox 799 3090 864 3150; x_wconf 93' lang='lat' dir='ltr'><strong>et</strong></span> <span class='ocrx_word' id='word_1_200' title='bbox 922 3083 1008 3148; x_wconf 89' lang='lat' dir='ltr'><strong>ad</strong></span> <span class='ocrx_word' id='word_1_201' title='bbox 1059 3081 1181 3149; x_wconf 92' lang='lat' dir='ltr'><strong>hoc</strong></span> <span class='ocrx_word' id='word_1_202' title='bbox 1232 3103 1302 3149; x_wconf 89' lang='lat' dir='ltr'><strong>se</strong></span> <span class='ocrx_word' id='word_1_203' title='bbox 1355 3081 1620 3149; x_wconf 88' lang='lat' dir='ltr'><strong>firmiter</strong></span> <span class='ocrx_word' id='word_1_204' title='bbox 1691 3081 2035 3167; x_wconf 85' lang='lat' dir='ltr'><strong>obligauit,</strong></span> <span class='ocrx_word' id='word_1_205' title='bbox 2096 3082 2446 3166; x_wconf 86' lang='lat' dir='ltr'><strong>expedient</strong></span> 
     </span>
     <span class='ocr_line' id='line_1_26' title="bbox 192 3187 2438 3274; baseline 0.002 -24"><span class='ocrx_word' id='word_1_206' title='bbox 192 3187 630 3273; x_wconf 89' lang='lat' dir='ltr'><strong>indempniter</strong></span> <span class='ocrx_word' id='word_1_207' title='bbox 661 3192 796 3257; x_wconf 90' lang='lat' dir='ltr'><strong>suis</strong></span> <span class='ocrx_word' id='word_1_208' title='bbox 848 3191 1134 3274; x_wconf 89' lang='lat' dir='ltr'><strong>proprijs</strong></span> <span class='ocrx_word' id='word_1_209' title='bbox 1193 3190 1523 3257; x_wconf 89' lang='lat' dir='ltr'><strong>laboribus</strong></span> <span class='ocrx_word' id='word_1_210' title='bbox 1589 3197 1654 3258; x_wconf 92' lang='lat' dir='ltr'><strong>et</strong></span> <span class='ocrx_word' id='word_1_211' title='bbox 1715 3189 2046 3274; x_wconf 87' lang='lat' dir='ltr'><strong>expensis.</strong></span> <span class='ocrx_word' id='word_1_212' title='bbox 2115 3190 2438 3255; x_wconf 89' lang='lat' dir='ltr'><strong>Asserens</strong></span> 
     </span>
     <span class='ocr_line' id='line_1_27' title="bbox 193 3294 2449 3383; baseline 0 -23"><span class='ocrx_word' id='word_1_213' title='bbox 193 3296 357 3363; x_wconf 86' lang='lat' dir='ltr'><strong>idem</strong></span> <span class='ocrx_word' id='word_1_214' title='bbox 436 3298 822 3381; x_wconf 90' lang='lat' dir='ltr'><strong>Lampertus</strong></span> <span class='ocrx_word' id='word_1_215' title='bbox 873 3306 1280 3383; x_wconf 87' lang='lat' dir='ltr'><strong>prenotatam</strong></span> <span class='ocrx_word' id='word_1_216' title='bbox 1329 3296 1667 3363; x_wconf 88' lang='lat' dir='ltr'><strong>dimidiam</strong></span> <span class='ocrx_word' id='word_1_217' title='bbox 1719 3301 1969 3382; x_wconf 90' lang='lat' dir='ltr'><strong>partem</strong></span> <span class='ocrx_word' id='word_1_218' title='bbox 2020 3294 2449 3383; x_wconf 86' lang='lat' dir='ltr'><strong>possessionis</strong></span> 
     </span>
     <span class='ocr_line' id='line_1_28' title="bbox 190 3391 2449 3491; baseline 0 -22"><span class='ocrx_word' id='word_1_219' title='bbox 190 3405 322 3471; x_wconf 90' lang='lat' dir='ltr'><strong>siue</strong></span> <span class='ocrx_word' id='word_1_220' title='bbox 354 3412 532 3471; x_wconf 89' lang='lat' dir='ltr'><strong>terre</strong></span> <span class='ocrx_word' id='word_1_221' title='bbox 593 3405 753 3471; x_wconf 90' lang='lat' dir='ltr'><strong>Beel</strong></span> <span class='ocrx_word' id='word_1_222' title='bbox 805 3406 871 3471; x_wconf 91' lang='lat' dir='ltr'><strong>in</strong></span> <span class='ocrx_word' id='word_1_223' title='bbox 921 3405 1445 3491; x_wconf 85' lang='lat' dir='ltr'><strong>redempcionem</strong></span> <span class='ocrx_word' id='word_1_224' title='bbox 1494 3412 1558 3472; x_wconf 90' lang='lat' dir='ltr'><strong>et</strong></span> <span class='ocrx_word' id='word_1_225' title='bbox 1609 3391 2119 3473; x_wconf 87' lang='lat' dir='ltr'><strong>remutacionem</strong></span> <span class='ocrx_word' id='word_1_226' title='bbox 2153 3402 2449 3471; x_wconf 86' lang='lat' dir='ltr'><strong>eiusdem</strong></span> 
     </span>
     <span class='ocr_line' id='line_1_29' title="bbox 191 3512 2447 3602; baseline 0 -23"><span class='ocrx_word' id='word_1_227' title='bbox 191 3512 511 3601; x_wconf 86' lang='lat' dir='ltr'><strong>Stephani</strong></span> <span class='ocrx_word' id='word_1_228' title='bbox 545 3514 766 3582; x_wconf 87' lang='lat' dir='ltr'><strong>fratris</strong></span> <span class='ocrx_word' id='word_1_229' title='bbox 798 3517 898 3582; x_wconf 90' lang='lat' dir='ltr'><strong>sui</strong></span> <span class='ocrx_word' id='word_1_230' title='bbox 931 3516 998 3582; x_wconf 90' lang='lat' dir='ltr'><strong>in</strong></span> <span class='ocrx_word' id='word_1_231' title='bbox 1030 3516 1413 3602; x_wconf 84' lang='lat' dir='ltr'><strong>captiuitate</strong></span> <span class='ocrx_word' id='word_1_232' title='bbox 1448 3514 1798 3584; x_wconf 87' lang='lat' dir='ltr'><strong>existentis</strong></span> <span class='ocrx_word' id='word_1_233' title='bbox 1832 3537 1904 3583; x_wconf 92' lang='lat' dir='ltr'><strong>se</strong></span> <span class='ocrx_word' id='word_1_234' title='bbox 1939 3536 2020 3581; x_wconf 92' lang='lat' dir='ltr'><strong>ex</strong></span> <span class='ocrx_word' id='word_1_235' title='bbox 2052 3514 2447 3582; x_wconf 89' lang='lat' dir='ltr'><strong>necessitate</strong></span> 
     </span>
     <span class='ocr_line' id='line_1_30' title="bbox 194 3621 2446 3712; baseline 0 -26"><span class='ocrx_word' id='word_1_236' title='bbox 194 3621 563 3689; x_wconf 85' lang='lat' dir='ltr'><strong>ineuitabili</strong></span> <span class='ocrx_word' id='word_1_237' title='bbox 584 3622 991 3712; x_wconf 84' lang='lat' dir='ltr'><strong>vendidisse3</strong></span> <span class='ocrx_word' id='word_1_238' title='bbox 1014 3623 1390 3693; x_wconf 91' lang='lat' dir='ltr'><strong>condicione</strong></span> <span class='ocrx_word' id='word_1_239' title='bbox 1412 3631 1476 3691; x_wconf 83' lang='lat' dir='ltr'><strong>et</strong></span> <span class='ocrx_word' id='word_1_240' title='bbox 1496 3624 1906 3710; x_wconf 89' lang='lat' dir='ltr'><strong>obligacione</strong></span> <span class='ocrx_word' id='word_1_241' title='bbox 1925 3622 2299 3690; x_wconf 91' lang='lat' dir='ltr'><strong>huiusmodi</strong></span> <span class='ocrx_word' id='word_1_242' title='bbox 2320 3643 2446 3687; x_wconf 91' lang='lat' dir='ltr'><strong>me-</strong></span> 
     </span>
     <span class='ocr_line' id='line_1_31' title="bbox 193 3728 2452 3819; baseline 0 -26"><span class='ocrx_word' id='word_1_243' title='bbox 193 3728 436 3817; x_wconf 86' lang='lat' dir='ltr'><strong>diante,</strong></span> <span class='ocrx_word' id='word_1_244' title='bbox 472 3737 543 3796; x_wconf 82' lang='lat' dir='ltr'><strong>vt</strong></span> <span class='ocrx_word' id='word_1_245' title='bbox 562 3730 619 3796; x_wconf 92' lang='lat' dir='ltr'><strong>si</strong></span> <span class='ocrx_word' id='word_1_246' title='bbox 641 3730 851 3797; x_wconf 90' lang='lat' dir='ltr'><strong>eidem</strong></span> <span class='ocrx_word' id='word_1_247' title='bbox 874 3732 1207 3818; x_wconf 91' lang='lat' dir='ltr'><strong>Stephano</strong></span> <span class='ocrx_word' id='word_1_248' title='bbox 1229 3732 1415 3800; x_wconf 84' lang='lat' dir='ltr'><strong>fratri</strong></span> <span class='ocrx_word' id='word_1_249' title='bbox 1435 3755 1551 3801; x_wconf 94' lang='lat' dir='ltr'><strong>suo</strong></span> <span class='ocrx_word' id='word_1_250' title='bbox 1583 3733 1942 3819; x_wconf 89' lang='lat' dir='ltr'><strong>predictam</strong></span> <span class='ocrx_word' id='word_1_251' title='bbox 1978 3729 2452 3798; x_wconf 89' lang='lat' dir='ltr'><strong>dimidietatem</strong></span> 
     </span>
     <span class='ocr_line' id='line_1_32' title="bbox 193 3838 2449 3926; baseline 0 -22"><span class='ocrx_word' id='word_1_252' title='bbox 193 3838 629 3921; x_wconf 86' lang='lat' dir='ltr'><strong>possessionis</strong></span> <span class='ocrx_word' id='word_1_253' title='bbox 659 3838 792 3905; x_wconf 92' lang='lat' dir='ltr'><strong>iam</strong></span> <span class='ocrx_word' id='word_1_254' title='bbox 826 3841 1160 3907; x_wconf 89' lang='lat' dir='ltr'><strong>uenditam</strong></span> <span class='ocrx_word' id='word_1_255' title='bbox 1190 3840 1500 3909; x_wconf 89' lang='lat' dir='ltr'><strong>uidelicet</strong></span> <span class='ocrx_word' id='word_1_256' title='bbox 1531 3841 1740 3926; x_wconf 86' lang='lat' dir='ltr'><strong>Regni</strong></span> <span class='ocrx_word' id='word_1_257' title='bbox 1793 3839 2189 3908; x_wconf 91' lang='lat' dir='ltr'><strong>consuetudo</strong></span> <span class='ocrx_word' id='word_1_258' title='bbox 2239 3858 2449 3905; x_wconf 90' lang='lat' dir='ltr'><strong>remu-</strong></span> 
     </span>
     <span class='ocr_line' id='line_1_33' title="bbox 191 3944 2452 4035; baseline -0.001 -23"><span class='ocrx_word' id='word_1_259' title='bbox 191 3947 459 4014; x_wconf 83' lang='lat' dir='ltr'><strong>tandam</strong></span> <span class='ocrx_word' id='word_1_260' title='bbox 493 3944 875 4013; x_wconf 89' lang='lat' dir='ltr'><strong>decerneret</strong></span> <span class='ocrx_word' id='word_1_261' title='bbox 927 3954 992 4014; x_wconf 92' lang='lat' dir='ltr'><strong>et</strong></span> <span class='ocrx_word' id='word_1_262' title='bbox 1042 3950 1290 4034; x_wconf 87' lang='lat' dir='ltr'><strong>pariter</strong></span> <span class='ocrx_word' id='word_1_263' title='bbox 1344 3949 1784 4016; x_wconf 87' lang='lat' dir='ltr'><strong>rehabendam</strong></span> <span class='ocrx_word' id='word_1_264' title='bbox 1803 3998 1824 4035; x_wconf 87' lang='lat'><em>,</em></span> <span class='ocrx_word' id='word_1_265' title='bbox 1875 3968 2008 4014; x_wconf 90' lang='lat' dir='ltr'><strong>non</strong></span> <span class='ocrx_word' id='word_1_266' title='bbox 2057 3955 2282 4032; x_wconf 88' lang='lat' dir='ltr'><strong>posset</strong></span> <span class='ocrx_word' id='word_1_267' title='bbox 2334 3945 2452 4011; x_wconf 88' lang='lat' dir='ltr'><strong>ali-</strong></span> 
     </span>
     <span class='ocr_line' id='line_1_34' title="bbox 196 4048 2451 4144; baseline -0.002 -22"><span class='ocrx_word' id='word_1_268' title='bbox 196 4061 513 4137; x_wconf 87' lang='lat' dir='ltr'><strong>quatenus</strong></span> <span class='ocrx_word' id='word_1_269' title='bbox 569 4048 898 4144; x_wconf 85' lang='lat' dir='ltr'><strong>remutari,</strong></span> <span class='ocrx_word' id='word_1_270' title='bbox 950 4057 1074 4124; x_wconf 91' lang='lat' dir='ltr'><strong>nisi</strong></span> <span class='ocrx_word' id='word_1_271' title='bbox 1125 4059 1305 4144; x_wconf 88' lang='lat' dir='ltr'><strong>prius</strong></span> <span class='ocrx_word' id='word_1_272' title='bbox 1356 4056 1493 4125; x_wconf 90' lang='lat' dir='ltr'><strong>illis</strong></span> <span class='ocrx_word' id='word_1_273' title='bbox 1543 4056 1848 4123; x_wconf 87' lang='lat' dir='ltr'><strong>trecentis</strong></span> <span class='ocrx_word' id='word_1_274' title='bbox 1900 4054 2140 4120; x_wconf 85' lang='lat' dir='ltr'><strong>marcis</strong></span> <span class='ocrx_word' id='word_1_275' title='bbox 2191 4055 2451 4139; x_wconf 88' lang='lat' dir='ltr'><strong>argenti</strong></span> 
     </span>
     <span class='ocr_line' id='line_1_35' title="bbox 194 4161 2454 4252; baseline 0 -24"><span class='ocrx_word' id='word_1_276' title='bbox 194 4165 521 4246; x_wconf 84' lang='lat' dir='ltr'><strong>prenotati</strong></span> <span class='ocrx_word' id='word_1_277' title='bbox 554 4163 767 4232; x_wconf 90' lang='lat' dir='ltr'><strong>eidem</strong></span> <span class='ocrx_word' id='word_1_278' title='bbox 818 4167 1117 4251; x_wconf 83' lang='lat' dir='ltr'><strong>Nycolao</strong></span> <span class='ocrx_word' id='word_1_279' title='bbox 1152 4186 1230 4232; x_wconf 87' lang='lat' dir='ltr'><strong>ex</strong></span> <span class='ocrx_word' id='word_1_280' title='bbox 1262 4175 1445 4251; x_wconf 88' lang='lat' dir='ltr'><strong>parte</strong></span> <span class='ocrx_word' id='word_1_281' title='bbox 1477 4165 1686 4252; x_wconf 86' lang='lat' dir='ltr'><strong>ipsius</strong></span> <span class='ocrx_word' id='word_1_282' title='bbox 1738 4162 2051 4251; x_wconf 88' lang='lat' dir='ltr'><strong>Stephani</strong></span> <span class='ocrx_word' id='word_1_283' title='bbox 2099 4161 2454 4244; x_wconf 88' lang='lat' dir='ltr'><strong>restitutis;</strong></span> 
     </span>
     <span class='ocr_line' id='line_1_36' title="bbox 196 4269 2458 4361; baseline -0.002 -23"><span class='ocrx_word' id='word_1_284' title='bbox 196 4272 384 4339; x_wconf 82' lang='lat' dir='ltr'><strong>salua</strong></span> <span class='ocrx_word' id='word_1_285' title='bbox 416 4273 639 4339; x_wconf 87' lang='lat' dir='ltr'><strong>tamen</strong></span> <span class='ocrx_word' id='word_1_286' title='bbox 671 4273 807 4341; x_wconf 88' lang='lat' dir='ltr'><strong>alia</strong></span> <span class='ocrx_word' id='word_1_287' title='bbox 836 4281 1024 4361; x_wconf 88' lang='lat' dir='ltr'><strong>parte</strong></span> <span class='ocrx_word' id='word_1_288' title='bbox 1077 4274 1363 4342; x_wconf 90' lang='lat' dir='ltr'><strong>eiusdem</strong></span> <span class='ocrx_word' id='word_1_289' title='bbox 1413 4272 1854 4359; x_wconf 87' lang='lat' dir='ltr'><strong>possessionis</strong></span> <span class='ocrx_word' id='word_1_290' title='bbox 1903 4293 2017 4339; x_wconf 83' lang='lat' dir='ltr'><strong>sev</strong></span> <span class='ocrx_word' id='word_1_291' title='bbox 2062 4278 2233 4337; x_wconf 87' lang='lat' dir='ltr'><strong>terre</strong></span> <span class='ocrx_word' id='word_1_292' title='bbox 2281 4269 2458 4354; x_wconf 89' lang='lat' dir='ltr'><strong>Beel,</strong></span> 
     </span>
     <span class='ocr_line' id='line_1_37' title="bbox 196 4377 2454 4467; baseline -0.001 -23"><span class='ocrx_word' id='word_1_293' title='bbox 196 4398 312 4463; x_wconf 90' lang='lat' dir='ltr'><strong>que</strong></span> <span class='ocrx_word' id='word_1_294' title='bbox 346 4378 565 4447; x_wconf 90' lang='lat' dir='ltr'><strong>eidem</strong></span> <span class='ocrx_word' id='word_1_295' title='bbox 597 4381 932 4467; x_wconf 87' lang='lat' dir='ltr'><strong>Stephano</strong></span> <span class='ocrx_word' id='word_1_296' title='bbox 964 4380 1147 4449; x_wconf 87' lang='lat' dir='ltr'><strong>fratri</strong></span> <span class='ocrx_word' id='word_1_297' title='bbox 1180 4404 1294 4450; x_wconf 90' lang='lat' dir='ltr'><strong>suo</strong></span> <span class='ocrx_word' id='word_1_298' title='bbox 1329 4383 1625 4449; x_wconf 90' lang='lat' dir='ltr'><strong>debetur.</strong></span> <span class='ocrx_word' id='word_1_299' title='bbox 1646 4381 1722 4447; x_wconf 91' lang='lat' dir='ltr'><strong>In</strong></span> <span class='ocrx_word' id='word_1_300' title='bbox 1751 4380 1934 4446; x_wconf 76' lang='lat' dir='ltr'><strong>cuius</strong></span> <span class='ocrx_word' id='word_1_301' title='bbox 1954 4399 2068 4464; x_wconf 84' lang='lat' dir='ltr'><strong>rey</strong></span> <span class='ocrx_word' id='word_1_302' title='bbox 2089 4377 2454 4444; x_wconf 86' lang='lat' dir='ltr'><strong>firmitatem</strong></span> 
     </span>
     <span class='ocr_line' id='line_1_38' title="bbox 196 4486 2456 4578; baseline -0 -26"><span class='ocrx_word' id='word_1_303' title='bbox 196 4495 255 4552; x_wconf 85' lang='lat' dir='ltr'><strong>et</strong></span> <span class='ocrx_word' id='word_1_304' title='bbox 285 4487 671 4555; x_wconf 87' lang='lat' dir='ltr'><strong>memoriam</strong></span> <span class='ocrx_word' id='word_1_305' title='bbox 703 4494 1168 4578; x_wconf 89' lang='lat' dir='ltr'><strong>sempiternam</strong></span> <span class='ocrx_word' id='word_1_306' title='bbox 1201 4498 1538 4578; x_wconf 90' lang='lat' dir='ltr'><strong>presentes</strong></span> <span class='ocrx_word' id='word_1_307' title='bbox 1572 4489 1827 4557; x_wconf 90' lang='lat' dir='ltr'><strong>litteras</strong></span> <span class='ocrx_word' id='word_1_308' title='bbox 1861 4489 1943 4554; x_wconf 83' lang='lat' dir='ltr'><strong>ad</strong></span> <span class='ocrx_word' id='word_1_309' title='bbox 1977 4486 2370 4573; x_wconf 89' lang='lat' dir='ltr'><strong>peticionem</strong></span> <span class='ocrx_word' id='word_1_310' title='bbox 2392 4493 2456 4553; x_wconf 92' lang='lat' dir='ltr'><strong>et</strong></span> 
     </span>
     <span class='ocr_line' id='line_1_39' title="bbox 194 4593 2462 4688; baseline -0.004 -20"><span class='ocrx_word' id='word_1_311' title='bbox 194 4593 587 4668; x_wconf 76' lang='lat' dir='ltr'><strong>instanciam</strong></span> <span class='ocrx_word' id='word_1_312' title='bbox 624 4597 829 4684; x_wconf 90' lang='lat' dir='ltr'><strong>ipsius</strong></span> <span class='ocrx_word' id='word_1_313' title='bbox 863 4600 1195 4688; x_wconf 83' lang='lat' dir='ltr'><strong>Lamperti</strong></span> <span class='ocrx_word' id='word_1_314' title='bbox 1227 4603 1449 4668; x_wconf 89' lang='lat' dir='ltr'><strong>nostro</strong></span> <span class='ocrx_word' id='word_1_315' title='bbox 1482 4599 1709 4682; x_wconf 89' lang='lat' dir='ltr'><strong>sigillo</strong></span> <span class='ocrx_word' id='word_1_316' title='bbox 1761 4595 2061 4664; x_wconf 89' lang='lat' dir='ltr'><strong>dedimus</strong></span> <span class='ocrx_word' id='word_1_317' title='bbox 2113 4594 2462 4661; x_wconf 91' lang='lat' dir='ltr'><strong>communi·</strong></span> 
     </span>
    </p>
   </div>
   <div class='ocr_carea' id='block_1_2' title="bbox 193 4703 2450 4885">
    <p class='ocr_par' dir='ltr' id='par_1_6' title="bbox 193 4703 2450 4885">
     <span class='ocr_line' id='line_1_40' title="bbox 193 4703 2450 4798; baseline -0.001 -29"><span class='ocrx_word' id='word_1_318' title='bbox 193 4710 314 4772; x_wconf 85' lang='lat' dir='ltr'><strong>tas.</strong></span> <span class='ocrx_word' id='word_1_319' title='bbox 344 4704 590 4774; x_wconf 86' lang='lat' dir='ltr'><strong>Datum</strong></span> <span class='ocrx_word' id='word_1_320' title='bbox 624 4729 742 4798; x_wconf 87' lang='lat' dir='ltr'><strong>per</strong></span> <span class='ocrx_word' id='word_1_321' title='bbox 773 4730 1005 4779; x_wconf 92' lang='lat' dir='ltr'><strong>manus</strong></span> <span class='ocrx_word' id='word_1_322' title='bbox 1039 4709 1304 4777; x_wconf 86' lang='lat' dir='ltr'><strong>discreti</strong></span> <span class='ocrx_word' id='word_1_323' title='bbox 1336 4710 1460 4776; x_wconf 86' lang='lat' dir='ltr'><strong>viri</strong></span> <span class='ocrx_word' id='word_1_324' title='bbox 1492 4709 1790 4793; x_wconf 85' lang='lat' dir='ltr'><strong>Magistri</strong></span> <span class='ocrx_word' id='word_1_325' title='bbox 1822 4703 2134 4792; x_wconf 81' lang='lat' dir='ltr'><strong>Cypriani</strong></span> <span class='ocrx_word' id='word_1_326' title='bbox 2154 4703 2450 4772; x_wconf 83' lang='lat' dir='ltr'><strong>Ecclesie</strong></span> 
     </span>
     <span class='ocr_line' id='line_1_41' title="bbox 2015 4812 2141 4885; baseline -0.024 0"><span class='ocrx_word' id='word_1_327' title='bbox 2015 4812 2141 4885; x_wconf 76' lang='lat'><strong>34*</strong></span> 
     </span>
    </p>
   </div>
  </div>
 </body>
</html>
