3319 5249
1362 193 1494 258 549

286 384 418 451 bus
451 384 585 451 suis
619 385 969 453 heredibus
1004 395 1071 454 ct
1103 389 1308 474 torris,
1346 409 1509 471 quas
1545 388 1789 455 habent
1820 390 1885 454 in
1922 389 2173 457 Calidis
2204 390 2452 474 Aquis3
2487 396 2561 457 ut

293 492 589 560 Ecclesie
621 494 828 559 Beate
860 494 1152 578 Virginis
1174 495 1458 562 facultas
1491 497 1772 581 amplius
1805 497 2246 584 protendatur,
2286 504 2348 564 et
2383 498 2560 564 Chri·

283 606 395 665 sto
426 601 493 665 in
534 600 764 666 eadem
799 585 1077 668 ecclesia
1108 602 1502 670 famulantes
1534 603 1673 669 Deo
1715 601 2019 671 deuocius
2053 606 2319 672 ualeant
2351 605 2554 672 famu·

285 707 435 793 lari,
471 708 770 774 duximus
804 717 1119 793 perpetuo
1156 716 1220 776 et
1251 710 1778 778 inrcuocabilitcr
1830 713 2276 780 conferendos.
2313 713 2557 780 Datum
2602 754 2614 769 ·

282 814 360 879 in
391 816 551 882 villa
580 816 809 883 Labad
842 818 911 883 in
945 817 1288 901 quindenis
1322 817 1694 904 Epiphanie
1723 818 2004 887 Domini.

286 1017 571 1080 (Eredctic
598 1014 950 1084 bb'rhartyan,
1002 1035 1035 1068 a
1068 1017 1310 1069 kivillrb'l
1356 1019 1456 1068 oda
1507 1024 1756 1083 nyomott
1792 1017 1971 1084 pecset
2001 1020 2297 1084 elveszctt3
2323 1036 2358 1072 a
2385 1022 2552 1073 budai

1081 1109 1189 1159 kir.
1217 1108 1463 1159 kamarai
1489 1103 1869 1175 leveltarban.)

1225 1415 1646 1426 ἡ

1348 1928 1503 1997 398.

298 2131 424 2197 IV.
462 2131 695 2196 Ldszzo·
756 2132 1069 2197 rendelete
1131 2156 1171 2196 a
1206 2132 1423 2197 leleszi
1452 2133 1782 2218 nc'pekhez,
1843 2137 2009 2219 hoqy
2041 2157 2084 2196 a·
2116 2134 2267 2196 recila
2299 2135 2557 2199 kivetett

298 2242 455 2307 addc
486 2240 713 2306 Istva‘n
764 2242 826 2306 e's
877 2241 1001 2305 Pa'l
1050 2240 1407 2411 meSteZwk’
1424 2241 1704 2414 ἐιῗξιῑάῑῃ
1736 2262 1933 2306 comcs
1949 2241 2216 2325 flainak
2264 2241 2555 2325 flzessc'k.

1287 2373 1324 2412 v
1375 2372 1417 2412 η
1526 2372 1568 2411 u
1601 2396 1615 2412 .

501 2563 853 2632 Ladizlaus
885 2562 1008 2629 Dei
1039 2560 1262 2646 gracia
1294 2561 1433 2626 Rex
1462 2558 1798 2645 Hungarie
1829 2559 2127 2628 fidelibus
2159 2561 2297 2628 suis
2348 2581 2549 2648 popu-

286 2673 368 2739 lis
403 2671 487 2740 de
520 2671 732 2755 Lelez‚
768 2692 846 2738 ac
878 2671 1197 2737 universis
1230 2669 1315 2735 ad
1349 2669 1812 2735 Monasterium
1848 2669 1926 2737 de
1979 2670 2174 2737 Lelcz
2228 2669 2553 2755 pertinen-

283 2781 462 2846 tibus
495 2780 768 2846 salutem
804 2784 868 2843 et
917 2778 1226 2861 graciam.
1259 2775 1419 2842 Cum
1469 2796 1589 2843 nos
1640 2777 1980 2844 collectam
2035 2778 2221 2845 unius
2271 2777 2544 2844 fertonis

287 2888 368 2955 de
401 2888 675 2970 singulis
709 2886 1157 2953 mansionibus
1191 2884 1574 2970 populorum
1611 2882 1696 2949 ad
1724 2885 2190 2951 Monasterium
2226 2884 2306 2950 dc
2365 2884 2553 2949 Lelez

287 2993 757 3082 pertinencium
789 2992 1121 3077 Stephano
1160 3000 1224 3058 et
1254 2993 1459 3058 Paulo
1492 2990 1825 3075 Magistris
1879 2991 2034 3056 filiis
2086 2991 2353 3057 Comitis
2404 2991 2541 3072 My-

287 3101 536 3168 chaelis
590 3102 885 3168 fidelibus
926 3103 1167 3167 nostris
1202 3101 1698 3167 contulerimus:
1767 3100 2063 3165 volumus
2126 3105 2190 3165 et
2253 3098 2552 3164 fidelitati

294 3216 514 3275 uestre
546 3207 958 3293 precipiendo
994 3207 1402 3293 mandamus,
1436 3214 1760 3291 quatenus
1813 3204 2088 3290 receptis
2138 3205 2548 3291 presentibus

290 3318 533 3383 dictam
569 3317 908 3382 collectam
943 3315 1132 3381 unius
1166 3314 1432 3381 fertonis
1487 3314 1570 3380 de
1625 3313 1897 3394 singulis
1951 3312 2397 3378 mansionibus
2451 3332 2551 3377 ue·

287 3424 439 3492 stris
472 3422 717 3490 eisdem
749 3423 1086 3507 Stephano
1120 3430 1183 3488 ct
1214 3423 1416 3489 Paulo
1450 3420 1778 3504 Magistris
1810 3421 1950 3486 sine
1983 3420 2305 3489 dilacione
2327 3421 2550 3504 aliqua

300 3534 461 3599 dare
494 3536 559 3597 et
590 3531 965 3617 persoluere
1031 3528 1343 3596 debeatis.
1401 3528 1596 3594 Aliud
1648 3528 2025 3593 nullatenus
2074 3527 2287 3594 facere
2337 3549 2559 3613 presu-

288 3648 579 3723 mentes3
634 3639 925 3721 alioquin
974 3639 1174 3721 ijdem
1225 3657 1418 3723 super
1468 3656 1585 3703 vos
1636 3634 1845 3721 ipsam
1898 3635 2235 3702 collectam
2288 3634 2547 3720 exigent

288 3757 509 3814 nostra
544 3746 924 3813 auctoritate
955 3746 1302 3820 mediante.
1354 3747 1591 3812 Datum
1657 3742 1726 3809 in
1788 3743 2000 3811 ches
2060 3745 2331 3809 sabbato
2394 3751 2546 3810 autc

298 3859 564 3921 octauas
596 3856 1043 3922 Pentecosten.

471 4069 744 4134 (Et-edetis
773 4085 807 4120 a
832 4068 979 4136 pecsi
1006 4068 1239 4135 pitspoki
1266 4065 1539 4133 konyvtar
1564 4065 1799 4118 kezirati
1828 4064 2361 4134 gytijtemenyeben.)

1213 4338 1632 4347 ——-—--———
