<?xml version="1.0" encoding="UTF-8"?>
<!DOCTYPE html PUBLIC "-//W3C//DTD XHTML 1.0 Transitional//EN"
    "http://www.w3.org/TR/xhtml1/DTD/xhtml1-transitional.dtd">
<html xmlns="http://www.w3.org/1999/xhtml" xml:lang="en" lang="en">
 <head>
  <title>
</title>
<meta http-equiv="Content-Type" content="text/html;charset=utf-8" />
  <meta name='ocr-system' content='tesseract 3.04.00' />
  <meta name='ocr-capabilities' content='ocr_page ocr_carea ocr_par ocr_line ocrx_word'/>
</head>
<body>
  <div class='ocr_page' id='page_1' title='image "./rpdkorijokmnytr00wenzgoog_0416.png"; bbox 0 0 3319 5249; ppageno 0'>
   <div class='ocr_carea' id='block_1_1' title="bbox 1860 368 1990 436">
    <p class='ocr_par' dir='ltr' id='par_1_1' title="bbox 1860 368 1990 436">
     <span class='ocr_line' id='line_1_1' title="bbox 1860 368 1990 436; baseline -0.015 0"><span class='ocrx_word' id='word_1_1' title='bbox 1860 368 1990 436; x_wconf 81' lang='lat'><strong>342</strong></span> 
     </span>
    </p>
   </div>
   <div class='ocr_carea' id='block_1_2' title="bbox 1780 462 2082 478">
    <p class='ocr_par' dir='ltr' id='par_1_2' title="bbox 1780 462 2082 478">
     <span class='ocr_line' id='line_1_2' title="bbox 1780 462 2082 478; baseline 0 4771"><span class='ocrx_word' id='word_1_2' title='bbox 1780 462 2082 478; x_wconf 95' lang='lat' dir='ltr'><strong> </strong></span> 
     </span>
    </p>
   </div>
   <div class='ocr_carea' id='block_1_3' title="bbox 1866 1018 2014 1087">
    <p class='ocr_par' dir='ltr' id='par_1_3' title="bbox 1866 1018 2014 1087">
     <span class='ocr_line' id='line_1_3' title="bbox 1866 1018 2014 1087; baseline 0.007 -2"><span class='ocrx_word' id='word_1_3' title='bbox 1866 1018 2014 1087; x_wconf 77' lang='lat'>243.</span> 
     </span>
    </p>
   </div>
   <div class='ocr_carea' id='block_1_4' title="bbox 806 1229 3059 1543">
    <p class='ocr_par' dir='ltr' id='par_1_4' title="bbox 806 1229 3059 1543">
     <span class='ocr_line' id='line_1_4' title="bbox 824 1229 3057 1328; baseline 0.004 -30"><span class='ocrx_word' id='word_1_4' title='bbox 824 1229 923 1298; x_wconf 83' lang='lat' dir='ltr'><strong>Az</strong></span> <span class='ocrx_word' id='word_1_5' title='bbox 955 1235 1089 1320; x_wconf 67' lang='lat' dir='ltr'><strong>eqo-i</strong></span> <span class='ocrx_word' id='word_1_6' title='bbox 1119 1232 1561 1320; x_wconf 71' lang='lat' dir='ltr'><strong>kdptalannak</strong></span> <span class='ocrx_word' id='word_1_7' title='bbox 1590 1238 2130 1327; x_wconf 67' lang='lat' dir='ltr'><strong>bizonyadqlevele,</strong></span> <span class='ocrx_word' id='word_1_8' title='bbox 2164 1241 2326 1327; x_wconf 75' lang='lat' dir='ltr'><strong>hoqy</strong></span> <span class='ocrx_word' id='word_1_9' title='bbox 2357 1241 2645 1306; x_wconf 75' lang='lat' dir='ltr'><strong>Rathold</strong></span> <span class='ocrx_word' id='word_1_10' title='bbox 2664 1241 3057 1328; x_wconf 74' lang='lat' dir='ltr'><strong>Zoryminak</strong></span> 
     </span>
     <span class='ocr_line' id='line_1_5' title="bbox 806 1342 3059 1430; baseline 0.004 -24"><span class='ocrx_word' id='word_1_11' title='bbox 806 1343 905 1426; x_wconf 84' lang='lat' dir='ltr'><strong>fla</strong></span> <span class='ocrx_word' id='word_1_12' title='bbox 938 1345 1000 1407; x_wconf 69' lang='lat'><strong>6⁸</strong></span> <span class='ocrx_word' id='word_1_13' title='bbox 1032 1342 1257 1408; x_wconf 67' lang='lat' dir='ltr'><strong>Milton.</strong></span> <span class='ocrx_word' id='word_1_14' title='bbox 1284 1344 1759 1430; x_wconf 73' lang='lat' dir='ltr'><strong>Tamdmakfia</strong></span> <span class='ocrx_word' id='word_1_15' title='bbox 1791 1346 2018 1414; x_wconf 71' lang='lat' dir='ltr'><strong>Baben</strong></span> <span class='ocrx_word' id='word_1_16' title='bbox 2048 1348 2184 1413; x_wconf 75' lang='grc' dir='ltr'><strong>ῑέυὸ</strong></span> <span class='ocrx_word' id='word_1_17' title='bbox 2215 1350 2439 1414; x_wconf 64' lang='lat' dir='ltr'><strong>&amp;rohos</strong></span> <span class='ocrx_word' id='word_1_18' title='bbox 2469 1348 2836 1415; x_wconf 76' lang='lat' dir='ltr'><strong>birtokukra</strong></span> <span class='ocrx_word' id='word_1_19' title='bbox 2864 1354 3059 1417; x_wconf 77' lang='lat' dir='ltr'><strong>ne&#39;zve</strong></span> 
     </span>
     <span class='ocr_line' id='line_1_6' title="bbox 978 1447 2901 1543; baseline 0.003 -28"><span class='ocrx_word' id='word_1_20' title='bbox 978 1474 1018 1515; x_wconf 83' lang='lat' dir='ltr'><strong>a</strong></span> <span class='ocrx_word' id='word_1_21' title='bbox 1049 1447 1328 1517; x_wconf 78' lang='lat' dir='ltr'><strong>Chanad</strong></span> <span class='ocrx_word' id='word_1_22' title='bbox 1357 1453 1822 1540; x_wconf 65' lang='lat' dir='ltr'><strong>nemzetsdqbeli</strong></span> <span class='ocrx_word' id='word_1_23' title='bbox 1848 1457 2220 1523; x_wconf 68' lang='lat' dir='ltr'><strong>nemesekkel</strong></span> <span class='ocrx_word' id='word_1_24' title='bbox 2250 1456 2671 1543; x_wconf 75' lang='lat' dir='ltr'><strong>eqyezkedtek.</strong></span> <span class='ocrx_word' id='word_1_25' title='bbox 2708 1455 2901 1522; x_wconf 83' lang='lat'><strong><em>1282.</em></strong></span> 
     </span>
    </p>
   </div>
   <div class='ocr_carea' id='block_1_5' title="bbox 828 1664 3078 3274">
    <p class='ocr_par' dir='ltr' id='par_1_5' title="bbox 828 1664 3078 3274">
     <span class='ocr_line' id='line_1_7' title="bbox 1040 1664 3061 1759; baseline 0.004 -27"><span class='ocrx_word' id='word_1_26' title='bbox 1040 1664 1349 1736; x_wconf 78' lang='lat' dir='ltr'>Omnibus</span> <span class='ocrx_word' id='word_1_27' title='bbox 1400 1668 1638 1736; x_wconf 81' lang='lat' dir='ltr'><strong>Christi</strong></span> <span class='ocrx_word' id='word_1_28' title='bbox 1673 1669 1976 1740; x_wconf 87' lang='lat' dir='ltr'><strong>fidelibus</strong></span> <span class='ocrx_word' id='word_1_29' title='bbox 2006 1677 2137 1738; x_wconf 86' lang='lat' dir='ltr'><strong>tam</strong></span> <span class='ocrx_word' id='word_1_30' title='bbox 2169 1674 2574 1759; x_wconf 73' lang='lat' dir='ltr'>presentibus</span> <span class='ocrx_word' id='word_1_31' title='bbox 2604 1692 2797 1756; x_wconf 90' lang='lat' dir='ltr'><strong>quam</strong></span> <span class='ocrx_word' id='word_1_32' title='bbox 2828 1670 3061 1741; x_wconf 82' lang='lat' dir='ltr'><strong>futuris</strong></span> 
     </span>
     <span class='ocr_line' id='line_1_8' title="bbox 830 1778 3060 1866; baseline 0.002 -24"><span class='ocrx_word' id='word_1_33' title='bbox 830 1796 1098 1864; x_wconf 79' lang='lat' dir='ltr'>presens</span> <span class='ocrx_word' id='word_1_34' title='bbox 1149 1778 1457 1864; x_wconf 90' lang='lat' dir='ltr'><strong>scriptum</strong></span> <span class='ocrx_word' id='word_1_35' title='bbox 1526 1778 1914 1864; x_wconf 87' lang='lat' dir='ltr'><strong>inspecturis</strong></span> <span class='ocrx_word' id='word_1_36' title='bbox 1965 1780 2336 1866; x_wconf 82' lang='lat' dir='ltr'>Capitulum</span> <span class='ocrx_word' id='word_1_37' title='bbox 2385 1778 2673 1847; x_wconf 87' lang='lat' dir='ltr'><strong>Ecclesie</strong></span> <span class='ocrx_word' id='word_1_38' title='bbox 2722 1779 3060 1865; x_wconf 84' lang='lat' dir='ltr'><strong>Agriensis</strong></span> 
     </span>
     <span class='ocr_line' id='line_1_9' title="bbox 828 1883 3057 1957; baseline 0 -3"><span class='ocrx_word' id='word_1_39' title='bbox 828 1886 1102 1954; x_wconf 85' lang='lat' dir='ltr'><strong>salutem</strong></span> <span class='ocrx_word' id='word_1_40' title='bbox 1135 1883 1204 1952; x_wconf 91' lang='lat' dir='ltr'><strong>in</strong></span> <span class='ocrx_word' id='word_1_41' title='bbox 1221 1885 1503 1952; x_wconf 90' lang='lat' dir='ltr'><strong>omnium</strong></span> <span class='ocrx_word' id='word_1_42' title='bbox 1537 1887 1880 1954; x_wconf 90' lang='lat' dir='ltr'><strong>saluatore.</strong></span> <span class='ocrx_word' id='word_1_43' title='bbox 1900 1887 2004 1953; x_wconf 91' lang='lat' dir='ltr'><strong>Ad</strong></span> <span class='ocrx_word' id='word_1_44' title='bbox 2027 1889 2463 1957; x_wconf 82' lang='lat' dir='ltr'><strong>vniuersorum</strong></span> <span class='ocrx_word' id='word_1_45' title='bbox 2496 1888 2800 1957; x_wconf 78' lang='lat' dir='ltr'><strong>noticiam</strong></span> <span class='ocrx_word' id='word_1_46' title='bbox 2831 1895 3057 1956; x_wconf 89' lang='lat' dir='ltr'><strong>tenore</strong></span> 
     </span>
     <span class='ocr_line' id='line_1_10' title="bbox 834 1992 3068 2083; baseline 0.001 -23"><span class='ocrx_word' id='word_1_47' title='bbox 834 1994 1240 2081; x_wconf 89' lang='lat' dir='ltr'><strong>presencium</strong></span> <span class='ocrx_word' id='word_1_48' title='bbox 1289 1992 1581 2061; x_wconf 86' lang='lat' dir='ltr'><strong>volumus</strong></span> <span class='ocrx_word' id='word_1_49' title='bbox 1629 1997 1967 2082; x_wconf 88' lang='lat' dir='ltr'><strong>peruenire</strong></span> <span class='ocrx_word' id='word_1_50' title='bbox 1993 2022 2009 2081; x_wconf 91' lang='lat'>;</span> <span class='ocrx_word' id='word_1_51' title='bbox 2060 1997 2231 2079; x_wconf 88' lang='lat' dir='ltr'><strong>quod</strong></span> <span class='ocrx_word' id='word_1_52' title='bbox 2266 1995 2549 2064; x_wconf 86' lang='lat' dir='ltr'><strong>Rathold</strong></span> <span class='ocrx_word' id='word_1_53' title='bbox 2595 1996 2765 2064; x_wconf 89' lang='lat' dir='ltr'><strong>filius</strong></span> <span class='ocrx_word' id='word_1_54' title='bbox 2814 1996 3068 2083; x_wconf 79' lang='lat' dir='ltr'><strong>Zoryne</strong></span> 
     </span>
     <span class='ocr_line' id='line_1_11' title="bbox 840 2101 3069 2190; baseline 0 -21"><span class='ocrx_word' id='word_1_55' title='bbox 840 2111 905 2169; x_wconf 88' lang='lat' dir='ltr'><strong>et</strong></span> <span class='ocrx_word' id='word_1_56' title='bbox 936 2101 1179 2188; x_wconf 81' lang='lat' dir='ltr'><strong>Mykov</strong></span> <span class='ocrx_word' id='word_1_57' title='bbox 1209 2101 1378 2170; x_wconf 88' lang='lat' dir='ltr'><strong>filius</strong></span> <span class='ocrx_word' id='word_1_58' title='bbox 1410 2102 1657 2170; x_wconf 84' lang='lat' dir='ltr'><strong>Thome</strong></span> <span class='ocrx_word' id='word_1_59' title='bbox 1688 2104 1770 2170; x_wconf 87' lang='lat' dir='ltr'><strong>ab</strong></span> <span class='ocrx_word' id='word_1_60' title='bbox 1803 2123 1932 2170; x_wconf 90' lang='lat' dir='ltr'><strong>nna</strong></span> <span class='ocrx_word' id='word_1_61' title='bbox 1962 2111 2165 2190; x_wconf 87' lang='lat' dir='ltr'><strong>parte,</strong></span> <span class='ocrx_word' id='word_1_62' title='bbox 2205 2107 2287 2171; x_wconf 89' lang='lat' dir='ltr'><strong>ab</strong></span> <span class='ocrx_word' id='word_1_63' title='bbox 2322 2103 2528 2170; x_wconf 89' lang='lat' dir='ltr'><strong>altera</strong></span> <span class='ocrx_word' id='word_1_64' title='bbox 2558 2124 2710 2172; x_wconf 86' lang='lat' dir='ltr'><strong>vero</strong></span> <span class='ocrx_word' id='word_1_65' title='bbox 2741 2104 2984 2190; x_wconf 80' lang='lat' dir='ltr'><strong>Symon</strong></span> <span class='ocrx_word' id='word_1_66' title='bbox 3008 2113 3069 2173; x_wconf 87' lang='lat' dir='ltr'><strong>et</strong></span> 
     </span>
     <span class='ocr_line' id='line_1_12' title="bbox 837 2209 3071 2299; baseline 0.001 -22"><span class='ocrx_word' id='word_1_67' title='bbox 837 2212 1078 2278; x_wconf 87' lang='lat' dir='ltr'><strong>Paulus</strong></span> <span class='ocrx_word' id='word_1_68' title='bbox 1110 2210 1224 2298; x_wconf 89' lang='lat' dir='ltr'><strong>filij</strong></span> <span class='ocrx_word' id='word_1_69' title='bbox 1252 2209 1529 2278; x_wconf 84' lang='lat' dir='ltr'><strong>Chanad</strong></span> <span class='ocrx_word' id='word_1_70' title='bbox 1559 2232 1675 2298; x_wconf 90' lang='lat' dir='ltr'><strong>pro</strong></span> <span class='ocrx_word' id='word_1_71' title='bbox 1707 2232 1798 2294; x_wconf 89' lang='lat' dir='ltr'><strong>se,</strong></span> <span class='ocrx_word' id='word_1_72' title='bbox 1832 2219 1898 2280; x_wconf 87' lang='lat' dir='ltr'><strong>et</strong></span> <span class='ocrx_word' id='word_1_73' title='bbox 1929 2234 2044 2298; x_wconf 91' lang='lat' dir='ltr'><strong>pro</strong></span> <span class='ocrx_word' id='word_1_74' title='bbox 2064 2212 2270 2299; x_wconf 86' lang='lat' dir='ltr'><strong>Chuk,</strong></span> <span class='ocrx_word' id='word_1_75' title='bbox 2303 2214 2592 2280; x_wconf 78' lang='lat' dir='ltr'><strong>Emer-ico</strong></span> <span class='ocrx_word' id='word_1_76' title='bbox 2625 2220 2690 2278; x_wconf 89' lang='lat' dir='ltr'><strong>et</strong></span> <span class='ocrx_word' id='word_1_77' title='bbox 2720 2214 3071 2280; x_wconf 88' lang='lat' dir='ltr'><strong>Benedicto</strong></span> 
     </span>
     <span class='ocr_line' id='line_1_13' title="bbox 836 2320 3069 2410; baseline 0 -24"><span class='ocrx_word' id='word_1_78' title='bbox 836 2320 1143 2387; x_wconf 84' lang='lat' dir='ltr'><strong>fratribus</strong></span> <span class='ocrx_word' id='word_1_79' title='bbox 1173 2322 1326 2406; x_wconf 87' lang='lat' dir='ltr'><strong>suis,</strong></span> <span class='ocrx_word' id='word_1_80' title='bbox 1360 2321 1513 2387; x_wconf 88' lang='lat' dir='ltr'><strong>item</strong></span> <span class='ocrx_word' id='word_1_81' title='bbox 1536 2321 1743 2389; x_wconf 86' lang='lat' dir='ltr'><strong>dietus</strong></span> <span class='ocrx_word' id='word_1_82' title='bbox 1771 2323 2015 2392; x_wconf 88' lang='lat' dir='ltr'><strong>Paulus</strong></span> <span class='ocrx_word' id='word_1_83' title='bbox 2043 2344 2159 2410; x_wconf 92' lang='lat' dir='ltr'><strong>pro</strong></span> <span class='ocrx_word' id='word_1_84' title='bbox 2189 2324 2428 2409; x_wconf 80' lang='lat' dir='ltr'><strong>Mykov</strong></span> <span class='ocrx_word' id='word_1_85' title='bbox 2459 2323 2591 2390; x_wconf 89' lang='lat' dir='ltr'><strong>filio</strong></span> <span class='ocrx_word' id='word_1_86' title='bbox 2622 2320 2905 2407; x_wconf 83' lang='lat' dir='ltr'><strong>Nicolai‚</strong></span> <span class='ocrx_word' id='word_1_87' title='bbox 2941 2322 3069 2387; x_wconf 87' lang='lat' dir='ltr'><strong>An-</strong></span> 
     </span>
     <span class='ocr_line' id='line_1_14' title="bbox 843 2427 3073 2517; baseline 0.002 -24"><span class='ocrx_word' id='word_1_88' title='bbox 843 2427 1031 2495; x_wconf 86' lang='lat' dir='ltr'><strong>dreas</strong></span> <span class='ocrx_word' id='word_1_89' title='bbox 1062 2429 1231 2496; x_wconf 89' lang='lat' dir='ltr'><strong>filius</strong></span> <span class='ocrx_word' id='word_1_90' title='bbox 1261 2427 1538 2517; x_wconf 88' lang='lat' dir='ltr'><strong>Andree,</strong></span> <span class='ocrx_word' id='word_1_91' title='bbox 1569 2430 1918 2499; x_wconf 84' lang='lat' dir='ltr'><strong>Ladizlaus</strong></span> <span class='ocrx_word' id='word_1_92' title='bbox 1954 2431 2127 2498; x_wconf 90' lang='lat' dir='ltr'><strong>filius</strong></span> <span class='ocrx_word' id='word_1_93' title='bbox 2167 2432 2510 2517; x_wconf 87' lang='lat' dir='ltr'><strong>Lamperti,</strong></span> <span class='ocrx_word' id='word_1_94' title='bbox 2542 2429 2871 2498; x_wconf 88' lang='lat' dir='ltr'><strong>Johannes</strong></span> <span class='ocrx_word' id='word_1_95' title='bbox 2904 2429 3073 2497; x_wconf 88' lang='lat' dir='ltr'><strong>filins</strong></span> 
     </span>
     <span class='ocr_line' id='line_1_15' title="bbox 841 2535 3067 2626; baseline 0.002 -26"><span class='ocrx_word' id='word_1_96' title='bbox 841 2535 1134 2605; x_wconf 86' lang='lat' dir='ltr'><strong>Silnestri</strong></span> <span class='ocrx_word' id='word_1_97' title='bbox 1183 2542 1247 2604; x_wconf 88' lang='lat' dir='ltr'><strong>et</strong></span> <span class='ocrx_word' id='word_1_98' title='bbox 1263 2536 1396 2622; x_wconf 83' lang='lat' dir='ltr'><strong>Wg</strong></span> <span class='ocrx_word' id='word_1_99' title='bbox 1423 2536 1593 2605; x_wconf 89' lang='lat' dir='ltr'><strong>filius</strong></span> <span class='ocrx_word' id='word_1_100' title='bbox 1627 2538 1902 2606; x_wconf 84' lang='lat' dir='ltr'><strong>Iwanka</strong></span> <span class='ocrx_word' id='word_1_101' title='bbox 1932 2539 2014 2605; x_wconf 89' lang='lat' dir='ltr'><strong>de</strong></span> <span class='ocrx_word' id='word_1_102' title='bbox 2046 2558 2279 2624; x_wconf 80' lang='lat' dir='ltr'><strong>genere</strong></span> <span class='ocrx_word' id='word_1_103' title='bbox 2308 2540 2452 2626; x_wconf 86' lang='lat' dir='ltr'><strong>Wg,</strong></span> <span class='ocrx_word' id='word_1_104' title='bbox 2483 2559 2755 2606; x_wconf 84' lang='lat' dir='ltr'><strong>vnacum</strong></span> <span class='ocrx_word' id='word_1_105' title='bbox 2787 2538 3067 2624; x_wconf 85' lang='lat' dir='ltr'><strong>Stepha-</strong></span> 
     </span>
     <span class='ocr_line' id='line_1_16' title="bbox 838 2646 3063 2719; baseline 0 -7"><span class='ocrx_word' id='word_1_106' title='bbox 838 2667 922 2712; x_wconf 93' lang='lat' dir='ltr'><strong>no</strong></span> <span class='ocrx_word' id='word_1_107' title='bbox 943 2646 1124 2713; x_wconf 89' lang='lat' dir='ltr'><strong>Bano</strong></span> <span class='ocrx_word' id='word_1_108' title='bbox 1144 2646 1277 2714; x_wconf 84' lang='lat' dir='ltr'><strong>filio</strong></span> <span class='ocrx_word' id='word_1_109' title='bbox 1309 2647 1576 2714; x_wconf 89' lang='lat' dir='ltr'><strong>Comitis</strong></span> <span class='ocrx_word' id='word_1_110' title='bbox 1606 2648 1774 2714; x_wconf 89' lang='lat' dir='ltr'><strong>Ders</strong></span> <span class='ocrx_word' id='word_1_111' title='bbox 1806 2653 1869 2715; x_wconf 92' lang='lat' dir='ltr'><strong>et</strong></span> <span class='ocrx_word' id='word_1_112' title='bbox 1901 2649 2147 2715; x_wconf 84' lang='lat' dir='ltr'><strong>Comite</strong></span> <span class='ocrx_word' id='word_1_113' title='bbox 2167 2649 2287 2719; x_wconf 86' lang='lat' dir='ltr'><strong>Job</strong></span> <span class='ocrx_word' id='word_1_114' title='bbox 2319 2647 2453 2715; x_wconf 88' lang='lat' dir='ltr'><strong>filio</strong></span> <span class='ocrx_word' id='word_1_115' title='bbox 2483 2649 2689 2714; x_wconf 87' lang='lat' dir='ltr'><strong>Janus</strong></span> <span class='ocrx_word' id='word_1_116' title='bbox 2719 2646 2801 2714; x_wconf 90' lang='lat' dir='ltr'><strong>de</strong></span> <span class='ocrx_word' id='word_1_117' title='bbox 2832 2646 3063 2714; x_wconf 83' lang='lat' dir='ltr'><strong>eadem</strong></span> 
     </span>
     <span class='ocr_line' id='line_1_17' title="bbox 843 2753 3073 2843; baseline -0.001 -23"><span class='ocrx_word' id='word_1_118' title='bbox 843 2756 1265 2838; x_wconf 88' lang='lat' dir='ltr'><strong>generacione</strong></span> <span class='ocrx_word' id='word_1_119' title='bbox 1283 2805 1300 2839; x_wconf 92' lang='lat'>‚</span> <span class='ocrx_word' id='word_1_120' title='bbox 1365 2777 1578 2823; x_wconf 89' lang='lat' dir='ltr'><strong>coram</strong></span> <span class='ocrx_word' id='word_1_121' title='bbox 1626 2758 1813 2823; x_wconf 90' lang='lat' dir='ltr'><strong>nobis</strong></span> <span class='ocrx_word' id='word_1_122' title='bbox 1862 2756 2286 2843; x_wconf 77' lang='lat' dir='ltr'><strong>personaliter</strong></span> <span class='ocrx_word' id='word_1_123' title='bbox 2334 2756 2674 2824; x_wconf 88' lang='lat' dir='ltr'><strong>constituti</strong></span> <span class='ocrx_word' id='word_1_124' title='bbox 2723 2753 3024 2821; x_wconf 86' lang='lat' dir='ltr'><strong>dixerunt</strong></span> <span class='ocrx_word' id='word_1_125' title='bbox 3057 2777 3073 2818; x_wconf 73' lang='grc' dir='ltr'><strong><em>ε</em></strong></span> 
     </span>
     <span class='ocr_line' id='line_1_18' title="bbox 842 2862 3074 2953; baseline -0 -24"><span class='ocrx_word' id='word_1_126' title='bbox 842 2862 1015 2947; x_wconf 91' lang='lat' dir='ltr'><strong>quod</strong></span> <span class='ocrx_word' id='word_1_127' title='bbox 1044 2866 1109 2930; x_wconf 91' lang='lat' dir='ltr'><strong>in</strong></span> <span class='ocrx_word' id='word_1_128' title='bbox 1142 2884 1357 2950; x_wconf 88' lang='lat' dir='ltr'><strong>causa,</strong></span> <span class='ocrx_word' id='word_1_129' title='bbox 1393 2863 1546 2953; x_wconf 90' lang='lat' dir='ltr'><strong>(que</strong></span> <span class='ocrx_word' id='word_1_130' title='bbox 1599 2865 1681 2933; x_wconf 91' lang='lat' dir='ltr'><strong>de</strong></span> <span class='ocrx_word' id='word_1_131' title='bbox 1710 2862 1915 2953; x_wconf 84' lang='lat' dir='ltr'><strong>facto)</strong></span> <span class='ocrx_word' id='word_1_132' title='bbox 1949 2866 2269 2951; x_wconf 90' lang='lat' dir='ltr'><strong>particule</strong></span> <span class='ocrx_word' id='word_1_133' title='bbox 2320 2873 2491 2933; x_wconf 87' lang='lat' dir='ltr'><strong>terre</strong></span> <span class='ocrx_word' id='word_1_134' title='bbox 2553 2864 2832 2950; x_wconf 85' lang='lat' dir='ltr'><strong>ipsorum</strong></span> <span class='ocrx_word' id='word_1_135' title='bbox 2897 2863 3074 2930; x_wconf 88' lang='lat' dir='ltr'><strong>here·</strong></span> 
     </span>
     <span class='ocr_line' id='line_1_19' title="bbox 845 2969 3072 3062; baseline 0.002 -27"><span class='ocrx_word' id='word_1_136' title='bbox 845 2969 1076 3038; x_wconf 85' lang='lat' dir='ltr'><strong>ditarie</strong></span> <span class='ocrx_word' id='word_1_137' title='bbox 1124 2971 1206 3039; x_wconf 88' lang='lat' dir='ltr'><strong>de</strong></span> <span class='ocrx_word' id='word_1_138' title='bbox 1252 2971 1371 3039; x_wconf 90' lang='lat' dir='ltr'><strong>Bel</strong></span> <span class='ocrx_word' id='word_1_139' title='bbox 1420 2975 1818 3062; x_wconf 86' lang='lat' dir='ltr'><strong>mouebatur,</strong></span> <span class='ocrx_word' id='word_1_140' title='bbox 1852 2974 2020 3041; x_wconf 86' lang='lat' dir='ltr'><strong>inter</strong></span> <span class='ocrx_word' id='word_1_141' title='bbox 2049 2981 2267 3060; x_wconf 86' lang='lat' dir='ltr'><strong>partes</strong></span> <span class='ocrx_word' id='word_1_142' title='bbox 2318 2971 2750 3040; x_wconf 82' lang='lat' dir='ltr'><strong>mediantibus</strong></span> <span class='ocrx_word' id='word_1_143' title='bbox 2798 2971 2957 3039; x_wconf 85' lang='lat' dir='ltr'><strong>viris</strong></span> <span class='ocrx_word' id='word_1_144' title='bbox 2990 2972 3072 3039; x_wconf 90' lang='lat' dir='ltr'><strong>de</strong></span> 
     </span>
     <span class='ocr_line' id='line_1_20' title="bbox 846 3080 3070 3170; baseline 0.001 -25"><span class='ocrx_word' id='word_1_145' title='bbox 846 3082 1268 3163; x_wconf 84' lang='lat' dir='ltr'><strong>generacione</strong></span> <span class='ocrx_word' id='word_1_146' title='bbox 1305 3104 1428 3151; x_wconf 88' lang='lat' dir='ltr'><strong>sua</strong></span> <span class='ocrx_word' id='word_1_147' title='bbox 1464 3083 1550 3149; x_wconf 90' lang='lat' dir='ltr'><strong>ad</strong></span> <span class='ocrx_word' id='word_1_148' title='bbox 1595 3085 1842 3152; x_wconf 90' lang='lat' dir='ltr'><strong>firmam</strong></span> <span class='ocrx_word' id='word_1_149' title='bbox 1873 3086 2057 3170; x_wconf 80' lang='lat' dir='ltr'><strong>pacis</strong></span> <span class='ocrx_word' id='word_1_150' title='bbox 2097 3085 2396 3151; x_wconf 90' lang='lat' dir='ltr'><strong>unionem</strong></span> <span class='ocrx_word' id='word_1_151' title='bbox 2428 3081 2814 3148; x_wconf 87' lang='lat' dir='ltr'><strong>deuenerunt</strong></span> <span class='ocrx_word' id='word_1_152' title='bbox 2848 3080 2972 3170; x_wconf 87' lang='lat' dir='ltr'><strong>(et)</strong></span> <span class='ocrx_word' id='word_1_153' title='bbox 3005 3082 3070 3147; x_wconf 94' lang='lat' dir='ltr'><strong>in</strong></span> 
     </span>
     <span class='ocr_line' id='line_1_21' title="bbox 846 3188 3078 3274; baseline 0 -20"><span class='ocrx_word' id='word_1_154' title='bbox 846 3197 1201 3257; x_wconf 89' lang='lat' dir='ltr'><strong>memorata</strong></span> <span class='ocrx_word' id='word_1_155' title='bbox 1231 3197 1407 3260; x_wconf 88' lang='lat' dir='ltr'><strong>terra</strong></span> <span class='ocrx_word' id='word_1_156' title='bbox 1436 3213 1555 3265; x_wconf 85' lang='lat' dir='ltr'><strong>sua</strong></span> <span class='ocrx_word' id='word_1_157' title='bbox 1585 3193 1786 3260; x_wconf 87' lang='lat' dir='ltr'><strong>talem</strong></span> <span class='ocrx_word' id='word_1_158' title='bbox 1818 3194 1989 3260; x_wconf 88' lang='lat' dir='ltr'><strong>inter</strong></span> <span class='ocrx_word' id='word_1_159' title='bbox 2020 3212 2091 3261; x_wconf 89' lang='lat' dir='ltr'><strong>se</strong></span> <span class='ocrx_word' id='word_1_160' title='bbox 2120 3191 2428 3261; x_wconf 82' lang='lat' dir='ltr'><strong>fecissent</strong></span> <span class='ocrx_word' id='word_1_161' title='bbox 2460 3190 2876 3259; x_wconf 88' lang='lat' dir='ltr'><strong>diuisionem:</strong></span> <span class='ocrx_word' id='word_1_162' title='bbox 2905 3188 3078 3274; x_wconf 90' lang='lat' dir='ltr'><strong>quod</strong></span> 
     </span>
    </p>
   </div>
   <div class='ocr_carea' id='block_1_6' title="bbox 851 3297 3083 3493">
    <p class='ocr_par' dir='ltr' id='par_1_6' title="bbox 851 3297 3083 3493">
     <span class='ocr_line' id='line_1_22' title="bbox 851 3297 3083 3384; baseline -0.003 -21"><span class='ocrx_word' id='word_1_163' title='bbox 851 3297 1257 3365; x_wconf 89' lang='lat' dir='ltr'><strong>medietatem</strong></span> <span class='ocrx_word' id='word_1_164' title='bbox 1311 3299 1480 3366; x_wconf 89' lang='lat' dir='ltr'><strong>dicte</strong></span> <span class='ocrx_word' id='word_1_165' title='bbox 1528 3300 1847 3384; x_wconf 86' lang='lat' dir='ltr'><strong>particule</strong></span> <span class='ocrx_word' id='word_1_166' title='bbox 1889 3308 2055 3368; x_wconf 86' lang='lat' dir='ltr'><strong>terre</strong></span> <span class='ocrx_word' id='word_1_167' title='bbox 2084 3299 2170 3366; x_wconf 87' lang='lat' dir='ltr'><strong>ad</strong></span> <span class='ocrx_word' id='word_1_168' title='bbox 2198 3301 2460 3367; x_wconf 87' lang='lat' dir='ltr'><strong>fluuium</strong></span> <span class='ocrx_word' id='word_1_169' title='bbox 2492 3300 2667 3384; x_wconf 79' lang='lat' dir='ltr'><strong>Egur</strong></span> <span class='ocrx_word' id='word_1_170' title='bbox 2693 3299 3009 3366; x_wconf 84' lang='lat' dir='ltr'><strong>iacentem</strong></span> <span class='ocrx_word' id='word_1_171' title='bbox 3042 3319 3083 3363; x_wconf 73' lang='lat' dir='ltr'><strong>a</strong></span> 
     </span>
     <span class='ocr_line' id='line_1_23' title="bbox 854 3405 3071 3493; baseline -0.01 -19"><span class='ocrx_word' id='word_1_172' title='bbox 854 3419 1040 3493; x_wconf 87' lang='lat' dir='ltr'><strong>parte</strong></span> <span class='ocrx_word' id='word_1_173' title='bbox 1093 3407 1476 3475; x_wconf 87' lang='lat' dir='ltr'><strong>occidentali</strong></span> <span class='ocrx_word' id='word_1_174' title='bbox 1527 3409 1816 3476; x_wconf 80' lang='lat' dir='ltr'><strong>habitam</strong></span> <span class='ocrx_word' id='word_1_175' title='bbox 1848 3447 1936 3458; x_wconf 90' lang='lat'>—</span> <span class='ocrx_word' id='word_1_176' title='bbox 1968 3447 2053 3459; x_wconf 92' lang='grc'><strong>-</strong></span> <span class='ocrx_word' id='word_1_177' title='bbox 2089 3446 2164 3456; x_wconf 88' lang='grc'><strong>-</strong></span> <span class='ocrx_word' id='word_1_178' title='bbox 2211 3448 2286 3458; x_wconf 93' lang='grc'>-</span> <span class='ocrx_word' id='word_1_179' title='bbox 2329 3405 2725 3492; x_wconf 77' lang='lat' dir='ltr'><strong>edificijsque</strong></span> <span class='ocrx_word' id='word_1_180' title='bbox 2757 3445 2843 3455; x_wconf 86' lang='lat'>-</span> <span class='ocrx_word' id='word_1_181' title='bbox 2882 3446 2955 3458; x_wconf 88' lang='lat'><strong>...</strong></span> <span class='ocrx_word' id='word_1_182' title='bbox 3001 3444 3071 3453; x_wconf 78' lang='grc'><strong>.-</strong></span> 
     </span>
    </p>
   </div>
   <div class='ocr_carea' id='block_1_7' title="bbox 852 3515 3085 3820">
    <p class='ocr_par' dir='ltr' id='par_1_7' title="bbox 852 3515 3085 3820">
     <span class='ocr_line' id='line_1_24' title="bbox 852 3515 3080 3609; baseline 0.001 -28"><span class='ocrx_word' id='word_1_183' title='bbox 852 3515 1239 3583; x_wconf 88' lang='lat' dir='ltr'><strong>utilitatibus</strong></span> <span class='ocrx_word' id='word_1_184' title='bbox 1282 3526 1344 3584; x_wconf 90' lang='lat' dir='ltr'><strong>et</strong></span> <span class='ocrx_word' id='word_1_185' title='bbox 1383 3517 1798 3609; x_wconf 88' lang='lat' dir='ltr'><strong>pertiueneijs</strong></span> <span class='ocrx_word' id='word_1_186' title='bbox 1831 3520 1965 3588; x_wconf 88' lang='lat' dir='ltr'><strong>suis</strong></span> <span class='ocrx_word' id='word_1_187' title='bbox 1996 3519 2311 3586; x_wconf 89' lang='lat' dir='ltr'><strong>communi</strong></span> <span class='ocrx_word' id='word_1_188' title='bbox 2362 3536 2676 3585; x_wconf 89' lang='lat' dir='ltr'><strong>consensu</strong></span> <span class='ocrx_word' id='word_1_189' title='bbox 2707 3521 2770 3584; x_wconf 88' lang='lat' dir='ltr'><strong>et</strong></span> <span class='ocrx_word' id='word_1_190' title='bbox 2800 3516 2942 3602; x_wconf 91' lang='lat' dir='ltr'><strong>pari</strong></span> <span class='ocrx_word' id='word_1_191' title='bbox 2979 3539 3080 3583; x_wconf 88' lang='lat' dir='ltr'><strong>vo·</strong></span> 
     </span>
     <span class='ocr_line' id='line_1_25' title="bbox 856 3623 3080 3717; baseline 0 -29"><span class='ocrx_word' id='word_1_192' title='bbox 856 3623 1105 3692; x_wconf 90' lang='lat' dir='ltr'><strong>luntate</strong></span> <span class='ocrx_word' id='word_1_193' title='bbox 1122 3625 1520 3694; x_wconf 87' lang='lat' dir='ltr'><strong>dimisissent</strong></span> <span class='ocrx_word' id='word_1_194' title='bbox 1546 3626 1858 3717; x_wconf 84' lang='lat' dir='ltr'><strong>Ratholth</strong></span> <span class='ocrx_word' id='word_1_195' title='bbox 1889 3633 1952 3694; x_wconf 85' lang='lat' dir='ltr'><strong>et</strong></span> <span class='ocrx_word' id='word_1_196' title='bbox 1985 3626 2230 3713; x_wconf 82' lang='lat' dir='ltr'><strong>Mykov</strong></span> <span class='ocrx_word' id='word_1_197' title='bbox 2264 3662 2338 3673; x_wconf 90' lang='lat'>—</span> <span class='ocrx_word' id='word_1_198' title='bbox 2375 3661 2462 3674; x_wconf 84' lang='lat'><strong>-—</strong></span> <span class='ocrx_word' id='word_1_199' title='bbox 2493 3663 2580 3673; x_wconf 93' lang='lat'><strong>-—</strong></span> <span class='ocrx_word' id='word_1_200' title='bbox 2612 3661 2699 3673; x_wconf 92' lang='lat'><strong>-—</strong></span> <span class='ocrx_word' id='word_1_201' title='bbox 2729 3623 3080 3692; x_wconf 80' lang='lat' dir='ltr'><strong>heredibus</strong></span> 
     </span>
     <span class='ocr_line' id='line_1_26' title="bbox 860 3732 3085 3820; baseline 0.001 -22"><span class='ocrx_word' id='word_1_202' title='bbox 860 3732 1292 3819; x_wconf 87' lang='lat' dir='ltr'><strong>heredumque</strong></span> <span class='ocrx_word' id='word_1_203' title='bbox 1311 3756 1569 3804; x_wconf 90' lang='lat' dir='ltr'><strong>suorum</strong></span> <span class='ocrx_word' id='word_1_204' title='bbox 1590 3737 2065 3805; x_wconf 89' lang='lat' dir='ltr'><strong>successoribus</strong></span> <span class='ocrx_word' id='word_1_205' title='bbox 2091 3772 2164 3785; x_wconf 89' lang='lat'>-</span> <span class='ocrx_word' id='word_1_206' title='bbox 2196 3771 2269 3782; x_wconf 92' lang='lat'>—</span> <span class='ocrx_word' id='word_1_207' title='bbox 2300 3769 2378 3782; x_wconf 90' lang='lat'>-</span> <span class='ocrx_word' id='word_1_208' title='bbox 2402 3741 2712 3820; x_wconf 87' lang='lat' dir='ltr'><strong>perpetuo</strong></span> <span class='ocrx_word' id='word_1_209' title='bbox 2744 3734 3085 3820; x_wconf 86' lang='lat' dir='ltr'><strong>possiden·</strong></span> 
     </span>
    </p>
   </div>
   <div class='ocr_carea' id='block_1_8' title="bbox 859 3841 3105 4799">
    <p class='ocr_par' dir='ltr' id='par_1_8' title="bbox 859 3841 3105 4799">
     <span class='ocr_line' id='line_1_27' title="bbox 861 3841 3096 3933; baseline 0 -24"><span class='ocrx_word' id='word_1_210' title='bbox 861 3841 1009 3909; x_wconf 86' lang='lat' dir='ltr'><strong>dam</strong></span> <span class='ocrx_word' id='word_1_211' title='bbox 1028 3849 1090 3910; x_wconf 88' lang='lat' dir='ltr'><strong>et</strong></span> <span class='ocrx_word' id='word_1_212' title='bbox 1112 3843 1514 3912; x_wconf 89' lang='lat' dir='ltr'><strong>habendam:</strong></span> <span class='ocrx_word' id='word_1_213' title='bbox 1552 3847 1761 3912; x_wconf 85' lang='lat' dir='ltr'><strong>altera</strong></span> <span class='ocrx_word' id='word_1_214' title='bbox 1791 3852 1978 3933; x_wconf 89' lang='lat' dir='ltr'><strong>parte</strong></span> <span class='ocrx_word' id='word_1_215' title='bbox 2006 3843 2312 3911; x_wconf 85' lang='lat' dir='ltr'><strong>videlicet</strong></span> <span class='ocrx_word' id='word_1_216' title='bbox 2342 3864 2385 3909; x_wconf 90' lang='lat' dir='ltr'><strong>a</strong></span> <span class='ocrx_word' id='word_1_217' title='bbox 2415 3850 2602 3927; x_wconf 90' lang='lat' dir='ltr'><strong>parte</strong></span> <span class='ocrx_word' id='word_1_218' title='bbox 2633 3842 2931 3909; x_wconf 88' lang='lat' dir='ltr'><strong>orientali</strong></span> <span class='ocrx_word' id='word_1_219' title='bbox 2963 3845 3096 3910; x_wconf 87' lang='lat' dir='ltr'><strong>exi-</strong></span> 
     </span>
     <span class='ocr_line' id='line_1_28' title="bbox 862 3949 3095 4036; baseline 0 -19"><span class='ocrx_word' id='word_1_220' title='bbox 862 3957 1073 4018; x_wconf 87' lang='lat' dir='ltr'><strong>stente</strong></span> <span class='ocrx_word' id='word_1_221' title='bbox 1105 3953 1329 4020; x_wconf 89' lang='lat' dir='ltr'><strong>eodem</strong></span> <span class='ocrx_word' id='word_1_222' title='bbox 1369 3954 1559 4022; x_wconf 89' lang='lat' dir='ltr'><strong>modo</strong></span> <span class='ocrx_word' id='word_1_223' title='bbox 1610 3974 1751 4021; x_wconf 90' lang='lat' dir='ltr'><strong>cnm</strong></span> <span class='ocrx_word' id='word_1_224' title='bbox 1795 3952 2181 4021; x_wconf 84' lang='lat' dir='ltr'><strong>vtilitatibus</strong></span> <span class='ocrx_word' id='word_1_225' title='bbox 2214 3958 2279 4018; x_wconf 89' lang='lat' dir='ltr'><strong>et</strong></span> <span class='ocrx_word' id='word_1_226' title='bbox 2307 3949 2717 4036; x_wconf 86' lang='lat' dir='ltr'><strong>pertinencijs</strong></span> <span class='ocrx_word' id='word_1_227' title='bbox 2770 3950 3095 4018; x_wconf 89' lang='lat' dir='ltr'><strong>uniuersis</strong></span> 
     </span>
     <span class='ocr_line' id='line_1_29' title="bbox 865 4058 3097 4148; baseline -0.001 -22"><span class='ocrx_word' id='word_1_228' title='bbox 865 4058 1054 4127; x_wconf 89' lang='lat' dir='ltr'><strong>dictis</strong></span> <span class='ocrx_word' id='word_1_229' title='bbox 1102 4060 1257 4147; x_wconf 86' lang='lat' dir='ltr'><strong>filijs</strong></span> <span class='ocrx_word' id='word_1_230' title='bbox 1292 4062 1562 4131; x_wconf 86' lang='lat' dir='ltr'><strong>Chanad</strong></span> <span class='ocrx_word' id='word_1_231' title='bbox 1593 4068 1659 4130; x_wconf 88' lang='lat' dir='ltr'><strong>et</strong></span> <span class='ocrx_word' id='word_1_232' title='bbox 1689 4062 1882 4148; x_wconf 89' lang='lat' dir='ltr'><strong>socijs</strong></span> <span class='ocrx_word' id='word_1_233' title='bbox 1917 4059 2269 4129; x_wconf 87' lang='lat' dir='ltr'><strong>eorundem</strong></span> <span class='ocrx_word' id='word_1_234' title='bbox 2305 4058 2679 4125; x_wconf 86' lang='lat' dir='ltr'><strong>memoratis</strong></span> <span class='ocrx_word' id='word_1_235' title='bbox 2711 4064 2775 4123; x_wconf 85' lang='lat' dir='ltr'><strong>et</strong></span> <span class='ocrx_word' id='word_1_236' title='bbox 2807 4058 3097 4143; x_wconf 87' lang='lat' dir='ltr'><strong>ipsorum</strong></span> 
     </span>
     <span class='ocr_line' id='line_1_30' title="bbox 859 4166 3097 4256; baseline -0.002 -21"><span class='ocrx_word' id='word_1_237' title='bbox 859 4167 1203 4238; x_wconf 84' lang='lat' dir='ltr'><strong>heredibus</strong></span> <span class='ocrx_word' id='word_1_238' title='bbox 1223 4170 1652 4256; x_wconf 88' lang='lat' dir='ltr'><strong>heredumque</strong></span> <span class='ocrx_word' id='word_1_239' title='bbox 1673 4171 2145 4239; x_wconf 89' lang='lat' dir='ltr'><strong>successoribus</strong></span> <span class='ocrx_word' id='word_1_240' title='bbox 2176 4167 2373 4235; x_wconf 88' lang='lat' dir='ltr'><strong>simili</strong></span> <span class='ocrx_word' id='word_1_241' title='bbox 2392 4166 2581 4233; x_wconf 89' lang='lat' dir='ltr'><strong>modo</strong></span> <span class='ocrx_word' id='word_1_242' title='bbox 2600 4172 2914 4254; x_wconf 89' lang='lat' dir='ltr'><strong>perpetuo</strong></span> <span class='ocrx_word' id='word_1_243' title='bbox 2947 4186 3097 4252; x_wconf 86' lang='lat' dir='ltr'><strong>pos·</strong></span> 
     </span>
     <span class='ocr_line' id='line_1_31' title="bbox 866 4273 3096 4347; baseline -0.001 -4"><span class='ocrx_word' id='word_1_244' title='bbox 866 4276 1202 4345; x_wconf 87' lang='lat' dir='ltr'><strong>sidendam</strong></span> <span class='ocrx_word' id='word_1_245' title='bbox 1236 4285 1300 4346; x_wconf 90' lang='lat' dir='ltr'><strong>et</strong></span> <span class='ocrx_word' id='word_1_246' title='bbox 1348 4278 1735 4347; x_wconf 87' lang='lat' dir='ltr'><strong>habendam.</strong></span> <span class='ocrx_word' id='word_1_247' title='bbox 1787 4281 1956 4347; x_wconf 87' lang='lat' dir='ltr'><strong>Mete</strong></span> <span class='ocrx_word' id='word_1_248' title='bbox 2004 4284 2222 4345; x_wconf 90' lang='lat' dir='ltr'><strong>autem</strong></span> <span class='ocrx_word' id='word_1_249' title='bbox 2270 4283 2440 4342; x_wconf 88' lang='lat' dir='ltr'><strong>terre</strong></span> <span class='ocrx_word' id='word_1_250' title='bbox 2489 4274 2730 4341; x_wconf 88' lang='lat' dir='ltr'><strong>eisdem</strong></span> <span class='ocrx_word' id='word_1_251' title='bbox 2782 4273 3096 4341; x_wconf 83' lang='lat' dir='ltr'><strong>Ratholth</strong></span> 
     </span>
     <span class='ocr_line' id='line_1_32' title="bbox 864 4381 3097 4475; baseline -0.003 -21"><span class='ocrx_word' id='word_1_252' title='bbox 864 4393 931 4454; x_wconf 85' lang='lat' dir='ltr'><strong>et</strong></span> <span class='ocrx_word' id='word_1_253' title='bbox 960 4388 1194 4475; x_wconf 82' lang='lat' dir='ltr'><strong>Mykov</strong></span> <span class='ocrx_word' id='word_1_254' title='bbox 1223 4387 1572 4473; x_wconf 83' lang='lat' dir='ltr'><strong>assignate,</strong></span> <span class='ocrx_word' id='word_1_255' title='bbox 1619 4387 1791 4455; x_wconf 86' lang='lat' dir='ltr'><strong>sicut</strong></span> <span class='ocrx_word' id='word_1_256' title='bbox 1836 4394 2054 4475; x_wconf 83' lang='lat' dir='ltr'><strong>partes</strong></span> <span class='ocrx_word' id='word_1_257' title='bbox 2103 4404 2320 4453; x_wconf 90' lang='lat' dir='ltr'><strong>coram</strong></span> <span class='ocrx_word' id='word_1_258' title='bbox 2351 4382 2537 4451; x_wconf 86' lang='lat' dir='ltr'><strong>nobis</strong></span> <span class='ocrx_word' id='word_1_259' title='bbox 2568 4384 2936 4466; x_wconf 84' lang='lat' dir='ltr'><strong>recitarunt,</strong></span> <span class='ocrx_word' id='word_1_260' title='bbox 2969 4381 3097 4448; x_wconf 86' lang='lat' dir='ltr'><strong>hoc</strong></span> 
     </span>
     <span class='ocr_line' id='line_1_33' title="bbox 871 4489 3101 4581; baseline -0.002 -21"><span class='ocrx_word' id='word_1_261' title='bbox 871 4493 1100 4563; x_wconf 85' lang='lat' dir='ltr'><strong>ordine</strong></span> <span class='ocrx_word' id='word_1_262' title='bbox 1130 4492 1599 4581; x_wconf 78' lang='lat' dir='ltr'><strong>distinguntur:</strong></span> <span class='ocrx_word' id='word_1_263' title='bbox 1662 4495 1878 4563; x_wconf 87' lang='lat' dir='ltr'><strong>Prima</strong></span> <span class='ocrx_word' id='word_1_264' title='bbox 1927 4501 2096 4563; x_wconf 88' lang='lat' dir='ltr'><strong>meta</strong></span> <span class='ocrx_word' id='word_1_265' title='bbox 2137 4491 2366 4578; x_wconf 87' lang='lat' dir='ltr'><strong>incipit</strong></span> <span class='ocrx_word' id='word_1_266' title='bbox 2412 4489 2588 4576; x_wconf 88' lang='lat' dir='ltr'><strong>apud</strong></span> <span class='ocrx_word' id='word_1_267' title='bbox 2639 4496 2876 4556; x_wconf 85' lang='lat' dir='ltr'><strong>metam</strong></span> <span class='ocrx_word' id='word_1_268' title='bbox 2930 4496 3101 4556; x_wconf 84' lang='lat' dir='ltr'><strong>terre</strong></span> 
     </span>
     <span class='ocr_line' id='line_1_34' title="bbox 872 4595 3093 4695; baseline -0.005 -23"><span class='ocrx_word' id='word_1_269' title='bbox 872 4604 1136 4673; x_wconf 83' lang='lat' dir='ltr'><strong>Comitis</strong></span> <span class='ocrx_word' id='word_1_270' title='bbox 1184 4605 1362 4673; x_wconf 88' lang='lat' dir='ltr'><strong>Keue</strong></span> <span class='ocrx_word' id='word_1_271' title='bbox 1392 4603 1509 4695; x_wconf 84' lang='lat' dir='ltr'><strong>filij</strong></span> <span class='ocrx_word' id='word_1_272' title='bbox 1546 4602 1771 4692; x_wconf 89' lang='lat' dir='ltr'><strong>Ipulch</strong></span> <span class='ocrx_word' id='word_1_273' title='bbox 1801 4604 1987 4672; x_wconf 84' lang='lat' dir='ltr'><strong>iuxta</strong></span> <span class='ocrx_word' id='word_1_274' title='bbox 2025 4602 2266 4671; x_wconf 88' lang='lat' dir='ltr'><strong>dictum</strong></span> <span class='ocrx_word' id='word_1_275' title='bbox 2314 4598 2578 4666; x_wconf 87' lang='lat' dir='ltr'><strong>fluuium</strong></span> <span class='ocrx_word' id='word_1_276' title='bbox 2610 4599 2787 4681; x_wconf 80' lang='lat' dir='ltr'><strong>Egur</strong></span> <span class='ocrx_word' id='word_1_277' title='bbox 2815 4595 2992 4684; x_wconf 89' lang='lat' dir='ltr'><strong>apud</strong></span> <span class='ocrx_word' id='word_1_278' title='bbox 3018 4635 3093 4645; x_wconf 90' lang='lat'>-</span> 
     </span>
     <span class='ocr_line' id='line_1_35' title="bbox 874 4703 3105 4799; baseline -0.003 -18"><span class='ocrx_word' id='word_1_279' title='bbox 874 4752 959 4764; x_wconf 92' lang='lat'><strong>--</strong></span> <span class='ocrx_word' id='word_1_280' title='bbox 982 4713 1047 4781; x_wconf 89' lang='lat' dir='ltr'><strong>di</strong></span> <span class='ocrx_word' id='word_1_281' title='bbox 1072 4737 1090 4799; x_wconf 89' lang='lat'>;</span> <span class='ocrx_word' id='word_1_282' title='bbox 1120 4714 1269 4781; x_wconf 89' lang='lat' dir='ltr'><strong>inde</strong></span> <span class='ocrx_word' id='word_1_283' title='bbox 1300 4733 1499 4799; x_wconf 84' lang='lat' dir='ltr'><strong>supra</strong></span> <span class='ocrx_word' id='word_1_284' title='bbox 1528 4710 1800 4782; x_wconf 87' lang='lat' dir='ltr'><strong>eundem</strong></span> <span class='ocrx_word' id='word_1_285' title='bbox 1830 4711 2093 4780; x_wconf 87' lang='lat' dir='ltr'><strong>fluuium</strong></span> <span class='ocrx_word' id='word_1_286' title='bbox 2124 4703 2534 4796; x_wconf 89' lang='lat' dir='ltr'><strong>procedendo</strong></span> <span class='ocrx_word' id='word_1_287' title='bbox 2573 4705 2848 4775; x_wconf 86' lang='lat' dir='ltr'><strong>flectitur</strong></span> <span class='ocrx_word' id='word_1_288' title='bbox 2875 4725 3105 4774; x_wconf 86' lang='lat' dir='ltr'><strong>uersus</strong></span> 
     </span>
    </p>
   </div>
  </div>
 </body>
</html>
