3319 5249
1780 239 1911 307 280

724 444 971 533 putati;
1017 441 1316 509 dominas
1349 459 1599 509 sorores
1630 437 1711 506 de
1742 439 1965 505 Insula
1998 449 2200 517 Beate
2233 448 2541 536 Virginis,
2581 468 2699 536 pro
2729 447 2963 534 quibus

726 551 952 620 Comes
999 550 1242 616 Paulus
1295 547 1464 615 filius
1513 548 1771 636 Leoncij
1828 551 2125 624 officialis
2178 556 2529 626 earundem
2582 557 2965 643 comparuit,

723 665 1055 729 traxerant
1100 657 1169 725 in
1199 677 1459 725 causam
1511 677 1731 725 coram
1762 661 1949 731 nobis
1979 673 2413 751 proponentes
2443 665 2512 733 in
2543 666 2752 751 figura
2783 661 2965 734 Judi·

725 772 809 856 cij
864 773 1086 835 contra
1133 766 1351 855 ipsas,
1419 767 1591 849 quod
1638 771 1781 851 ipse
1829 790 2084 841 sorores
2134 772 2287 840 dicti
2337 772 2707 859 Monarterij
2760 773 2969 840 Beate

725 877 1012 965 Virginis
1060 884 1300 945 terram
1353 897 1568 944 eorum
1608 877 2066 951 hereditariam
2113 883 2425 950 Taarnuk
2457 889 2755 950 vocatam
2793 880 2967 949 inde-

727 991 859 1056 bite
892 1008 1009 1074 per
1040 987 1313 1074 populos
1350 1006 1500 1054 suos
1532 997 1908 1074 occupatam
1948 990 2329 1059 detinerent.
2394 992 2449 1057 E
2482 1011 2794 1059 conuerso
2827 1011 2966 1077 pre-

729 1097 939 1165 dictus
990 1097 1221 1165 Comes
1268 1098 1514 1165 Paulus
1564 1118 1684 1182 pro
1737 1100 1977 1167 eisdem
2029 1102 2355 1170 sororibus
2386 1099 2750 1189 respondit3
2799 1100 2969 1186 quod

726 1207 937 1295 ipsam
965 1212 1202 1274 terram
1232 1206 1547 1273 Taarnuk
1579 1216 1877 1275 uocatam
1897 1260 1918 1296 ,
1966 1230 2090 1293 que
2140 1210 2331 1277 modo
2363 1209 2671 1296 premisso
2705 1210 2968 1296 requiri-

729 1323 864 1401 tur,
940 1313 1237 1383 dominus
1299 1317 1438 1382 Rex
1498 1314 1847 1384 Ladizlaus
1897 1317 2158 1385 domine
2208 1318 2567 1403 Elysabeth
2617 1319 2970 1387 karissime

726 1426 932 1493 sorori
984 1445 1102 1492 sue
1150 1431 1214 1491 et
1261 1424 1651 1491 Monasterio
1699 1426 1902 1494 Beate
1958 1426 2249 1511 Virginis
2287 1425 2369 1493 de
2398 1427 2692 1512 predicta
2722 1427 2967 1514 Insula,

730 1536 811 1601 ob
843 1532 1261 1600 deuocionem
1294 1551 1487 1615 quam
1522 1531 1716 1600 habet
1750 1554 1903 1618 erga
1934 1535 2209 1600 Beatam
2229 1534 2580 1619 Virginem,
2612 1541 2677 1601 et
2694 1534 2969 1602 salutem

729 1642 943 1707 anime
976 1660 1090 1707 sue
1122 1639 1498 1708 contulisset
1529 1648 1839 1727 perpetuo
1871 1640 2364 1727 possidendam;
2405 1639 2765 1727 statuendo,
2797 1640 2970 1726 quod

722 1749 943 1817 nullus
989 1753 1121 1815 tam
1169 1746 1252 1815 de
1282 1748 1585 1836 Ungaris,
1619 1769 1813 1833 quam
1864 1750 1948 1816 de
2000 1749 2327 1835 Cumanis,
2368 1750 2644 1817 eandem
2682 1771 2967 1818 sororem

728 1878 915 1926 suam
966 1856 1070 1923 uel
1120 1878 1373 1926 sorores
1424 1857 1583 1925 dicti
1631 1857 2004 1945 Monasterij
2031 1909 2049 1942 ,
2126 1863 2240 1926 aut
2276 1856 2588 1926 officiales
2618 1857 2971 1927 earundem

729 1964 990 2032 racione
1040 1966 1249 2051 ipsius
1300 1973 1469 2033 terre
1499 1967 1771 2034 auderet
1800 1969 1905 2034 vel
1933 1974 2336 2053 presumeret
2365 1967 2750 2053 molestare;
2796 1967 2975 2035 exhi·

730 2075 941 2142 bendo
973 2071 1059 2140 ad
1088 2072 1213 2140 hoc
1243 2074 1414 2141 idem
1449 2075 1678 2141 Comes
1710 2075 1949 2143 Paulus
1981 2075 2393 2162 priuilegium
2425 2073 2709 2143 eiusdem
2732 2074 2974 2142 domini

728 2178 1025 2248 Ladizlai
1058 2181 1273 2265 Regis,
1324 2182 1754 2249 assercionem
1775 2235 1794 2270 ,
1852 2204 2045 2269 quam
2086 2183 2281 2267 dixit,
2333 2190 2399 2250 et
2446 2191 2657 2251 metas
2686 2182 2976 2271 predicte

730 2296 901 2357 terre
949 2288 1035 2355 ad
1083 2291 1343 2375 plenum
1402 2292 1822 2359 continentes.
1899 2293 2018 2358 Cui
2076 2291 2326 2359 scilicet
2379 2291 2720 2377 priuilegio
2771 2292 2973 2377 ijdem

729 2396 1105 2464 Alexander
1134 2397 1306 2464 filius
1339 2397 1615 2482 Nicolai,
1666 2404 1731 2464 et
1760 2398 2016 2483 Jobagh
2049 2398 2218 2464 filius
2250 2397 2589 2483 Borlouch,
2638 2418 2716 2465 ac
2746 2399 2975 2464 Petrus

731 2507 905 2574 filius
936 2506 1101 2594 Elye
1133 2512 1360 2573 astans
1411 2506 1670 2572 nomIne
1706 2504 2136 2589 proteccionis
2168 2524 2284 2590 per
2315 2524 2433 2572 nos
2465 2506 2703 2593 semel,
2751 2525 2974 2572 secun·

735 2613 917 2685 dario
948 2620 1014 2682 et
1043 2612 1238 2681 tercio
1269 2611 1562 2698 requisiti
1599 2634 1729 2681 non
1763 2613 2312 2682 contradixerunt.
2358 2611 2500 2682 Nos
2530 2614 2766 2699 igitur,
2819 2614 2978 2696 quia

731 2746 851 2811 per
880 2721 1338 2810 Alexandrum,
1370 2722 1628 2807 Jobagh
1661 2725 1726 2789 'et
1757 2723 2020 2789 Petrum
2051 2721 2376 2808 predictos
2408 2723 2612 2789 eidem
2634 2721 2976 2808 priuilegio

730 2829 1194 2901 contradictum
1244 2852 1373 2898 nou
1427 2828 1678 2914 extitit,
1726 2849 1848 2896 nec
1897 2829 2186 2914 aliquam
2236 2829 2558 2896 racionem
2608 2829 2974 2896 euidentem

732 2942 915 3008 iuxta
965 2939 1362 3023 questionem
1412 2957 1525 3006 seu
1574 2938 2006 3007 assercionem
2059 2941 2340 3025 ipsorum
2395 2944 2618 3006 contra
2647 2936 2979 3025 predictas

729 3067 985 3118 sorores
1034 3065 1231 3133 super
1278 3046 1449 3114 facto
1502 3046 1710 3132 ipsius
1762 3054 1933 3114 terre
1981 3046 2361 3132 pretendere
2396 3051 2778 3133 potuerunt;
2827 3067 2975 3132 pre-

731 3157 969 3225 dictam
997 3163 1231 3224 terram
1263 3155 1578 3224 Taamuk
1611 3161 1911 3224 vocatam
1960 3155 2026 3223 in
2077 3149 2264 3223 metis
2303 3163 2369 3224 et
2406 3155 2700 3223 terminis
2731 3157 2798 3221 in
2830 3155 2977 3241 ipso

732 3264 1084 3351 priuilegio
1113 3262 1409 3331 Ladizlai
1441 3262 1635 3347 Regis
1667 3264 2004 3351 contentis,
2038 3261 2293 3330 domine
2324 3260 2682 3348 Elysabeth
2718 3268 2782 3327 et
2801 3282 2973 3328 soro-

731 3375 907 3442 ribus
970 3370 1127 3440 dicti
1190 3370 1565 3456 Monasterij
1619 3372 1823 3436 Beate
1872 3369 2155 3456 Virginis
2217 3368 2299 3437 de
2356 3369 2578 3436 Insula
2627 3369 2974 3437 secundum

731 3479 1202 3549 continenciam
1256 3479 1408 3545 dicti
1458 3477 1789 3564 priuilegij
1842 3478 2084 3547 domini
2133 3476 2430 3546 Ladizlai
2479 3478 2678 3563 Regis
2720 3479 2978 3562 reliqui·

730 3609 873 3656 mus
936 3594 1245 3674 perpetuo
1304 3585 1787 3673 possidendam.
1867 3589 2108 3654 Datum
2157 3586 2342 3653 Bude
2402 3587 2604 3653 tercio
2666 3584 2775 3653 die
2823 3588 2980 3654 festi

730 3693 1115 3763 Natiuitatis
1148 3696 1349 3762 Beate
1380 3693 1694 3782 Virginis,
1739 3714 1909 3761 anno
1961 3694 2223 3762 Domini
2273 3693 2363 3759 M⁰
2396 3692 2524 3761 00⁰
2555 3696 2973 3779 octagesimo.

738 3875 1004 3945 (Eredetie
1028 3873 1381 3943 bothartyan,
1419 3892 1453 3929 a
1479 3873 1630 3932 hatul
1655 3876 1759 3928 oda
1783 3882 2030 3942 nyomott
2053 3874 2238 3944 pecset
2275 3874 2558 3939 elveszett‚
2596 3892 2631 3928 a
2665 3876 2830 3930 budai
2870 3878 2978 3929 kir.

1539 3968 1789 4020 kamarai
1812 3964 2199 4036 leveltarban.)

1642 4244 1946 4254 ———-----
