3319 5249
1371 345 1500 413 207

306 537 674 623 Hungarie‚
724 559 917 622 quam
965 540 1204 608 nostris
1256 541 1659 627 temporibus
1709 542 2192 627 quomodolibet
2223 563 2556 629 processe-

306 654 450 714 runt
481 648 587 715 uel
618 647 1037 732 imposterum
1071 657 1493 734 emanarent,
1545 671 1710 733 quas
1746 658 1810 719 et
1847 671 1971 735 que
2002 652 2386 719 auctoritate
2418 675 2561 739 pre·

306 757 617 842 sencium,
675 777 759 823 ne
806 758 1118 841 premisse
1155 756 1501 824 collacioni
1532 767 1750 826 nostre
1784 758 2213 845 preiudicium
2247 769 2562 845 generent

308 865 407 929 uel
442 882 823 949 gravamen,
859 883 1258 951 reuocamus,
1295 886 1646 952 cassamus,
1715 874 1779 932 et
1810 866 2055 953 pariter
2090 867 2435 935 irritamus.
2483 868 2559 933 In

308 970 487 1037 cuius
519 972 613 1036 rei
645 971 1022 1038 memoriam
1062 971 1564 1057 firmitatemque
1614 981 1993 1060 perpetuam
2045 982 2383 1059 presentes
2415 995 2564 1041 con-

308 1081 621 1146 cessimus
671 1079 930 1146 litteras
980 1078 1268 1165 duplicis
1320 1080 1520 1166 sigilli
1574 1081 1783 1148 nostri
1831 1082 2062 1148 robore
2110 1081 2561 1149 communitas.

309 1188 543 1253 Datum
577 1207 694 1272 per
726 1208 957 1254 manus
987 1188 1385 1255 venerabilis
1434 1188 1558 1255 viri
1609 1188 1905 1273 Magistri
1958 1189 2204 1257 Thome
2239 1191 2565 1259 ,Albensis

309 1295 600 1363 Ecclesie
663 1294 878 1361 Electi
925 1296 1075 1361 aule
1125 1302 1341 1364 nostre
1392 1296 1968 1380 vice-Cancellarij
2006 1296 2226 1363 dilecti
2259 1303 2324 1362 et
2351 1296 2565 1363 fidelis

312 1403 551 1490 nostri,
616 1424 790 1470 anno
837 1403 1105 1470 Domini
1166 1404 1512 1471 millesimo
1581 1404 2019 1473 ducentesimo
2085 1403 2566 1492 septuagesimo

311 1518 558 1596 octauo,
591 1511 800 1597 Regni
832 1519 1050 1580 autem
1084 1513 1284 1579 nostri
1318 1533 1489 1581 anno
1522 1520 1725 1580 sexto.

313 1690 583 1753 (Eredetie
609 1687 958 1757 bo'rhartyan,
998 1693 1227 1759 melyro'l
1254 1709 1288 1744 a
1315 1690 1492 1758 kiraly
1518 1694 1701 1747 kettsss
1727 1688 2076 1758 pecsetjenek
2104 1690 2363 1744 toredeke
2388 1697 2569 1743 votos-

486 1782 607 1833 zold
652 1781 1113 1847 selyemzsinoron
1152 1781 1304 1850 sugg,
1343 1799 1376 1834 a
1401 1782 1566 1834 budai
1591 1783 1695 1833 kir.
1729 1782 1974 1834 kamarai
2003 1778 2381 1846 leveltarban.)

1226 2059 1654 2072 —

1372 2420 1524 2488 144.

323 2619 431 2685 IV.
464 2618 696 2686 La'szld
744 2619 1096 2706 kirdlynak
1147 2618 1419 2687 Numsir
1452 2619 2006 2708 ffildettdryyazd
2036 2620 2401 2708 adomdnya
2431 2621 2573 2688 Μά-

815 2732 981 2813 tycis,
1028 2728 1369 2795 Endremk
1392 2729 1500 2812 fia
1530 2734 1844 2795 szdmdra.
1890 2731 2084 2796 1278.

534 2904 888 2972 Ladizlaus
944 2905 1072 2972 Dei
1123 2906 1347 2990 gracia
1394 2906 1731 2991 Hungarie
1753 2960 1772 2994 ,
1837 2905 2216 2989 Dalmacie,
2284 2905 2572 2991 Croacie,

322 3017 562 3099 Rame,
610 3014 868 3098 Seruie,
924 3012 1247 3098 Gallicie,
1305 3013 1733 3102 Lodomerie,
1781 3013 2095 3083 Cumanie
2145 3013 2579 3098 Bulgarieque

322 3121 459 3187 Rex
497 3121 800 3187 omnibus
834 3117 1073 3186 Christi
1122 3118 1431 3186 fidelibus
1482 3127 1818 3205 presentes
1867 3121 2118 3188 litteras
2168 3121 2578 3207 inspecturis,

321 3227 598 3295 salutem
660 3226 729 3292 in
789 3226 1082 3294 omnium
1144 3226 1492 3294 saluatore.
1592 3227 1693 3293 Ad
1759 3227 2209 3295 Vniuersorum
2271 3227 2578 3295 noticiam

321 3343 539 3404 tenore
571 3336 980 3420 presencium
1042 3334 1342 3403 volumus
1405 3336 1770 3422 peruenire,
1828 3334 1996 3420 quod
2047 3333 2357 3400 Matthias
2406 3333 2577 3400 filius

326 3443 586 3511 Andree
636 3443 724 3508 ad
753 3448 1044 3510 nostram
1095 3444 1414 3510 accedens
1462 3443 1868 3529 presenciam
1919 3443 2251 3509 humiliter
2304 3463 2344 3507 a
2393 3442 2581 3509 nobis

324 3551 753 3638 supplicando
778 3552 1163 3637 postulauit,
1214 3559 1286 3618 ut
1336 3552 1404 3618 in
1457 3553 1902 3620 concambium
1933 3557 2100 3619 terre
2132 3570 2247 3617 sue
2281 3550 2584 3616 Cermula

323 3667 582 3743 vocate,
632 3660 801 3725 inter
847 3659 1085 3725 fluuios
1137 3659 1431 3726 Ceremle
1480 3666 1543 3725 et
1575 3658 1764 3726 Inkle
1807 3659 1873 3724 in
1905 3659 2178 3743 Lyptow
2218 3656 2577 3739 existentis,

326 3786 516 3849 quam
550 3766 812 3850 abipso
847 3765 1274 3852 abstulimus,
1325 3767 1482 3850 quia
1531 3766 1602 3832 in
1652 3766 1800 3851 ipsa
1847 3772 2023 3831 terra
2073 3761 2435 3830 aurifodina
2486 3768 2587 3829 est

325 3880 604 3959 reperta,
642 3873 967 3956 quandam
1004 3881 1242 3942 terram
1273 3873 1559 3959 Numsyr
1587 3880 1888 3939 vocatam
1919 3872 1988 3937 in
2017 3871 2274 3938 Turoch
2306 3872 2583 3937 existen-

328 3987 455 4046 tem
488 3979 574 4047 de
603 3987 832 4046 nostra
862 3981 1209 4050 Maiestate
1258 3981 1466 4064 Regia
1515 3979 1642 4045 sibi
1699 3977 1986 4046 conferre
2018 3977 2454 4062 dignaremur,
2523 3982 2586 4042 et

326 4107 438 4172 per
487 4086 695 4153 Bitter
745 4088 1058 4155 Comitem
1108 4090 1175 4155 in
1227 4087 1628 4171 corporalem
1680 4085 2151 4172 possessionem
2203 4084 2376 4151 dicte
2413 4090 2581 4149 terre

328 4194 684 4262 faceremus
733 4196 1010 4264 eundem
1062 4192 1408 4262 introduci.
1476 4192 1979 4263 considerantes
2048 4191 2268 4276 itaque
2317 4189 2576 4276 peticio-

329 4320 445 4368 nes
478 4302 693 4386 ipsius
722 4303 996 4370 Mattbie
1026 4302 1167 4369 fore
1205 4303 1431 4388 iustaS,
1484 4300 1657 4369 dicto
1693 4298 1921 4368 Comiti
1955 4300 2131 4367 Biter
2162 4306 2316 4367 tunc
2350 4296 2584 4366 Comiti

335 4406 412 4475 de
441 4409 717 4476 Zoulum
768 4408 1062 4478 dedimus
1111 4410 1179 4476 in
1230 4409 1573 4496 preceptis,
1636 4415 1707 4475 vt
1755 4407 1968 4493 ipsam
2017 4412 2253 4475 terram
2294 4408 2583 4493 Numsyr

333 4515 539 4584 eidem
587 4514 868 4584 Matthie
918 4522 1234 4585 statueret
1269 4522 1333 4585 et
1363 4517 1734 4601 assignaret
1784 4511 2241 4599 possidendam
2291 4533 2408 4600 pro
2441 4532 2587 4579 con·

333 4625 592 4693 cambio
624 4631 798 4694 terre
830 4645 947 4693 sue
977 4633 1345 4694 memorate.
1396 4624 1606 4704 Quam
1655 4643 1775 4711 per
1803 4622 2017 4709 ipsum
2050 4619 2359 4689 Comitem
2410 4618 2588 4687 Biter
