3319 5249
1353 410 1484 474 383

1341 1034 1495 1101 273.

289 1275 396 1339 IV.
447 1274 673 1338 Ldszld
724 1273 1091 1356 meyerb'siti
1141 1267 1424 1334 Chandd
1473 1270 1953 1356 ‘nemzetsdybeli
2012 1270 2252 1335 Tameia
2304 1281 2529 1335 comest

290 1384 545 1460 Berten,
577 1379 928 1459 Sunkulus,
966 1377 1245 1464 Theleqcl
1293 1381 1354 1443 ἐς
1397 1378 1658 1444 Zaboles
1691 1387 1857 1442 nevil
1872 1380 2213 1464 javainak
2247 1379 2526 1442 bir‘tokd-

1224 1488 1368 1553 bav.
1403 1489 1592 1554 1284.

493 1719 843 1787 Ladizlaus
905 1719 1027 1786 Dei
1090 1720 1313 1802 gracia
1374 1720 1743 1806 Hungarie,
1803 1721 2171 1801 Dalmacie,
2231 1720 2520 1805 Croacie‚

283 1832 499 1912 Rame,
533 1829 780 1915 Seruie,
817 1826 1114 1912 Gallicie,
1147 1827 1545 1915 Lodomerie,
1583 1827 1913 1915 Cumanis,
1933 1828 2367 1913 Bulgarieque
2388 1830 2527 1894 Rex

285 1938 581 2022 omnibu—s
633 1936 872 2005 Christi
922 1936 1220 2003 fidelibus
1271 1942 1404 2002 tam
1456 1937 1865 2022 presentibus
1898 1957 2089 2020 quam
2123 1936 2354 2004 futuris
2385 1957 2525 2022 pre·

283 2068 432 2113 sens
483 2045 798 2132 scriptum
846 2044 1235 2130 inspecturis
1288 2045 1561 2112 salutem
1611 2047 1680 2111 in
1712 2047 1995 2112 omnium
2027 2047 2387 2112 saluatore.
2417 2045 2519 2110 Ad

287 2156 731 2223 vniuersorum
782 2153 1083 2220 noticiam
1136 2161 1355 2220 tenore
1384 2154 1789 2239 presencium
1826 2156 2122 2220 volumus
2155 2154 2517 2239 peruenire,

286 2263 457 2346 quod
508 2264 739 2330 Comes
786 2263 1068 2329 Thomas
1117 2261 1290 2329 filius
1339 2262 1688 2347 Pangracij
1746 2261 1831 2330 de
1864 2282 2100 2346 genere
2134 2260 2406 2328 Chanad
2436 2262 2522 2329 ad

285 2380 582 2438 nostram
632 2369 1060 2456 personaliter
1109 2369 1472 2437 accedendo
1524 2369 1927 2456 presenciam
1982 2370 2268 2437 exhibuit
2332 2371 2519 2438 nobis

282 2479 693 2566 priuilegium
744 2478 1199 2548 Waradiensis
1248 2478 1537 2545 Ecclesie
1585 2478 1873 2563 Capituli
1927 2498 2124 2564 super⁸
2148 2477 2341 2545 factis
2376 2499 2518 2565 pos·

277 2590 635 2659 sessionum
687 2608 949 2656 suarum
1000 2589 1321 2670 Berthem,
1374 2587 1728 2675 Sunkulus,
1781 2585 2073 2674 Thelegd
2123 2594 2187 2655 et
2236 2586 2521 2654 Zobolch

276 2706 655 2767 vocatarum
686 2697 1067 2779 confectum,
1092 2704 1324 2782 petens
1356 2706 1398 2761 a
1430 2696 1615 2764 nobis
1646 2716 1792 2763 cum
1825 2697 2162 2785 instancia,
2183 2703 2253 2763 vt
2282 2696 2519 2763 dictum

271 2809 688 2892 priuilegium
753 2814 958 2873 ratum
1013 2806 1249 2872 habere
1268 2858 1286 2892 ,
1345 2813 1408 2872 et
1469 2812 1687 2872 nostro
1748 2805 2094 2891 priuilegio
2146 2807 2521 2873 confirmare

273 2915 712 3002 dignaremur.
747 2915 941 2981 Cuius
974 2914 1236 2996 quidem
1267 2914 1595 2999 priuilegij
1631 2921 1815 2979 tenor
1845 2912 1997 2979 talis
2032 2918 2169 2980 est:

481 3022 853 3109 Capitulum
917 3021 1362 3089 Waradiensis
1425 3022 1720 3089 Ecclesie
1782 3023 1908 3091 stb.
1976 3021 2400 3108 (kovetkezik
2470 3043 2512 3089 a

271 3122 682 3219 nagyvaradi
712 3130 1167 3217 kaptalannak
1207 3131 1479 3199 1283·ki
1511 3134 1677 3197 atiro
1712 3130 2041 3216 okmanya
2061 3133 2224 3198 mint
2247 3130 2513 3199 fentebb

271 3244 418 3308 262.
453 3262 545 3307 sz.
581 3238 671 3325 a.)

479 3348 790 3416 Exhibuit
839 3347 1043 3416 eciam
1098 3346 1266 3413 idem
1320 3348 1545 3416 Comes
1576 3347 1859 3416 Thomas
1894 3348 2218 3433 quoddam
2251 3346 2508 3432 priuile-

268 3460 439 3540 gium
491 3459 612 3524 sub
644 3455 870 3541 sigillo
902 3455 1287 3522 venerabilis
1321 3455 1524 3542 patris
1556 3455 1999 3524 Bartholomei
2030 3457 2337 3544 Episcopi
2369 3458 2514 3522 Wa-

268 3565 584 3633 radiensis
632 3573 695 3631 et
748 3563 1035 3631 Rorandi
1068 3563 1362 3632 Vaiuode
1394 3564 1847 3632 Transsiluani
1880 3565 2146 3632 Comitis
2178 3565 2257 3631 de
2286 3566 2515 3632 Zonuk

268 3674 646 3742 dilectorum
697 3680 760 3740 et
812 3671 1096 3739 fidelium
1149 3679 1513 3740 nostrorum
1563 3693 1759 3759 super
1809 3670 2211 3741 dimidietate
2261 3674 2511 3761 tributi,

271 3783 436 3865 quod
469 3783 537 3847 in
567 3790 760 3868 portu
783 3781 1036 3868 Chrysij
1077 3784 1141 3848 in
1175 3783 1479 3848 Berthem
1531 3782 1708 3867 exigi
1741 3783 2075 3850 consueuit
2106 3785 2190 3849 ab
2223 3784 2509 3868 antiquo,

276 3892 654 3977 confectum,
667 3899 891 3976 petens
925 3888 1249 3957 humiliter
1281 3891 1737 3979 supplicando,
1760 3898 1829 3957 vt
1851 3891 2063 3976 ipsum
2093 3891 2511 3976 priuilegium

268 4006 476 4067 ratum
525 3999 766 4068 habere
814 4006 878 4066 et
928 4006 1147 4067 nostro
1176 4000 1544 4085 priuilegio
1578 3998 1659 4067 de
1693 4001 2093 4086 benignitate
2123 4003 2330 4085 Regia
2363 4022 2506 4067 con-

265 4106 518 4176 firmare
551 4109 985 4194 dignaremur.
1022 4107 1223 4175 Cuius
1257 4116 1443 4176 tenor
1473 4109 1627 4177 talis
1661 4117 1798 4178 est:

474 4217 966 4284 Bartholomeus
1003 4238 1084 4284 m.
1112 4219 1189 4283 D.
1213 4219 1575 4304 Episcopus
1596 4218 2046 4289 Waradiensis
2081 4230 2145 4288 et
2163 4204 2501 4293 Rorandus

263 4320 596 4409 Woyvoda
628 4324 1092 4391 Transilvanus
1126 4325 1249 4391 stb.
1305 4323 1730 4411 (kovetkezik
1781 4347 1822 4392 a
1876 4327 2189 4395 kettonek
2232 4333 2503 4402 1284-ki

262 4429 590 4516 okmanya
620 4433 780 4499 mint
811 4432 1008 4500 alabb
1043 4435 1196 4502 285.
1243 4455 1331 4500 sz.
1367 4435 1458 4520 a.)

475 4538 610 4608 Nos
641 4540 862 4624 itaque
895 4543 1319 4627 attendentes,
1356 4543 1529 4627 quod
1561 4565 1931 4630 supremum
1964 4548 2031 4612 in
2051 4548 2241 4616 rebus
2268 4549 2503 4617 bonum

267 4656 359 4713 est
382 4648 713 4732 justiciam
748 4670 1155 4739 conseruare,
1180 4659 1245 4717 et
1275 4652 1619 4736 vnicuique
1651 4655 1952 4742 tribuere,
1988 4658 2158 4741 quod
2181 4666 2276 4725 est
2297 4680 2499 4744 suum,

266 4774 378 4822 nec
429 4757 658 4845 sinere,
713 4757 881 4842 qnod
915 4760 1253 4846 potestatis
1286 4770 1386 4829 est
1416 4762 1573 4851 fieri,
1606 4763 1723 4831 sed
1755 4767 1926 4850 quod
1960 4787 2195 4849 equum
2230 4776 2329 4834 est
2362 4787 2499 4835 cus·
