3319 5249
1754 307 1883 372 248

685 496 816 563 nici
850 506 911 564 et
945 498 1172 565 Ciuilis
1207 549 1223 582 ‚
1303 499 1428 566 sibi
1487 502 1590 568 nel
1630 503 1823 569 alteri
1857 522 1972 587 pro
2007 523 2084 568 eo
2116 506 2504 589 competenti
2543 511 2604 571 et
2637 510 2941 592 competi·

684 612 828 672 turo
859 606 925 670 in
959 616 1359 692 perpetuum.
1411 609 1804 677 Promittcns
1849 611 2316 697 sollempniter,
2370 612 2540 697 quod
2576 635 2705 679 non
2741 636 2943 701 oppo-

685 723 793 781 net
823 734 941 797 per
972 735 1044 781 se
1076 716 1180 781 uel
1212 716 1436 802 alium,
1470 737 1582 785 seu
1616 720 1806 795 alios,
1856 717 2027 802 quod
2061 719 2213 786 huic
2245 720 2605 787 contractui
2640 722 2703 787 in
2737 705 2941 788 totum

684 823 793 889 uel
826 820 893 889 in
926 829 1178 907 partem
1209 845 1442 893 nocere
1463 878 1481 913 ,
1561 827 1670 893 uel
1704 828 1935 894 obesse
1964 828 2209 912 possit,
2285 848 2400 894 seu
2432 850 2551 914 per
2583 829 2757 912 quod
2793 830 2944 896 effe-

688 936 825 996 ctus
860 929 1260 998 uendicionis
1326 933 1466 1000 siue
1516 934 1584 997 in
1618 934 1903 1000 solutum
1966 931 2261 1002 dacionis
2311 935 2677 1003 huiusmodi
2737 936 2941 1021 impe·

688 1035 816 1101 diri
849 1038 1072 1134 ualeat
1103 1091 1120 1123 ,
1201 1039 1303 1105 uel
1357 1040 1658 1127 infringi,
1712 1062 1825 1108 scu
1879 1042 2363 1125 quomodolibet
2395 1043 2755 1128 retardari,
2836 1044 2946 1109 uel

691 1147 892 1213 eciam
926 1150 1289 1213 retractari.
1371 1147 1555 1226 Quod
1600 1148 1926 1235 palacium
1994 1170 2136 1216 cum
2201 1150 2335 1218 suis
2399 1150 2822 1237 pertinencijs
2886 1160 2948 1217 et

690 1254 923 1324 finibus
986 1254 1314 1320 constituit
1365 1276 1436 1321 se
1468 1275 1585 1340 per
1616 1276 1688 1321 se
1721 1263 1783 1323 et
1817 1276 1968 1323 suos
2021 1256 2288 1324 heredes
2341 1260 2638 1342 precario
2689 1257 2949 1326 nomine

692 1362 847 1428 dicti
881 1361 1166 1447 Capituli
1199 1364 1552 1448 possidere,
1599 1367 1804 1433 donec
1845 1366 2249 1452 corporalem
2283 1370 2762 1451 possessionem
2795 1366 2949 1434 inde

691 1471 1059 1555 acceperint
1093 1479 1157 1537 et
1190 1470 1531 1539 habuerint
1563 1492 1706 1538 cum
1741 1473 2008 1556 effectu3
2089 1494 2282 1557 quam
2333 1473 2645 1558 intrandi,
2709 1474 2949 1560 accipi-

696 1579 870 1667 endi,
906 1579 1127 1648 utendi
1160 1589 1222 1648 et
1254 1579 1577 1648 retinendi
1628 1582 2024 1649 auctoritate
2065 1584 2331 1668 propria
2363 1603 2479 1670 per
2508 1604 2578 1651 se
2613 1584 2717 1651 uel
2748 1583 2950 1650 alium

693 1708 811 1755 seu
873 1688 1040 1756 alios
1092 1689 1301 1756 eidem
1357 1690 1656 1776 Capitulo
1694 1690 1875 1758 dedit
1908 1697 1973 1756 et
2004 1693 2326 1759 concessit
2360 1693 2631 1760 liberam
2666 1697 2952 1776 potesta·

695 1804 845 1865 tem.
894 1798 1281 1865 Promittens
1334 1798 1507 1881 quod
1559 1800 1642 1866 de
1674 1799 1845 1867 dicto
1877 1799 2136 1885 palacio
2172 1808 2236 1867 et
2267 1802 2404 1868 suis
2435 1801 2682 1868 iuribus
2714 1807 2776 1865 et
2809 1817 2952 1884 pcr-

696 1906 995 1992 tinencijs
1026 1907 1270 1973 nemini
1322 1908 1424 1973 ius
1475 1906 1659 1973 dedit
1710 1908 1979 1990 aliquod
2032 1910 2135 1976 nel
2174 1909 2388 1996 cessit,
2466 1909 2641 1991 quod
2671 1904 2953 1992 presenti

699 2015 1055 2081 contractui
1106 2020 1331 2098 posset
1382 2032 1524 2080 esse
1571 2014 1924 2098 nociuum3
2005 2015 2177 2097 qnod
2217 2015 2268 2080 si
2303 2014 2522 2081 datum
2555 2016 2658 2082 vel
2693 2034 2953 2080 conces·

699 2140 949 2187 cessum
983 2121 1387 2208 apparuerit,
1434 2123 1730 2207 promisit
1781 2144 1895 2208 per
1927 2142 1996 2190 se
2029 2131 2093 2191 et
2127 2142 2279 2190 suos
2313 2123 2586 2191 heredes
2620 2120 2951 2208 stipulaci-

702 2249 821 2296 one
881 2229 1199 2315 solempni
1259 2230 1534 2317 prefatis
1587 2230 1942 2317 Prepositis
1992 2229 2448 2316 recipientibus
2499 2251 2616 2317 pro
2649 2229 2956 2314 Capitulo

702 2338 1032 2406 antedicto
1045 2390 1065 2426 ,
1133 2338 1294 2406 illud
1345 2342 1717 2425 reaqnirere
1750 2339 1882 2407 suis
1911 2341 2313 2427 pignoribus,
2362 2339 2743 2426 sumptibus,
2778 2339 2954 2405 labo·

705 2448 884 2514 ribu's
915 2453 978 2514 et
1010 2447 1332 2532 expensis,
1384 2455 1451 2515 et
1480 2448 1692 2534 ipsum
1727 2448 2056 2533 palacium
2089 2467 2231 2515 cum
2267 2449 2560 2516 omnibus
2593 2448 2728 2516 suis
2761 2448 2954 2512 rebus

702 2564 767 2624 et
796 2554 1045 2623 iuribus
1076 2556 1615 2643 actpertinencijs
1647 2557 2047 2644 exobligare,
2102 2563 2165 2624 et
2202 2558 2413 2645 ipsum
2447 2558 2721 2626 liberum
2753 2564 2816 2622 et
2848 2576 2955 2622 ex·

701 2666 1010 2754 peditum,
1061 2673 1125 2734 et
1157 2688 1199 2733 a
1227 2665 1485 2733 nemine
1519 2673 1904 2753 occupatum
1939 2666 2091 2733 dare
2142 2673 2207 2734 et
2239 2666 2532 2751 tradere,
2613 2673 2678 2732 et
2741 2664 2956 2749 ipsum
3070 2712 3079 2718 -

703 2776 785 2841 ab
819 2775 994 2841 omni
1027 2792 1329 2860 persona,
1383 2773 1802 2841 vniuersitate
1854 2793 1968 2841 seu
2019 2774 2294 2858 collegio
2328 2771 2692 2858 defendere,
2740 2780 2956 2840 aucto·
3031 2785 3036 2788 “

704 2882 903 2949 ritare
936 2888 1001 2947 et
1033 2881 1415 2967 disbrigare,
1468 2890 1533 2950 et
1562 2882 1628 2948 in
1661 2890 2043 2969 perpetuum
2076 2882 2422 2968 indempne
2455 2882 2664 2968 ipsum
2699 2880 2957 2966 Capiiu-

705 2992 837 3058 lum
873 2993 956 3058 ab
990 2990 1285 3058 omnibus
1318 3008 1723 3057 conseruare.
1757 2991 1840 3057 Et
1875 2989 2168 3075 predicta
2202 2997 2264 3057 et
2295 2989 2722 3071 infrascripta
2742 2987 2959 3054 omnia

706 3107 769 3166 et
797 3098 1062 3184 singula
1093 3099 1392 3184 promisit
1429 3103 1492 3164 et
1528 3118 1643 3183 per
1675 3098 2172 3184 stipulacionem
2223 3098 2619 3183 solempnem
2641 3150 2659 3184 ,
2741 3117 2855 3183 per
2888 3116 2960 3162 se

706 3214 771 3274 et
801 3225 951 3273 suos
984 3205 1255 3273 heredes
1289 3204 1624 3274 attendere
1670 3212 1733 3272 et
1765 3207 2112 3274 obseruare
2143 3211 2206 3273 et
2239 3203 2597 3290 adimplere
2629 3225 2773 3271 cum
2806 3203 2958 3271 effe·

706 3324 849 3399 ctu,
899 3315 1021 3381 sub
1073 3313 1483 3399 obligacione
1532 3314 1816 3381 omnium
1866 3315 2174 3381 bonorum
2227 3334 2490 3381 snorum
2525 3312 2858 3378 mobilium
2894 3318 2960 3379 et

706 3420 1148 3507 immobilium,
1199 3423 1604 3509 presencium
1638 3430 1703 3489 et
1736 3421 1940 3490 eciam
1975 3421 2329 3489 futurorum
2350 3474 2370 3508 ,
2420 3424 2540 3489 sub
2573 3441 2747 3507 pena
2779 3419 2961 3504 dupli

706 3529 1027 3597 dictarum
1060 3532 1483 3601 ducentarum
1515 3550 1912 3616 marcarum3
1964 3551 2088 3616 que
2121 3551 2291 3616 pena
2322 3530 2571 3597 tociens
2603 3527 2960 3595 committa·

708 3651 813 3710 tur
864 3653 930 3712 et
965 3642 1142 3727 exigi
1180 3641 1382 3727 possit
1415 3649 1478 3708 et
1514 3641 1754 3708 debeat
1784 3660 1927 3706 cum
1961 3639 2231 3724 effectu,
2280 3639 2591 3723 quociens
2628 3637 2697 3703 in
2732 3634 2961 3723 aliqui5

706 3754 828 3819 bus
860 3739 975 3819 seu
1008 3751 1225 3836 aliquo
1266 3749 1348 3815 de
1382 3747 1690 3833 predictis
1724 3746 1914 3815 fuerit
1947 3743 2434 3814 contrafactum.
2484 3743 2694 3822 Quam
2727 3762 2965 3829 penam

708 3860 1063 3947 prelibatus
1096 3857 1380 3944 Vgrinns
1411 3877 1526 3944 per
1556 3875 1626 3924 se
1658 3863 1724 3924 et
1753 3853 2027 3923 heredes
2061 3873 2211 3921 snos
2253 3851 2465 3918 eidem
2487 3849 2785 3936 capitulo
2809 3849 2966 3915 dare

709 3976 774 4037 et
806 3969 1078 4052 soluere,
1127 3975 1199 4034 nt
1229 3965 1469 4034 dictum
1505 3973 1622 4049 cst,
1673 3967 1729 4032 si
1768 3964 1835 4031 in
1875 3964 2098 4049 aliquo
2132 3959 2581 4031 contrafecerit
2614 3980 2727 4046 per
2757 3980 2828 4026 se
2861 3959 2968 4025 uel

707 4101 825 4170 per
856 4080 1054 4148 alium
1076 4130 1093 4163 ‚
1139 4079 1246 4145 uel
1300 4076 1519 4144 omnia
1549 4083 1612 4142 et
1644 4073 1908 4159 singula
1940 4093 2069 4139 non
2104 4077 2437 4156 seruaret,
2505 4068 2821 4152 solempni
2855 4066 2965 4132 sti·

709 4188 1060 4279 pulacione
1091 4184 1424 4271 promisit;
1502 4190 1568 4251 et
1618 4201 1789 4269 pena
1839 4182 2057 4248 soluta
2106 4179 2212 4245 uel
2241 4197 2393 4264 non,
2435 4180 2802 4244 contractus
2840 4174 2966 4241 iste

710 4303 935 4367 firmus
984 4302 1049 4362 et
1095 4292 1394 4363 illibatus
1430 4298 1813 4378 permaneat
1846 4288 2021 4357 omni
2057 4294 2345 4374 tempore
2378 4287 2446 4352 in
2478 4291 2681 4352 totum
2713 4288 2778 4349 et
2809 4301 2965 4365 qua·

714 4407 874 4475 libet
905 4411 1094 4491 parte
1124 4403 1246 4470 sui.
1296 4402 1377 4467 Et
1409 4400 1673 4485 insuper
1705 4397 2038 4485 predictus
2071 4395 2354 4480 Vgrinus
2386 4392 2580 4461 tactis
2612 4389 2965 4476 corporali·

714 4522 814 4584 ter
874 4508 1310 4581 sacrosanctis
1364 4506 1731 4592 euangelijs
1782 4502 2197 4574 iureiurando
2249 4500 2541 4587 promisit
2590 4506 2656 4566 et
2687 4499 2969 4563 firmauit

717 4619 1139 4707 solempniter
1171 4615 1389 4686 omnia
1438 4622 1501 4683 et
1548 4616 1814 4700 singula
1855 4610 2231 4700 supradicta
2260 4629 2375 4695 per
2407 4627 2476 4676 se
2510 4613 2574 4674 et
2606 4625 2757 4673 snos
2790 4604 2970 4672 here·
