3319 5249
1429 329 1508 394 71

1409 864 1513 930 40.

331 1068 445 1132 IV.
481 1069 711 1134 Ldazld
739 1068 1082 1154 kira'lynak
1106 1069 1354 1155 Zyntha
1384 1075 1541 1131 nevit
1572 1065 1843 1129 birtokot
1877 1067 2194 1151 tcirqyazo
2224 1007 2589 1147 adosncinya

598 1176 779 1245 Chcik
812 1177 1272 1264 mmzetse'qbeli
1301 1178 1479 1241 Peter
1510 1187 1727 1240 mester
1759 1178 2077 1239 szcimcira.
2129 1175 2325 1239 1274

540 1372 955 1461 (L)adizlaus
1022 1374 1141 1440 Dei
1196 1373 1422 1459 gracia
1474 1369 1831 1456 Hungarie,
1886 1369 2244 1453 Dalmacie,
2300 1365 2589 1449 Croacie,

331 1485 547 1569 Rame,
595 1481 857 1567 Seruie,
907 1482 1223 1565 Gallieie‚
1271 1477 1695 1565 Lodomerie,
1747 1477 2099 1561 Cumanie,
2148 1475 2591 1560 Bulgarieque

327 1592 458 1656 Rex
518 1591 818 1658 omnibns
870 1588 1110 1657 Christi
1148 1589 1449 1656 fidelibus
1499 1595 1858 1673 presentem
1901 1586 2211 1671 paginam
2262 1582 2587 1651 habituris

329 1700 605 1766 salutem
657 1700 722 1765 in
757 1697 994 1766 salutis
1043 1698 1371 1782 largitore.
1443 1692 1691 1782 (R)egij
1730 1695 2047 1762 Culminis
2083 1691 2580 1778 magnificencia

326 1806 383 1872 id
415 1809 720 1893 requirit,
765 1814 835 1875 ut
876 1825 1135 1873 suorum
1170 1805 1452 1872 fidelium
1501 1803 1842 1870 sudoribus
1888 1824 2055 1886 equa
2107 1799 2578 1868 remuneracio-

326 1915 416 1982 nis
447 1915 698 1980 lancea
731 1919 1066 1999 occurrat,
1115 1909 1611 1993 dissidentesque
1664 1929 1855 1976 casus
1909 1911 1996 1976 ab
2027 1908 2269 1977 eisdem
2303 1908 2456 1974 totis
2485 1906 2582 1974 ni·

330 2023 496 2090 sibus
530 2023 764 2108 procul
799 2021 1027 2107 pellat.
1095 2016 1326 2106 (H)inc
1357 2027 1472 2103 est,
1524 2018 1696 2102 quod
1747 2016 2157 2084 attendentes
2209 2017 2582 2084 innumeras

323 2131 704 2199 fidelitatum
774 2127 1045 2196 virtutes
1106 2128 1404 2210 Magistri
1452 2126 1633 2194 Petri
1685 2124 1801 2212 filij
1856 2125 2154 2209 Magistri
2205 2126 2447 2192 Mathei
2500 2125 2580 2191 de

323 2261 556 2324 genere
590 2236 783 2302 Ohak
818 2236 1045 2303 dilecti
1092 2243 1156 2301 et
1203 2235 1418 2303 fidelis
1451 2237 1680 2314 nostri,
1733 2254 1857 2318 que
1908 2243 2199 2320 tempore
2250 2234 2584 2303 karissimi

326 2345 524 2431 patris
557 2343 764 2411 nostri
799 2342 1039 2409 domini
1072 2342 1385 2427 Stephani
1414 2344 1700 2410 Illustris
1730 2343 1927 2425 Regis
1961 2339 2342 2424 Hungariae
2374 2342 2581 2410 felicis

323 2453 809 2520 recordacionis
872 2451 1194 2517 laudabili
1263 2451 1480 2516 studio
1540 2450 1817 2517 feliciter
1880 2452 2207 2535 exercuit,
2283 2452 2579 2517 volumus

326 2561 636 2632 memorie
668 2559 1139 2627 commendare.
1183 2561 1466 2627 Primum
1503 2560 1772 2645 scilicet,
1808 2579 1950 2626 cum
1983 2558 2155 2626 idem
2186 2558 2579 2627 karissimus

323 2678 500 2756 pater
534 2678 757 2737 noster
791 2670 857 2736 in
885 2671 1264 2755 Bulgariam
1298 2669 1760 2756 propulsandis
1792 2670 2049 2755 iniuriJs
2082 2670 2343 2753 conflnij
2370 2668 2577 2751 Regni

324 2783 417 2847 sui
449 2780 765 2847 insultum
796 2778 1057 2862 faceret,
1088 2777 1259 2845 idem
1294 2779 1605 2861 Magister
1637 2781 1889 2864 Petrus,
1924 2786 1994 2844 ut
2024 2779 2127 2844 leo
2160 2775 2575 2859 fortissimum,

323 2888 500 2955 cuius
553 2886 802 2954 indicia
850 2887 1055 2972 gessit
1103 2888 1170 2953 in
1222 2886 1486 2972 vexi110,
1541 2888 1901 2973 postposito
1943 2888 2170 2955 timore
2205 2886 2425 2953 mortis
2458 2888 2573 2952 im-

321 2998 620 3064 minentis
654 2997 722 3062 in
757 2996 1037 3063 aduersa
1070 2996 1492 3079 Bnlgarorum
1526 2996 1667 3061 acie
1701 2994 1991 3062 militans
2023 2995 2361 3063 uictoriam
2397 2993 2577 3060 miri·

319 3107 500 3172 ficam
553 3102 934 3190 reportauit.
1007 3101 1241 3190 (S)ane
1311 3103 1462 3169 dum
1516 3104 1794 3170 eundem
1848 3104 2273 3171 karissimum
2323 3111 2571 3189 patrem

321 3225 605 3285 nostrum
638 3213 865 3296 granis
915 3214 1025 3278 aui
1055 3212 1260 3279 nostri
1311 3211 1684 3297 persecucio
1718 3212 2172 3280 miserabiliter
2204 3214 2571 3294 insequere·

317 3330 435 3407 tur,
485 3327 548 3386 et
581 3341 655 3387 se
688 3327 844 3388 ante
877 3320 1173 3388 hostilem
1226 3320 1466 3386 faciem¹
1489 3319 1671 3386 illius
1703 3322 2154 3405 persequentis
2187 3319 2252 3385 in
2286 3325 2567 3386 castrum

316 3429 751 3496 Feketuholm
799 3427 1248 3513 recolligeret,
1296 3429 1510 3494 dictus
1545 3427 1855 3511 Magister
1904 3429 2131 3495 Petrus
2184 3427 2371 3494 lateri
2407 3428 2570 3495 eius-

318 3537 457 3605 dem
492 3537 774 3603 fideliter
823 3535 1163 3616 adherenS,
1214 3536 1413 3619 elegit
1461 3538 1673 3619 magis
1707 3536 1869 3602 mori
1903 3556 2044 3603 cum
2081 3536 2322 3617 eodem,
2374 3553 2568 3619 qnam

317 3644 376 3708 in
413 3652 666 3730 partem
717 3644 1053 3710 sinistram
1103 3666 1172 3712 se
1205 3644 1575 3711 transferre.
1645 3644 1781 3710 Sub
1821 3643 2045 3711 eodem
2097 3644 2317 3729 itaque
2349 3651 2567 3709 castro

319 3754 396 3819 de
445 3762 661 3820 turma
694 3755 1232 3839 persequencium
1283 3753 1494 3840 ipsum
1532 3759 1781 3839 patrem
1836 3760 2122 3819 nostrum
2178 3751 2430 3820 bellicis
2463 3772 2568 3817 co-

319 3847 574 3929 naiibus
628 3861 1155 3946 trihumphaliter
1207 3860 1583 3928 dimicando
1634 3861 1950 3947 plurimos
2003 3861 2242 3927 deiecit
2291 3860 2356 3925 in
2399 3868 2567 3944 asta,

317 3973 377 4033 et
411 3968 633 4052 plures
681 3969 906 4053 gladio
958 3969 1292 4036 confossos
1345 3968 1431 4033 ad
1482 3975 1763 4053 anguste
1817 3967 2216 4053 captiuitatis
2269 3969 2569 4035 tenebras

318 4073 580 4143 deduxit
626 4079 875 4162 pariter
925 4085 990 4144 et
1020 4076 1291 4143 inuexit.
1361 4073 1722 4168 (C)eterum
1757 4096 1902 4144 cum
1935 4072 2222 4142 castrum
2257 4076 2570 4143 Baranka

314 4205 428 4268 per
482 4185 884 4268 quorundam
952 4185 1411 4270 fagiciosorum
1464 4186 1828 4252 uersuciam
1882 4192 2270 4271 occupatum
2324 4184 2567 4252 detine·

313 4300 501 4377 retur,
553 4293 698 4375 ipse
746 4291 1064 4377 Magister
1097 4293 1327 4360 Petrus
1374 4280 1636 4359 milicie
1663 4313 1780 4359 sue
1812 4293 2056 4360 viribus
2088 4292 2407 4379 protensis
2439 4290 2567 4377 ipsi

317 4399 660 4468 karissimo
693 4401 865 4486 patri
897 4408 1115 4469 nostro
1148 4401 1432 4467 restituit
1465 4401 1719 4494 illesum
1759 4402 1823 4467 in
1857 4402 2233 4468 lancearum
2269 4401 2568 4469 examine

314 4514 709 4574 reuocatum.
748 4508 907 4594 (A)d
943 4509 1062 4576 hec
1094 4529 1241 4576 cum
1276 4508 1600 4595 predictus
1635 4531 1803 4576 auus
1837 4518 2056 4577 noster
2075 4510 2292 4594 Erney
2315 4511 2563 4577 Banum

315 4634 454 4681 eum
505 4616 661 4702 alijs
708 4622 848 4689 suis
899 4616 1319 4707 complicibus
1370 4618 1456 4684 ad
1507 4615 1949 4685 inuadendum
2000 4619 2274 4685 eundem
2309 4624 2561 4703 patrem
