3319 5249
1786 278 1916 349 184

721 484 893 546 terre
925 488 1040 544 seu
1067 474 1504 562 possessionis
1540 496 1653 543 sue
1708 476 2151 544 concambium
2202 473 2484 563 predicti
2540 472 2807 542 Gardun
2868 473 2985 542 Oo-

725 604 862 652 mes
895 591 961 652 et
989 584 1387 654 Wlkuzlaus
1413 584 1619 652 frater
1661 585 1948 651 eiusdem
1984 585 2062 652 de
2096 605 2418 652 consensu
2451 592 2518 652 ot
2540 603 2807 651 assensu
2842 603 2985 668 pro·

723 692 1037 760 ximorum
1081 711 1343 760 suorum
1399 701 1528 759 tres
1579 693 1781 760 villas
1830 694 2159 779 ipsorum:
2229 692 2534 761 Vztricha
2554 744 2569 775 ‚
2627 688 2991 775 Prisuicha,

722 797 990 867 Bisicba
1023 805 1288 868 uocatas
1321 799 1619 867 similiter
1653 821 1795 867 cum
1823 800 2121 869 omnibus
2142 799 2532 869 vtilitatibus
2565 805 2631 865 et
2660 798 2991 884 pertinen-

724 906 846 992 ciJs
878 909 1168 992 ipsarum
1202 907 1502 975 villarum
1539 907 1854 993 predictis
1889 907 2170 993 Georgio
2205 914 2271 976 et
2302 906 2612 974 fratribus
2663 905 2801 971 suis
2848 926 2993 991 pre·

725 1014 970 1080 notatis
1004 1013 1321 1083 dederunt
1356 1023 1420 1082 et
1451 1016 1869 1085 contulerunt
1899 1018 2019 1084 sub
2053 1013 2297 1083 eisdem
2330 1016 2539 1100 signis
2579 1019 2645 1080 et
2676 1013 2990 1097 terminis,

731 1121 960 1205 quibus
990 1123 1304 1189 hactenus
1334 1121 1664 1207 predictas
1698 1123 1894 1192 villas
1924 1122 2358 1210 possederunt
2407 1123 2475 1187 in
2510 1120 2681 1188 filios
2713 1120 2990 1188 filiorum

729 1231 921 1317 pleno
957 1232 1097 1298 iure
1130 1230 1197 1297 in
1227 1238 1617 1316 perpetuum
1683 1232 2133 1317 possidendas.
2181 1233 2416 1299 Verum
2464 1232 2622 1316 quia
2668 1230 2993 1316 possessio

734 1340 995 1425 Georgij
1036 1345 1101 1406 et
1132 1337 1400 1406 fratrum
1445 1360 1705 1406 suorum
1758 1342 2044 1428 mayoris
2098 1348 2239 1408 erat
2286 1340 2551 1424 valoris,
2601 1338 2803 1424 ijdem
2837 1336 2995 1404 Gar·

734 1443 867 1512 dun
901 1446 1129 1514 Comes
1160 1452 1225 1513 et
1256 1446 1458 1514 frater
1507 1466 1662 1514 suus
1716 1448 2034 1517 antedicti
2085 1450 2358 1531 triginta
2390 1466 2646 1514 marcas
2695 1444 2998 1512 denario-

736 1574 873 1622 rum
907 1553 1254 1621 Banalium
1305 1556 1621 1640 predictis
1675 1556 1956 1642 Georgio
2006 1565 2074 1625 et
2111 1557 2416 1624 fratribus
2450 1554 2743 1622 eiusdem
2773 1571 2997 1638 super·

738 1660 1151 1747 addiderunt,
1189 1682 1352 1746 quas
1386 1664 1671 1731 confessi
1705 1672 1857 1732 sunt
1887 1665 2181 1750 singulas
2217 1684 2360 1731 cum
2395 1663 2680 1747 singulis
2712 1661 3002 1746 quinque

737 1767 962 1856 pensis
1025 1776 1433 1855 computatas
1462 1823 1481 1859 ,
1548 1772 1631 1837 ab
1668 1770 1911 1838 eisdem
1964 1769 2259 1857 plenarie
2309 1771 2656 1855 recepisse.
2709 1769 3001 1835 Interue·

740 1875 840 1943 nit
872 1878 1097 1962 eciam,
1140 1877 1309 1960 quod
1342 1877 1397 1943 si
1431 1879 1722 1961 aliquam
1755 1877 2047 1964 parcium
2095 1898 2294 1964 super
2311 1875 2835 1963 possessionibus
2855 1896 3000 1960 par·

660 2012 665 2017 ·
742 1985 829 2051 tis
861 1984 1136 2051 alterius
1164 2005 1474 2070 processu
1508 1988 1818 2071 temporis
1851 2006 1971 2071 per
2001 1987 2370 2072 quempiam
2415 1984 2641 2069 impeti
2674 1984 2780 2049 uel
2812 1983 3008 2050 mole·

744 2092 905 2158 stari
938 2091 1360 2179 contingeret,
1393 2113 1546 2179 pars
1578 2093 1788 2162 altera
1819 2093 2131 2179 expedire
2169 2094 2492 2161 tenebitur
2522 2091 2806 2178 propriis
2824 2091 3004 2158 labo-

730 2197 923 2266 ›ribus
957 2205 1022 2265 et
1054 2202 1381 2286 expensis.
1413 2201 1498 2268 Vt
1531 2222 1685 2287 ergo
1718 2200 2092 2270 huiusmodi
2132 2201 2576 2270 concambium
2619 2200 2812 2266 robur
2844 2198 3006 2284 opti-

746 2312 900 2374 neat
927 2312 1243 2393 perpetue
1275 2309 1625 2396 firmitatis,
1659 2318 1989 2397 presentes
2030 2308 2116 2377 ad
2136 2309 2526 2379 instanciam
2549 2306 2840 2395 parcium
2861 2325 3006 2373 con-

747 2414 1059 2483 cessimus
1090 2417 1348 2483 litteras
1382 2418 1583 2503 sigilli
1606 2412 2063 2488 nostri'robore
2085 2420 2533 2488 communitas.
2570 2419 2812 2484 Datum
2835 2437 3006 2483 anno

750 2520 1012 2590 Domini
1044 2522 1485 2593 M⁰CC⁰LXX⁰
1529 2527 1826 2612 septimo.

755 2702 1029 2767 (Ercdetie
1069 2705 1413 2776 bb'rhartye'm',
1452 2710 1678 2776 melyrb'l
1717 2724 1751 2759 ι
1779 2707 1964 2776 pocset
2003 2705 2517 2760 verbs-violasszinii
2546 2704 3010 2774 selyemzsinoron

1264 2800 1400 2866 siigg
1423 2838 1436 2860 ,
1477 2815 1509 2851 a
1534 2798 1700 2852 budai
1740 2800 1844 2850 kir.
1882 2798 2132 2850 kamarai
2170 2795 2526 2850 leveltarban.

1817 3514 1962 3585 126.

765 3728 828 3797 Δ
862 3728 1148 3814 somoqyi
1174 3723 1565 3791 konventnek
1596 3719 2173 3805 bizonysdqlevele,
2218 3721 2384 3804 hoqy
2419 3714 2625 3783 Jcinos
2660 3740 2859 3783 comes
2891 3719 3025 3783 Mo·

763 3836 1088 3926 qoreyban
1121 3835 1256 3901 ἶέυὸ
1287 3830 1673 3898 biv-tokdnak
1725 3828 2068 3893 hatdraira
2116 3830 2300 3892 nezve
2331 3847 2410 3892 az
2441 3829 2650 3893 ottani
2682 3826 3023 3912 vdmepek·

1255 3940 1353 4004 kel
1383 3938 1852 4023 bardtsdyosan
1890 3936 2288 4021 eqyezkedett.
2353 3937 2545 4002 1277.

985 4137 1359 4205 Conuentus
1391 4129 1762 4216 Monasterij
1799 4130 2023 4197 Sancti
2055 4127 2271 4215 Egidij
2309 4128 2392 4194 de
2423 4128 2714 4218 Symigio
2734 4129 3030 4198 omnibus

772 4247 1014 4318 Christi
1044 4244 1341 4313 fidelibus
1374 4243 1784 4329 presentibus
1833 4241 2081 4326 pariter
2122 4246 2187 4308 et
2215 4238 2451 4307 futuris
2494 4245 2831 4328 presentes
2864 4238 3029 4307 litte·

773 4376 878 4425 ras
908 4353 1297 4444 inspecturis
1330 4353 1606 4420 salutem
1643 4351 1709 4416 in
1744 4368 1844 4432 cO,
1878 4348 1990 4431 qui
2046 4353 2144 4415 est
2191 4348 2373 4414 salus
2422 4346 2726 4414 omnium.
2775 4345 3033 4414 Noticie

775 4469 1147 4532 cunctorum
1179 4460 1627 4529 declaramus:
1678 4453 1853 4542 quod
1885 4455 2115 4524 Comes
2147 4454 2482 4523 Johannes
2516 4454 2686 4522 filius
2716 4453 2912 4540 Iseph
2945 4453 3030 4521 ab

775 4590 906 4639 una
934 4574 1161 4658 pai-‘⁶03
1207 4567 1432 4637 Zenke
1464 4566 1637 4634 filius
1670 4563 1830 4650 Bed,
1881 4564 2145 4633 Joanka
2199 4563 2375 4631 filius
2426 4565 2669 4650 Kyrem
2716 4561 3033 4632 Nicolaus
