3319 5249
1819 330 1944 394 142

749 528 1003 588 monete
1038 523 1348 589 cvrrentis
1383 523 1447 589 in
1481 523 1840 608 provincia,
1897 529 1960 589 et
2014 523 2126 607 qui
2161 522 2227 589 in
2262 522 2513 589 Kedhel
2554 521 2795 589 fuerint
2827 540 3014 588 acce-

749 631 1027 716 ptabiles
1081 638 1165 697 et
1198 630 1431 719 datiuj‚
1498 640 1740 701 extunc
1800 651 2067 699 mansus
2121 652 2300 700 meus
2352 629 2439 698 ad
2488 652 2591 698 me
2641 638 2704 697 et
2741 628 3014 698 heredes

752 758 926 806 meos
979 739 1181 809 libere
1213 747 1589 807 reuertetur.
1644 742 1730 807 Et
1762 747 1831 809 vt
1862 742 1984 807 hoc
2014 741 2308 808 Ecclesie
2359 747 2573 807 ratum
2605 746 3013 825 permaneat,

750 854 1117 930 presentem
1179 849 1462 915 litteram
1527 847 1607 916 de
1658 869 1975 917 consensu
2025 848 2220 934 pleno
2259 847 2477 916 vxoris
2529 869 2670 915 mee
2721 855 2784 914 et
2816 850 3016 913 bene-

751 955 995 1039 placito
1056 959 1299 1024 Abbati
1381 965 1443 1024 et
1524 958 1886 1024 Conuentui
1957 957 2110 1023 dedi
2175 958 2379 1041 sigilli
2463 958 2589 1042 mej
2663 956 3020 1024 mvnimine

751 1065 1141 1131 roboratam.
1206 1066 1448 1132 Datum
1481 1066 1658 1152 apud
1691 1068 1971 1134 Mentem
2007 1066 2245 1131 Sancte
2295 1066 2499 1132 Marie
2550 1086 2721 1132 anno
2751 1065 3015 1131 Domini

626 1262 637 1269 ἢ
751 1171 1275 1241 M⁰CC⁰LXX⁰V⁰
1310 1174 1378 1240 in
1414 1174 1522 1241 die
1556 1176 1943 1243 Sanctorum
1976 1176 2425 1241 Innocentum.
2467 1243 2472 1246 ,

755 1352 1028 1418 (Eredetie
1056 1352 1413 1421 bo'rhartyain,
1463 1357 1712 1421 melynek
1739 1355 1980 1422 pecsetje
2024 1356 2296 1419 elveszett,
2346 1371 2379 1405 a
2424 1356 2588 1407 budai
2628 1357 2731 1407 kir.
2772 1358 3016 1408 kamarai

1695 1444 2079 1513 leveltarban.)

1672 1716 2095 1728 an———n-——n-

1830 2163 1936 2229 95.

759 2360 874 2426 IV.
909 2362 1139 2426 La'szlo'
1170 2364 1391 2448 kira'ly
1428 2367 1784 2449 meyerb'siti
1832 2363 1951 2429 IV.
1994 2363 2150 2427 Bela
2187 2361 2538 2446 kirdlynak
2571 2360 2868 2449 bizonyos
2900 2361 3020 2448 lip-

758 2470 1058 2557 tdmeyyei
1089 2470 1303 2553 fulciet
1358 2473 1665 2558 tdryyazd
1713 2474 2129 2557 adomdnyu't,
2181 2472 2386 2536 Bosin
2436 2474 2498 2535 e's
2530 2470 2666 2552 fiai
2697 2476 3013 2536 szdmdra.

1595 2585 1607 2596 ⁶
1793 2584 1985 2648 1276.

978 2774 1327 2843 Ladizlaus
1390 2776 1515 2843 Dei
1583 2773 1805 2861 gracia
1870 2776 2208 2862 Hungarie
2229 2828 2245 2862 ,
2304 2777 2681 2859 Dalmacie,
2735 2777 3021 2864 Croacie,

758 2886 981 2972 Rame,
1046 2883 1267 2949 Seruie
1285 2935 1306 2971 ,
1374 2883 1653 2952 Gallicie
1672 2937 1691 2970 ,
1750 2883 2163 2972 Lodomerie,
2228 2885 2543 2952 Cumanie
2575 2885 3016 2971 Bnlgarieque

757 2992 898 3061 Rex
930 2993 1226 3060 omnibus
1259 2991 1502 3059 Christi
1552 2991 1854 3063 fidelibus
1906 3002 2042 3061 tam
2091 2993 2503 3079 presentibus
2554 3014 2752 3078 quam
2786 2993 3019 3063 futuris

757 3105 1167 3187 presencium
1202 3100 1510 3168 noticiam
1536 3100 1855 3170 habituris
1888 3100 2196 3188 (salutem
2228 3102 2296 3167 in
2332 3103 2614 3170 omnium
2634 3100 3019 3188 saluatore.)

759 3211 861 3277 Ea
892 3230 1015 3296 que
1048 3210 1207 3277 iuris
1241 3207 1468 3277 ordine
1498 3210 1925 3279 terminantur
1977 3213 2045 3279 in
2097 3218 2446 3298 conspectu
2477 3213 2679 3296 Regie
2713 3212 3015 3279 Maiesta-

759 3321 867 3408 tis,
896 3319 1264 3388 testimonio
1296 3321 1658 3388 litterarum
1692 3322 1908 3389 solent
1940 3320 2301 3388 confirmari
2331 3371 2347 3405 ,
2400 3341 2481 3387 ne
2517 3339 2836 3405 processu
2867 3327 3021 3385 tem-

759 3428 938 3515 poris
968 3429 1234 3496 falsitas
1266 3429 1525 3496 veritati
1558 3432 1899 3515 preualeat
1918 3481 1936 3514 ,
1995 3435 2059 3497 et
2109 3429 2422 3514 iniquitas
2453 3427 2812 3515 preiudicet
2843 3429 3017 3512 equi-

758 3538 899 3626 tati,
933 3536 1036 3605 vel
1065 3536 1214 3604 lites
1246 3559 1328 3604 ex
1357 3538 1579 3606 litibus
1630 3539 1896 3607 valeant
1946 3538 2268 3606 suscitari.
2315 3535 2599 3605 Proinde
2639 3535 2725 3603 ad
2765 3537 3020 3604 vniuer-

758 3667 980 3715 sorum
1012 3653 1146 3713 tam
1182 3648 1587 3731 presencium
1621 3667 1817 3731 quam
1849 3646 2207 3715 futurorum
2247 3647 2557 3715 noticiam
2592 3647 2820 3712 harum
2853 3647 3025 3712 serie

761 3758 1062 3826 volumus
1096 3757 1475 3843 peruenire,
1542 3755 1715 3837 quod
1766 3756 1994 3841 populi
2047 3755 2125 3821 de
2173 3756 2412 3840 Liptou
2432 3805 2451 3840 ,
2485 3755 2683 3822 Bosin
2714 3775 2844 3821 vna
2876 3774 3022 3820 cum

762 3867 919 3951 filiis
956 3863 1094 3933 suis
1128 3865 1448 3952 Sevislav‚
1480 3864 1737 3953 Punak,
1769 3864 2030 3952 Milach,
2065 3863 2319 3931 Bohuta
2351 3869 2416 3929 et
2447 3861 2751 3948 Bohuret,
2788 3861 3020 3927 dilecti

760 3982 825 4042 et
857 3973 1085 4042 fideles
1122 3975 1354 4060 nostri,
1389 3993 1532 4040 cum
1565 3972 2126 4058 litteris-ipsorum
2168 3971 2535 4038 Maiestatis
2569 3977 2786 4038 nostre
2819 3970 3025 4036 humi·

758 4082 911 4147 liter
941 4082 1256 4150 adeuntes
1297 4080 1705 4168 presenciam
1733 4132 1750 4166 ‚
1806 4081 2231 4149 exhibuerunt
2280 4080 2470 4148 nobis
2521 4080 2776 4146 litteras
2828 4096 3020 4166 quas3

762 4189 912 4255 dam
946 4188 1397 4274 priuilegiales
1429 4190 1964 4272 deordinacione
2001 4195 2066 4256 et
2098 4187 2536 4273 disposicione
2585 4207 2701 4255 seu
2753 4184 3018 4252 donaci-

763 4318 890 4366 one
940 4297 1182 4364 domini
1243 4299 1405 4365 Bele
1456 4298 1610 4364 olim
1664 4299 1862 4383 Regis
1916 4295 2256 4380 Hungarie
2306 4293 2616 4376 Illustris‚
2680 4292 3018 4361 karissimi

763 4406 870 4473 aui
902 4407 1103 4474 nostri
1137 4406 1348 4473 felicis
1402 4406 1903 4494 recordacionis,
1954 4426 2147 4492 super
2199 4404 2590 4489 quibusdam
2642 4402 3018 4468 libertatum

762 4511 1193 4601 pr'erogatiuis
1244 4535 1364 4601 per
1416 4515 1689 4584 eundem
1740 4514 1901 4600 ipsis
1968 4512 2230 4601 populis
2290 4511 2613 4581 concessis
2663 4509 3024 4594 confectas,

760 4630 1056 4712 petentes
1086 4643 1242 4712 nos,
1296 4628 1364 4694 et
1409 4630 1626 4693 nostro
1678 4624 1956 4692 Culmini
2004 4642 2266 4709 precum
2297 4619 2621 4691 instancia
2653 4616 3018 4687 subiectiua
