3319 5249
1827 452 1953 517 132

849 1045 889 1071 -
1235 1069 1238 1074 ,
1824 1007 1932 1073 87.

750 1203 846 1269 Az
879 1209 1244 1292 eszteryctmi
1273 1207 1721 1291 kdptalannak
1753 1206 2300 1292 bizonysciylevele,
2350 1208 2515 1293 hoqy
2557 1203 2749 1272 Cha-i
2779 1204 3014 1270 La'szlo'

753 1308 889 1376 Cha
919 1314 1278 1399 helysdyben
1328 1315 1465 1380 Ζέυὸ
1497 1317 1679 1401 re'tje't
1713 1314 2004 1381 Godinus
2048 1317 2412 1402 eszterqami
2460 1315 2820 1400 polydrnak
2852 1315 3014 1378 elaci-

1576 1426 1949 1510 Zoqosz'totta.
2003 1429 2193 1492 1275.
2705 1419 2715 1429 ⁶

1225 1638 1284 1702 A
1807 1639 1860 1704 Β
2383 1639 2432 1704 G

970 1816 1322 1900 Gregorius
1356 1818 1730 1902 Propositus
1782 1824 1846 1883 et
1878 1818 2253 1903 Capitulum
2286 1817 2582 1884 Ecclesie
2616 1818 3014 1902 Strigonien-

760 1926 853 1991 sis
905 1927 1200 1992 omnibus
1253 1926 1492 1993 Christi
1544 1925 1845 1994 fidelibus
1907 1935 2246 2012 presentes
2301 1926 2554 1992 litteras
2612 1925 3013 2012 inspecturis

759 2033 1039 2100 salutem
1075 2035 1141 2098 in
1174 2034 1471 2100 Domino.
1520 2033 1623 2099 Ad
1659 2033 2102 2102 vniuersorum
2153 2035 2465 2101 noticiam
2498 2042 2724 2102 tenore
2753 2055 3015 2121 presen-

757 2143 926 2207 cium
979 2142 1280 2209 uolumus
1307 2142 1669 2229 peruenire,
1723 2145 1893 2227 quod
1944 2146 2112 2212 sieut
2161 2145 2225 2210 in
2262 2143 2583 2230 prioribus
2633 2142 2875 2211 nostris
2908 2141 3015 2209 lit-

759 2251 916 2316 teris
946 2249 1228 2317 uidimus
1268 2252 1609 2338 contineri,
1665 2251 2018 2320 Ladizlaus
2059 2252 2231 2320 filius
2259 2253 2476 2337 Luger
2507 2251 2590 2319 de
2621 2251 2763 2318 chu
2796 2271 3016 2319 coram

759 2358 944 2425 nobis
977 2361 1366 2427 constitutus
1398 2360 1603 2445 dixit,
1649 2360 1823 2444 quod
1855 2354 1999 2427 cu'm
2035 2359 2176 2446 ipse
2209 2359 2597 2445 quibusdam
2630 2361 2765 2427 suis
2796 2380 3016 2428 neces·

760 2468 1057 2535 sitatibus
1110 2488 1254 2534 eum
1317 2467 1693 2553 urgentibus
1756 2469 2043 2536 sonetum
2109 2488 2296 2536 suum
2352 2465 2433 2535 de
2482 2467 2660 2555 Chu,
2715 2466 3019 2535 videlicet

760 2576 1128 2661 porcionem
1181 2595 1367 2644 suam
1420 2576 1716 2663 cognatis
1769 2578 1904 2645 suis
1954 2577 2390 2663 impignorare
2438 2576 2768 2664 uoluisset,
2818 2576 3017 2662 ijdem

764 2686 1023 2767 cognati
1080 2685 1181 2753 sui
1225 2688 1345 2753 sub
1379 2685 1656 2770 predicti
1694 2685 1890 2755 feneti
1932 2687 2346 2772 obligacione
2376 2687 2628 2753 nullam
2662 2687 2789 2754 sibi
2814 2697 3017 2772 ‘pecu-

761 2794 938 2859 niam
989 2800 1432 2878 mutuassent;
1483 2794 1798 2878 Godynus
1854 2814 2008 2862 uero
2060 2794 2219 2862 ciuis
2270 2794 2775 2881 StrigonienSiS,
2827 2817 3018 2880 quem

763 2903 966 2970 eciam
1005 2901 1288 2969 eiusdem
1337 2901 1537 2969 feneti
1572 2911 2078 2971 commetaneum
2129 2924 2271 2972 esse
2324 2906 2636 2988 asseruit,
2684 2903 2820 2970 suis
2850 2926 3019 2972 com·-

759 3012 1025 3097 paciens
1056 3009 1560 3077 necessitatibus
1611 3014 2001 3080 mutuauerit
2050 3012 2176 3078 sibi
2210 3012 2375 3081 duas
2425 3033 2685 3080 marcas
2731 3019 2794 3079 et
2827 3012 3018 3079 dimi-

760 3119 935 3186 diam
998 3120 1109 3186 fini
1144 3118 1439 3205 argenti;
1513 3125 1579 3186 et
1638 3120 1781 3206 ipse
1842 3122 2251 3206 presentibus
2316 3127 2383 3188 et
2443 3122 3015 3190 consencientibus

758 3227 1052 3293 Dionisio
1088 3228 1225 3294 filio
1258 3227 1480 3294 Lende
1534 3227 1615 3295 de
1648 3228 1806 3315 Chn,
1858 3238 1921 3295 et
1970 3229 2235 3315 Benycb
2290 3231 2372 3296 de
2424 3231 2655 3297 eadem
2691 3230 2866 3309 villa,
2916 3253 3018 3299 co·

761 3335 977 3419 gnatis
1038 3337 1214 3419 suis,
1281 3336 1642 3422 predictum
1706 3338 1989 3406 fenetum
2054 3358 2240 3405 suum
2294 3338 2376 3405 de
2424 3338 2564 3404 Chu
2627 3338 3023 3423 obligauerit

764 3445 1023 3510 nomine
1056 3444 1351 3530 pignoris
1383 3444 1636 3530 prefato
1672 3429 1950 3533 Godyno
2003 3467 2121 3532 pro
2154 3445 2466 3532 predictis
2498 3443 2749 3512 duabus
2785 3449 3022 3514 marcis

764 3559 828 3620 et
861 3551 1134 3619 dimidia
1187 3552 1349 3618 finiti
1404 3556 1655 3636 argenti
1689 3575 1808 3641 per
1857 3574 2053 3620 vnum
2108 3575 2385 3638 annum;
2436 3554 2528 3619 ita
2576 3551 2750 3636 quod
2787 3555 2844 3620 si
2882 3555 3025 3641 ipse

765 3663 975 3729 dictas
1027 3661 1189 3728 duas
1242 3683 1496 3729 marcas
1547 3671 1611 3730 et
1662 3663 1998 3730 dimidiam
2048 3662 2211 3729 finiti
2264 3661 2515 3746 argenti
2567 3660 2694 3745 ipsi
2745 3661 3023 3748 Godyno

764 3791 936 3838 anno
971 3771 1262 3838 reuoluto
1295 3791 1424 3837 non
1457 3772 1828 3839 refunderet
1871 3793 2085 3840 coram
2119 3774 2344 3856 nobis;
2396 3777 2630 3837 extunc
2663 3770 3023 3856 predictum

763 3884 1046 3950 senatum
1099 3903 1286 3948 suum
1336 3902 1454 3966 per
1503 3881 1681 3949 viros
1731 3879 2021 3967 ydoneos
2076 3882 2157 3949 de
2196 3879 2655 3947 commetaneis
2693 3886 2758 3945 et
2790 3878 3024 3945 vicinis

765 3992 1199 4075 estimaretur,
1254 3998 1319 4056 ct
1376 3989 1434 4055 si
1465 3991 1613 4075 plus
1636 3991 1859 4057 valere
1895 3991 2314 4076 inueniretur,
2366 3989 2685 4075 Godynus
2718 3988 2854 4054 eius
2887 4007 3030 4072 pre·

765 4102 932 4166 cium
969 4098 1092 4167 sibi
1144 4100 1444 4184 supplere
1491 4105 1838 4186 teneretur,
1886 4098 2005 4166 illo
2055 4098 2271 4167 feneto
2315 4097 2445 4183 ipsi
2479 4094 2754 4181 Godyno
2790 4096 3028 4162 eteius

764 4207 1108 4273 heredibus
1143 4207 1209 4272 in
1242 4215 1623 4295 perpetuum
1657 4214 2055 4275 remanente.
2103 4203 2522 4273 Postmodum
2559 4211 2778 4270 autem
2810 4202 3028 4270 dictus

765 4315 1118 4382 Ladizlaus
1170 4316 1346 4383 filius
1379 4317 1594 4399 Luger
1625 4338 1903 4385 vnacnm
1938 4313 2215 4401 Godyno
2269 4313 2523 4399 prefato
2575 4330 2791 4379 eoram
2837 4312 3031 4377 nobis

764 4410 997 4491 iterato
1031 4425 1435 4510 constitutus,
1461 4425 1798 4492 confessus
1830 4431 1945 4511 est,
1966 4421 2142 4506 quod
2173 4424 2311 4508 ipso
2342 4420 2707 4506 predictum
2742 4420 3029 4486 fenetum

770 4533 1083 4601 redimere
1133 4540 1540 4621 nequeunte,
1592 4535 1715 4602 viri
1762 4530 2000 4620 ydonei
2061 4551 2176 4615 per
2226 4536 2449 4616 partes
2498 4527 2765 4595 adducti
2814 4530 3033 4613 ipsum

758 4644 1045 4709 senetum
1098 4642 1544 4709 estimaucrint
1619 4642 1843 4709 ualere
1917 4639 2205 4724 quinque
2280 4657 2537 4705 marcas
2590 4637 2849 4720 argenti
2911 4634 3027 4702 dc·

764 4753 925 4819 cimc
957 4754 1434 4839 comeustionis,
1484 4757 1547 4819 et
1597 4751 1777 4835 ipsas
1832 4751 2116 4835 quinque
2168 4767 2420 4815 marcas
2473 4745 2727 4832 argenti
2768 4745 3027 4813 decime
