3319 5249
1797 284 1932 352 496

1796 905 1946 973 356.

726 1105 847 1172 IV.
884 1106 1116 1171 Ldszld
1144 1106 1506 1190 kirdlynak
1539 1106 1772 1171 Zomor
1803 1106 1866 1169 4⁸
1932 1102 2416 1169 Udvarnokban
2467 1105 2604 1170 ῑέυὸ
2652 1105 2996 1170 τέεεὸίνεο-

724 1211 919 1278 kokat
949 1215 1261 1300 tdryyazd
1289 1214 1566 1281 iktatdsi
1606 1234 1944 1298 paranesa
1976 1234 2053 1275 az
2103 1215 2474 1298 eszterqami
2522 1212 2992 1298 kdptalanhoz.

724 1321 855 1387 Ράῑ
886 1332 1108 1386 mester
1138 1323 1514 1405 eszteryami
1532 1321 1804 1403 pre'post
1861 1319 1992 1384 tobb
2042 1323 2362 1386 serviensc
2415 1325 2736 1386 εεάτηάυα.
2791 1317 2989 1385 1289.

972 1530 1325 1598 Ladizlaus
1384 1533 1509 1597 Dei
1591 1533 1817 1615 gracia
1877 1533 2018 1597 Rex
2098 1531 2385 1617 Vngarie
2468 1531 2767 1598 fidelibus
2851 1532 2988 1598 suis

729 1636 1031 1722 Capitulo
1095 1637 1529 1721 strigoniensi
1602 1639 1873 1704 salutem
1958 1620 2064 1705 et‘
2102 1639 2407 1722 graciam.
2472 1638 2630 1704 Cum
2707 1658 2828 1704 nos
2901 1638 2986 1704 ad

724 1743 1113 1830 peticionem
1147 1743 1407 1811 discreti
1438 1744 1563 1809 viri
1596 1746 1896 1828 Magistri
1959 1746 2151 1810 Pauli
2205 1744 2528 1830 Prepositi
2590 1744 2984 1827 Strigonien-

724 1852 815 1918 sis
878 1853 1121 1936 Legum
1187 1851 1491 1919 Doctoris
1544 1859 1607 1917 et
1653 1851 2176 1919 Aministratoris
2229 1850 2980 1938 Quinqueecclesiarum,

721 1958 936 2025 fidelis
997 1967 1061 2026 et
1120 1958 1459 2027 familiaris
1524 1959 1760 2025 Clerici
1822 1962 2068 2027 Domus
2129 1967 2391 2045 nostre,
2441 1967 2651 2025 terras
2714 1966 2778 2024 et
2841 1980 2984 2045 pos·

721 2066 1045 2134 sessiones
1107 2068 1372 2152 Mathey
1405 2073 1468 2131 et
1531 2067 1760 2133 Cosme
1793 2068 2066 2133 filiorum
2100 2067 2324 2133 Mutud
2375 2070 2443 2147 in
2495 2066 2836 2152 territorijs
2902 2068 2980 2133 de

722 2173 964 2239 Zumur
1028 2181 1092 2239 et
1154 2175 1235 2239 de
1296 2174 1651 2240 Vduornuk
1714 2174 2097 2241 constitutas
2163 2175 2304 2241 sine
2371 2175 2613 2241 herede
2673 2173 2982 2241 deceden-

723 2280 929 2365 cium,
983 2284 1364 2367 Damyauo‚
1426 2281 1662 2363 Endre,
1728 2288 1790 2347 et
1823 2282 2105 2365 Georgio
2158 2283 2312 2366 filijs
2344 2284 2604 2349 Andree
2655 2283 2977 2365 primoge-

723 2387 851 2465 niti
880 2389 1168 2455 eiusdem
1198 2387 1444 2468 Mutud,
1478 2388 1913 2455 seruientibus
1943 2389 2151 2472 ipsius
2185 2389 2531 2473 Prepositi,
2566 2389 2810 2475 pariter
2841 2409 2982 2453 cum

723 2496 959 2582 vineiS,
991 2495 1173 2561 siluis
1206 2502 1271 2560 et
1300 2494 1606 2562 fenilibus
1639 2516 1721 2559 ac
1754 2495 1908 2578 alijs
1940 2496 2330 2562 vtilitatibus
2353 2498 2508 2582 suis,
2531 2495 2901 2563 dederimus
2920 2504 2982 2561 et

725 2606 1182 2672 donauerimus
1217 2606 1413 2689 pleno
1447 2604 1583 2673 iure
1617 2606 1701 2671 ad
1723 2627 1954 2673 manus
1990 2615 2245 2672 nostras
2278 2606 2524 2690 Regias
2559 2608 2742 2672 iuxta
2771 2604 2982 2689 Regni

728 2713 933 2779 nostri
969 2712 1496 2779 consuetudinem
1530 2711 1909 2796 deuolutas;
1963 2715 2278 2797 volumus,
2312 2720 2377 2779 et
2423 2712 2720 2781 fidelitati
2769 2720 2982 2779 uestro

724 2821 1152 2907 precipientes
1185 2818 1586 2903 mandamuS‚
1648 2829 1969 2902 quatenus
2002 2821 2169 2887 detis
2202 2821 2648 2888 testimonium
2699 2827 2982 2888 vestrum

724 2928 1069 3014 ydoneum,
1104 2947 1321 2994 coram
1370 2947 1495 3010 quo
1548 2927 1922 3013 Stephanus
1974 2927 2147 2995 filius
2200 2929 2462 3015 Lentur‚
2497 2929 2690 2996 homo
2743 2935 2979 3006 noster,

720 3035 1047 3123 predictas
1079 3041 1285 3101 terras
1318 3040 1383 3099 et
1411 3036 1858 3120 possessiones
1890 3035 2163 3101 filiorum
2198 3036 2420 3102 Mutud
2449 3036 2604 3120 filijs
2637 3035 2798 3102 dicti
2845 3036 2980 3101 An-

728 3145 882 3211 dree
914 3145 1056 3211 sinc
1077 3143 1246 3229 ,iuris
1279 3142 1636 3226 preiudicio
1670 3143 1871 3210 alieni
1904 3165 2048 3211 cum
2081 3145 2380 3212 omnibus
2412 3147 2550 3214 suis
2582 3145 2976 3213 vtilitatibus

721 3257 787 3318 et
824 3250 1242 3336 pertinencijs
1275 3256 1521 3315 statuat
1550 3255 1613 3315 et
1644 3252 1957 3334 assignet,
1990 3252 2046 3318 si
2078 3272 2206 3319 non
2256 3252 2454 3319 fuerit
2487 3251 2974 3336 contradictum,

722 3357 1231 3423 contradictores
1262 3377 1414 3424 vero
1447 3357 1503 3422 si
1528 3359 1638 3439 qui
1672 3357 1913 3423 fuerint
1941 3357 2027 3424 ad
2060 3366 2350 3425 nostram
2382 3361 2537 3426 citet
2567 3359 2986 3426 Presenciam

722 3464 811 3531 ad
872 3464 1213 3530 terminum
1266 3471 1753 3549 competentem,
1823 3472 1887 3531 et
1947 3465 2223 3551 posthec
2272 3466 2445 3532 diem
2508 3464 2849 3532 citacionis
2911 3472 2978 3531 et

719 3572 1060 3639 terminum
1092 3571 1518 3659 assignatum,
1555 3572 1746 3662 simul
1778 3591 1922 3639 cum
1982 3571 2140 3638 facti
2201 3572 2370 3640 serie
2432 3571 2621 3639 nobis
2682 3572 2971 3637 fideliter

719 3680 1109 3748 rescribatis.
1142 3681 1382 3746 Datum
1415 3681 1483 3744 in
1516 3663 1707 3763 Vgad
1738 3678 1903 3746 feria
1949 3686 2139 3746 sexta
2190 3680 2490 3765 proxima
2541 3684 2696 3745 ante
2746 3679 2980 3745 festum

726 3788 945 3855 Sancti
979 3786 1239 3853 Nicolai
1273 3784 1680 3853 confessoris.

721 3983 822 4048 (Az
857 3988 1176 4051 esztergami
1202 3981 1585 4050 kaptalannak
1633 3987 1870 4049 ugyanis
1903 3985 2129 4037 1289-ki
2180 3981 2557 4048 jelentessbol,
2584 3986 2719 4034 mint
2770 3980 2983 4046 alabb.)

1687 4076 1810 4129 361.
1832 4090 1904 4126 ss.
1932 4069 2009 4142 a.)
