3319 5249
1325 418 1456 482 529

261 609 547 695 miensis‚
579 610 732 676 aule
766 618 982 676 nostre
1019 608 1408 697 Cancellarij
1465 612 1674 679 fidelis
1724 614 1969 698 nostri;
2020 632 2196 683 anno
2250 616 2515 684 Domini

256 720 605 786 millesimo
641 718 1079 786 ducentesimo
1112 720 1560 803 nonagesimo.

256 935 533 1001 (Eredetie
558 933 912 1001 bssrhartyam
941 936 1167 1001 melyrssl
1195 951 1230 987 a
1256 931 1440 1002 sarga-
1466 935 1588 988 zuld
1608 935 2067 1001 selyemzsinoron
2087 940 2311 1005 fssggott
2333 939 2522 1008 pec-et

718 1026 976 1077 elveszett
998 1044 1011 1089 ;
1039 1043 1073 1077 a
1099 1026 1203 1077 kir.
1231 1026 1401 1077 budai
1426 1026 1656 1078 kanarai
1684 1024 2065 1093 leveltkrban.)

1187 1323 1603 1335 ———-—-

1314 1903 1470 1971 384.

259 2100 382 2167 JV.
416 2101 656 2169 Μῑιιιόε
678 2107 873 2189 papa
921 2076 1278 2187 La‘mbmet
1330 2129 1374 2170 a
1405 2106 1762 2173 minoritate
1792 2106 2187 2187 summat,
2233 2107 2518 2173 kinemi

954 2214 1171 2300 veqlai
1189 2212 1587 2299 pilopolmek.
1641 2214 1843 2279 1290.

476 2425 795 2494 Nicolaus
845 2426 1208 2513 Episcopus
1271 2448 1498 2497 servus
1562 2449 1895 2497 servorum
1957 2429 2079 2495 Del
2103 2480 2122 2515 ,
2161 2426 2520 2499 venerabili

271 2530 453 2600 fratri
487 2533 830 2602 Lamberto
880 2536 1213 2621 Episcopo
1258 2535 1571 2621 Veglensi
1636 2535 1915 2603 salutem
1979 2543 2044 2602 et
2073 2534 2520 2622 Apostolicam

261 2641 793 2710 benedictionem.
829 2642 1122 2711 Vacante
1154 2644 1394 2711 dudum
1427 2644 1737 2729 Veglensi
1783 2642 2089 2712 Ecclesia
2117 2663 2238 2731 per
2269 2627 2517 2712 obitum

262 2748 431 2815 bone
460 2750 769 2817 memorie
803 2751 1037 2819 Marini
1071 2751 1417 2837 Veglensis
1439 2751 1773 2838 Episcopi,
1807 2751 1933 2820 due
1966 2752 2233 2819 fuerunt
2263 2752 2522 2819 electio-

260 2876 377 2923 nes
411 2876 454 2921 a
486 2855 833 2926 Canonicis
878 2859 1084 2946 ipsius
1116 2860 1411 2928 Ecclesie
1436 2913 1455 2946 ,
1504 2880 1636 2927 una
1701 2858 2022 2928 videlicet
2069 2859 2150 2925 de
2179 2859 2384 2927 fratre
2414 2858 2524 2927 Jo-

260 2961 478 3031 hanne
511 2964 591 3031 de
621 2965 834 3051 Vegla
866 2968 1204 3055 Minorum,
1254 2977 1320 3036 et
1350 2970 1563 3036 altera
1598 2967 1680 3035 de
1712 2968 1912 3035 fratre
1943 2966 2265 3034 Zacharia
2299 2967 2522 3034 Predi·

264 3079 554 3140 catorum
588 3072 857 3140 fratrum
892 3072 1231 3161 Ordinum,
1266 3076 1335 3141 in
1369 3074 1702 3144 discordia
1734 3074 2076 3142 celebrate.
2136 3074 2522 3142 Huiusmodi

262 3200 414 3248 vero
448 3182 839 3249 electionum
869 3183 1126 3268 negotio
1160 3184 1247 3252 ad
1285 3183 1518 3252 Sedem
1556 3182 2005 3270 Apostolicam
2026 3181 2351 3269 devoluto,
2374 3200 2521 3247 cum

263 3288 419 3356 dicti
480 3290 687 3357 Electi
746 3290 919 3358 infra
996 3297 1253 3378 tempus
1345 3311 1389 3357 a
1480 3291 1622 3360 iure
1715 3294 2019 3357 statutum
2041 3340 2063 3376 ,
2158 3294 2224 3355 et
2321 3287 2517 3354 etiam

263 3405 416 3483 post
447 3397 533 3464 ad
564 3399 838 3465 eandem
870 3399 1105 3467 Sedem
1138 3398 1452 3466 accedere
1499 3419 1627 3466 non
1672 3404 1972 3467 curarent
2001 3417 2119 3484 pro
2151 3395 2520 3462 huiusmodi

268 3505 649 3575 electionum
682 3527 940 3575 suarum
972 3507 1236 3592 negotio
1269 3505 1745 3594 prosequendo,
1782 3526 1901 3573 nos
1934 3505 2113 3592 ipsos
2144 3503 2214 3570 in
2247 3504 2519 3571 audien-

265 3615 355 3682 tia
389 3617 655 3701 publica
684 3615 871 3683 citari
925 3617 1194 3685 fecimus
1218 3670 1237 3703 ,
1298 3624 1369 3684 ut
1400 3615 1485 3682 ad
1518 3613 2040 3702 prosequendum
2105 3615 2223 3696 ius,
2257 3613 2315 3678 si
2349 3610 2523 3694 quod

268 3723 450 3790 eisin
486 3724 907 3792 electionibus
937 3723 1306 3793 huiusmodi
1330 3725 1776 3810 competebat,
1835 3729 2009 3789 certo
2041 3721 2315 3787 termino
2347 3737 2519 3786 com-

267 3840 608 3916 parerent:
661 3839 725 3899 et
788 3831 1044 3900 demum
1076 3853 1218 3899 cum
1284 3832 1509 3901 nullus
1540 3831 1800 3898 illorum
1852 3827 1938 3896 ad
1970 3826 2089 3894 hec
2150 3845 2520 3912 comparere

267 3948 539 4021 curaret,
585 3941 1144 4027 pronuntiavimus
1175 3941 1354 4028 ipsos
1386 3962 1429 4007 a
1462 3941 1638 4028 iure,
1680 3940 1738 4006 si
1773 3935 1949 4023 quod
1980 3935 2074 4004 eis
2106 3936 2519 4022 competebat

268 4067 344 4114 ex
375 4049 622 4118 eisdem
652 4049 1103 4137 electionibus,
1136 4049 1469 4119 cecidisse.
1492 4048 1749 4116 Deinde
1780 4066 1953 4133 ver0,
1991 4065 2075 4111 ue
2107 4043 2285 4110 dicta
2304 4043 2522 4110 Eccle-

267 4160 367 4225 sia
397 4158 662 4226 ulterius
694 4157 1033 4227 viduitatis
1095 4156 1505 4225 incommoda
1557 4156 1963 4243 deploraret,
2027 4158 2092 4220 et
2146 4152 2228 4218 de
2259 4158 2526 4238 pastore

269 4266 523 4350 ydoneo
553 4268 895 4354 providere
929 4267 1222 4335 volentes
1242 4321 1262 4356 ,
1304 4267 1390 4333 ad
1422 4285 1770 4353 personam
1804 4270 2006 4347 tuam,
2041 4281 2293 4330 morum
2326 4259 2522 4327 hone·

270 4380 437 4441 state
470 4375 790 4461 decoram,
821 4377 1183 4442 litterarum
1236 4373 1513 4442 scientia
1558 4372 1921 4459 preditam,
1976 4368 2043 4437 in
2075 4365 2524 4455 spiritualibus

271 4481 627 4567 providam,
664 4482 729 4548 in
758 4484 1235 4570 temporalibus
1288 4483 1862 4569 circumspectam,
1915 4499 1996 4545 ac
2030 4477 2178 4545 aliis
2209 4474 2518 4542 virtutum

270 4587 453 4656 donis
485 4591 939 4676 multipliciter
999 4592 1551 4674 commendatam,
1617 4587 1972 4657 direximus
2049 4581 2272 4651 oculos
2306 4587 2526 4647 nostro

270 4698 541 4782 mentis;
614 4697 792 4767 illam
824 4696 965 4767 fore
997 4699 1340 4786 perutilem
1377 4699 1464 4767 ad
1517 4697 1724 4783 ipsius
1756 4692 2049 4762 Ecclesie
2100 4689 2392 4774 regimen
2421 4707 2524 4755 ar-

355 4834 558 4874 uonuu.
593 4835 759 4875 nono.
795 4834 935 4871 nur.
969 4847 1055 4856 -
1088 4837 1308 4874 nur-tou.
1342 4830 1414 4873 17.
2116 4804 2205 4868 34
