3319 5249
1455 419 1542 483 25

340 614 666 681 vomnibus
699 612 1089 680 vtilitatibus
1121 619 1185 680 et
1214 612 1638 700 pertinencijs
1670 614 1825 700 suis,
1874 621 2064 698 prout
2097 612 2396 681 Castrum
2429 614 2638 680 tenuit

361 729 433 789 et
461 722 777 808 possedit,
826 742 909 787 ex
958 729 1137 789 certa
1168 722 1459 788 sciencia
1512 723 1598 789 ab
1631 721 1864 788 eodem
1899 719 2264 806 eximendo,
2318 718 2631 806 dedimus,

362 829 778 913 donauimuS,
809 827 1200 896 contulimus
1234 835 1303 895 et
1334 829 1797 916 concessimus,
1833 831 1999 896 sicut
2032 838 2095 897 et
2129 829 2299 895 idem
2334 826 2633 895 dominus

361 945 556 1024 pater
585 945 809 1004 noster
841 935 1228 1019 contulerat,
1279 936 1407 1021 ipsi
1439 937 1755 1022 Magistro
1790 934 2011 1003 Ochuz
2069 945 2134 1004 et
2164 957 2283 1021 per
2314 956 2461 1003 eum
2493 937 2635 1003 suis

360 1044 716 1112 heredibus
766 1042 1204 1128 heredumque
1258 1045 1743 1112 successoribus
1803 1046 1939 1111 iure
1996 1052 2311 1131 perpetuo
2361 1043 2634 1130 pacifice

360 1151 848 1238 possidendam.
918 1150 1117 1219 Cuius
1169 1152 1376 1219 eciam
1433 1159 1604 1220 metc
1658 1173 1775 1219 seu
1827 1152 2258 1221 limitaciones
2280 1205 2299 1238 ,
2349 1154 2514 1218 sicut
2563 1152 2632 1216 in

361 1260 643 1345 predicti
698 1259 1069 1326 Conuentus
1121 1259 1358 1326 litteris
1411 1267 1633 1347 patet,
1688 1261 1810 1327 hoc
1865 1261 2087 1327 ordine
2139 1259 2630 1343 distinguntur:

360 1367 582 1433 Prime
614 1374 785 1433 mete
836 1366 1155 1453 incipiunt
1205 1386 1247 1431 a
1278 1367 1546 1434 meridie
1596 1367 1780 1434 iuxta
1825 1376 2031 1436 metas
2063 1368 2237 1451 Wyd
2266 1369 2384 1453 filij
2420 1370 2632 1433 Ruma

370 1485 441 1544 et
470 1476 627 1541 ville
660 1474 829 1559 Vug,
880 1475 989 1541 ubi
1041 1481 1195 1540 sunt
1223 1483 1498 1557 quatuor
1548 1482 1720 1543 mete
1757 1476 2133 1561 angulares,
2183 1476 2312 1543 due
2349 1475 2417 1541 in
2449 1477 2633 1543 arbo-

363 1586 546 1651 ribus
580 1583 795 1670 tulfa,
841 1582 1047 1649 tercia
1075 1589 1325 1665 terrea,
1372 1588 1438 1650 et
1489 1590 1727 1667 quarta
1774 1604 1949 1650 noua
1998 1584 2067 1648 in
2098 1587 2328 1650 arbore
2378 1583 2634 1668 chevfa;

360 1692 537 1758 vnde
569 1690 903 1773 egreditur
953 1688 1038 1756 ad
1071 1689 1438 1775 aquilonem
1470 1709 1587 1776 per
1617 1697 1829 1757 terras
1863 1690 2154 1756 arabiles
2175 1741 2194 1774 ,
2244 1696 2308 1755 et
2339 1687 2630 1755 incidens

363 1800 440 1864 in
472 1797 831 1881 uirgultum
851 1848 872 1881 ,
924 1803 988 1862 et
1037 1799 1333 1883 peruenit
1385 1795 1471 1864 ad
1503 1798 1667 1864 duas
1717 1804 1924 1864 metas
1973 1798 2040 1861 in
2092 1797 2430 1864 arboribus
2459 1796 2633 1883 tulfa

359 1906 654 1991 positas,
724 1923 853 1987 que
902 1909 1209 1989 separant
1259 1906 1468 1990 ipsam
1519 1912 1756 1971 terram
1818 1923 1860 1967 a
1907 1911 2083 1970 terra
2133 1905 2283 1989 Vng
2334 1907 2419 1971 ab
2469 1903 2630 1969 occi·

366 2013 599 2096 dente3
652 2011 825 2077 vnde
857 2010 1042 2077 uadit
1094 2011 1397 2078 similiter
1446 2011 1534 2078 ad
1565 2010 1939 2095 aquilonem
1980 2011 2171 2077 iuxta
2203 2008 2472 2078 eundem
2506 2013 2630 2075 vir·

362 2120 658 2204 gustum,
713 2125 777 2185 et
826 2118 892 2182 in
947 2119 1188 2203 angulo
1242 2119 1532 2186 eiusdem
1566 2118 1834 2202 virgulti
1893 2125 2044 2210 suut
2085 2116 2211 2184 due
2260 2125 2447 2201 mete,
2499 2137 2630 2183 vna

359 2230 430 2294 in
465 2230 699 2293 arbore
752 2225 950 2312 tuffa,
998 2226 1131 2291 alia
1180 2232 1434 2312 terrea3
1484 2226 1634 2292 inde
1684 2228 1894 2293 tendit
1942 2246 2057 2312 per
2098 2232 2304 2291 terras
2344 2224 2629 2292 arabiles

357 2335 671 2404 similiter
721 2332 808 2399 ad
860 2333 1237 2415 aquilonem
1291 2334 1378 2399 ad
1429 2331 1753 2417 quandam
1806 2341 2052 2399 terram
2090 2344 2394 2398 erezteuen
2443 2352 2628 2398 voca·

357 2452 535 2528 tam,
587 2449 655 2506 et
685 2440 779 2507 ibi
810 2446 1236 2508 commetatur
1286 2443 1473 2507 terris
1523 2440 1805 2507 filiorum
1838 2442 2086 2507 Vrbani
2120 2441 2203 2507 de
2235 2440 2386 2520 Kal,
2437 2445 2503 2504 et
2536 2439 2630 2503 ibi

360 2552 552 2617 iuxta
581 2549 761 2615 viam
795 2554 948 2614 sunt
998 2555 1276 2632 quatuor
1306 2555 1478 2616 mete
1498 2600 1517 2634 ,
1568 2553 1702 2614 tres
1750 2549 1818 2614 in
1851 2548 2197 2615 arboribus
2232 2545 2424 2634 tulfa,
2470 2566 2627 2630 qua-

358 2678 503 2723 rum
539 2678 669 2722 vna
723 2663 826 2723 est
856 2675 1072 2740 noua,
1122 2663 1186 2723 et
1235 2664 1469 2740 quarta
1519 2664 1768 2741 terrea,
1821 2658 1929 2723 vbi
1983 2663 2327 2743 separatur
2379 2674 2419 2719 a
2457 2661 2632 2721 terra

361 2766 551 2848 Vng3
616 2765 791 2830 vnde
841 2764 1028 2830 iuxta
1081 2763 1356 2831 eandem
1405 2766 1646 2831 siluam
1697 2766 1914 2849 vergit
1969 2764 2055 2831 ad
2106 2763 2513 2847 aquilonem,
2568 2769 2631 2827 et

362 2871 668 2957 peruenit
712 2870 798 2935 ad
829 2878 960 2936 tres
992 2878 1200 2937 metas
1234 2872 1622 2956 angulares,
1670 2891 1945 2956 quarum
1979 2893 2108 2938 vna
2156 2877 2256 2936 est
2286 2870 2353 2934 in
2388 2868 2627 2936 arbore

358 2979 559 3064 tulfa,
605 2979 736 3044 due
788 2976 855 3042 in
907 2976 1247 3044 arboribus
1299 2982 1459 3061 cher,
1506 2999 1638 3044 una
1687 2978 1962 3063 antiqua
2016 2977 2151 3044 alia
2202 2998 2408 3060 noua;
2457 2975 2630 3044 unde

358 3107 482 3170 per
515 3084 694 3152 viam
745 3083 1028 3151 flectitur
1075 3085 1162 3150 ad
1206 3086 1558 3171 orientem,
1613 3087 1914 3172 peruenit
1964 3087 2031 3153 in
2064 3086 2292 3152 eadem
2343 3087 2515 3152 silua
2547 3082 2633 3151 ad

360 3192 531 3259 duas
564 3196 795 3273 metae,
840 3213 975 3259 vna
1001 3192 1071 3258 in
1104 3194 1333 3259 arbore
1364 3193 1562 3280 tulfa,
1609 3195 1749 3260 alia
1778 3201 2030 3278 terrea3
2079 3191 2247 3260 vnde
2281 3191 2629 3259 reflectitur

362 3320 484 3384 per
511 3301 690 3365 viam
746 3299 811 3362 in
844 3305 1065 3366 monte
1094 3300 1183 3365 ad
1217 3299 1617 3383 aquilonem,
1665 3300 1969 3386 peruenit
2001 3297 2088 3368 ad
2120 3298 2282 3364 duas
2315 3303 2525 3365 metas
2560 3299 2627 3363 in

359 3407 537 3493 tulfa
589 3405 835 3490 positas
889 3408 1061 3473 inter
1110 3405 1374 3491 vineas3
1425 3406 1666 3473 abinde
1717 3406 2053 3473 descendit
2104 3404 2183 3472 de
2232 3405 2376 3491 ipso
2416 3414 2630 3471 monte

359 3512 453 3578 ad
485 3512 817 3595 quandam
849 3511 1088 3578 vallem
1141 3511 1228 3579 ad
1264 3512 1532 3579 orientis
1565 3519 1814 3598 partem
1868 3512 1952 3579 ad
1984 3512 2146 3579 duas
2178 3521 2383 3579 metas
2404 3562 2420 3594 ,
2474 3532 2627 3595 qua-

357 3640 506 3686 rum
537 3640 671 3686 vna
702 3623 806 3685 est
837 3619 905 3684 in
934 3618 1080 3704 piro
1102 3672 1122 3707 ,
1171 3619 1305 3687 alia
1336 3627 1594 3708 terrea,
1642 3621 1752 3688 vbi
1803 3628 2147 3706 separatur
2178 3640 2220 3685 a
2251 3619 2438 3687 terris
2469 3619 2629 3685 filio·

363 3747 503 3792 rum
537 3727 859 3811 Vrbanus,
909 3733 974 3793 et
1024 3746 1067 3792 a
1100 3729 1293 3794 terris
1325 3729 1528 3795 Donk
1578 3737 1644 3796 et
1675 3729 2044 3797 Salomonis
2094 3728 2177 3793 de
2208 3729 2377 3813 Kal,
2429 3734 2494 3794 et
2526 3746 2627 3794 co·

364 3840 708 3917 gnatorum
740 3852 1005 3900 suorum
1039 3833 1120 3901 de
1154 3833 1386 3903 eadem
1410 3885 1429 3919 ,
1478 3834 1589 3903 vbi
1622 3836 1830 3902 eciam
1866 3843 1963 3902 est
2010 3836 2215 3902 tercia
2252 3841 2427 3901 meta
2458 3853 2630 3899 noua

363 3942 433 4005 in
464 3941 811 4024 anellan03
856 3941 1030 4008 vnde
1084 3941 1380 4010 ascendit
1431 3944 1668 4011 iterum
1720 3943 1808 4010 ad
1855 3950 2179 4027 montem,
2213 3949 2279 4007 et
2328 3942 2631 4027 peruenit

360 4046 453 4112 ad
486 4046 652 4114 duas
701 4056 912 4116 metas
945 4051 1013 4116 in
1047 4051 1222 4138 tulfa
1251 4051 1536 4136 positas3
1586 4049 1824 4118 abhinc
1858 4050 2066 4119 tendit
2096 4049 2286 4133 quasi
2325 4049 2412 4116 ad
2429 4041 2628 4133 *aqui-

364 4155 606 4240 Ionem,
657 4162 723 4222 et
754 4155 1056 4241 peruenit
1088 4156 1174 4221 ad
1205 4162 1483 4240 quatuor
1515 4164 1723 4224 metas
1756 4160 2139 4244 angulares,
2190 4176 2465 4241 quarum
2497 4163 2629 4225 tres

370 4268 523 4328 sunt
573 4262 643 4328 in
694 4249 1038 4329 a'rboribus
1103 4264 1280 4352 tulfa
1297 4315 1320 4348 ,
1370 4270 1435 4332 et
1486 4273 1726 4349 quarta
1777 4274 2027 4351 terrea3
2092 4266 2206 4332 ubi
2256 4264 2630 4353 relinquens

364 4375 606 4434 terram
636 4369 766 4436 Kal
815 4376 880 4436 et
927 4378 1135 4439 terras
1166 4371 1553 4455 Salomonis,
1608 4379 2034 4442 commetatur
2064 4372 2259 4441 terris
2291 4369 2511 4459 Egidij
2547 4373 2632 4443 de

365 4476 601 4560 Boyk3
650 4476 891 4543 abinde
943 4477 1128 4544 iuxta
1159 4484 1364 4546 terras
1398 4479 1620 4565 Egidij
1655 4481 1843 4548 vadit
1892 4481 1979 4546 ad
2029 4480 2341 4549 orientem
2374 4478 2443 4544 in
2473 4499 2629 4562 quo·

372 4583 527 4650 dam
557 4582 863 4668 virgult0‚
910 4584 1100 4650 iuxta
1128 4584 1305 4652 viam
1353 4586 1692 4671 antiquam
1721 4593 1871 4654 sunt
1901 4584 2029 4654 due
2060 4593 2250 4670 mete,
2301 4605 2435 4652 una
2463 4589 2628 4655 anti·

362 4709 502 4772 qua
558 4689 629 4755 in
679 4690 911 4758 arbore
961 4692 1158 4779 tuffa,
1203 4692 1340 4758 alia
1386 4712 1561 4760 noua
1609 4699 1859 4779 terrea;
1926 4694 2166 4761 deinde
2212 4694 2489 4762 flectitur
2540 4692 2629 4759 ad
