3319 5249
1770 292 1902 360 390

709 490 940 574 uigilia
978 489 1209 558 Jacobi
1247 489 1543 574 Apostoli
1578 509 1748 556 anno
1781 486 2045 554 Domini
2079 487 2178 553 M·
2209 486 2646 555 ducentesimo
2678 485 2959 552 LXXX·

710 604 960 681 quarto.

713 811 987 874 (Eredetie
1029 807 1382 875 bb'rlzartyhn,
1426 825 1462 861 a
1488 807 1641 862 hatul
1669 811 1772 861 oda
1797 815 2045 875 nyomott
2081 807 2267 877 peccet
2293 810 2586 878 elveszett5
2615 826 2651 862 a
2674 809 2840 862 budai
2868 810 2966 860 kir.

1525 901 1769 951 kamarai
1796 897 2169 965 levhltarban.)

1788 1704 1940 1771 27¹7.

733 1920 856 1984 IV.
890 1920 1127 1987 Madd
1154 1922 1372 2006 kim-city
1402 1918 1734 2006 Gepeaolv,
1766 1920 2126 2004 Felmmpti
2156 1925 2217 1985 e's
2249 1917 2483 1985 Cze'bva
2513 1926 2676 1983 novit
2689 1919 2979 2005 fdldelcet

736 2028 1065 2092 Feliczidn
1113 2037 1337 2094 mester
1391 2025 1523 2091 Ga'l
1559 2026 1797 2108 fidnak
1831 2029 1895 2091 ἑο
1926 2028 2329 2092 testve'reinek
2356 2028 2638 2111 birdilaq
2667 2025 2978 2111 dtenqedi.

1766 2133 1961 2197 1284.

956 2347 1093 2412 Nos
1128 2343 1482 2412 Ladizlaus
1516 2345 1638 2410 Dei
1688 2333 1916 2429 g'racia
1946 2347 2082 2412 Rex
2116 2343 2453 2429 Hungarie
2482 2347 2790 2439 memorie
2821 2364 2984 2411 com·

742 2453 1118 2519 mendantes
1149 2451 1588 2535 significamus
1622 2450 1960 2536 vnincrsis,
2014 2453 2249 2536 quibus
2284 2453 2564 2538 expedit,
2585 2452 2987 2538 presencium

742 2578 862 2646 per
914 2564 1202 2627 tenorem
1223 2583 1243 2623 ι
1295 2555 1469 2642 quod
1515 2560 1670 2627 licet
1698 2561 1885 2645 Moys
1916 2560 2146 2628 Comes
2178 2559 2259 2627 de
2290 2559 2465 2644 an
2496 2559 2813 2642 quasdam
2845 2579 2988 2645 pos·

742 2667 1069 2733 sessiones
1120 2666 1413 2750 Magistri
1463 2667 1778 2734 Feliciani
1832 2669 1945 2752 filij
2005 2669 2237 2735 Gallus
2288 2673 2353 2733 et
2400 2667 2669 2733 fratrum
2731 2686 2992 2735 snorum

743 2774 1076 2859 Gepeuelv
1110 2782 1177 2841 et
1205 2774 1568 2859 Felnempti
1600 2782 1870 2842 uocatas
1899 2774 2250 2842 existentes
2285 2775 2351 2840 in
2373 2775 2694 2842 Comitatu
2716 2773 2993 2858 ‹10an

746 2881 1010 2947 nomine
1042 2881 1200 2948 iuris
1231 2882 1440 2967 ipsius
1475 2880 1837 2948 Comitatus
1869 2884 1955 2948 ab
1987 2879 2233 2948 eisdem
2258 2882 2684 2968 inpetiuisset,
2708 2889 2772 2948 et
2791 2880 2993 2947 eciam

747 2987 1070 3071 quandam
1106 2993 1343 3054 terram
1377 3007 1594 3054 eorum
1628 2987 1697 3053 in
1732 2987 1957 3054 eodem
1992 2987 2316 3055 Comitatn
2356 2989 2737 3056 existentem
2771 2986 2997 3073 Cybus

750 3101 1050 3162 uocatam
1099 3094 1471 3180 empticium
1523 3092 1823 3162 similiter
1875 3095 2304 3182 inpediuisset
2343 3094 2516 3183 (igy)
2546 3096 2811 3163 nomine
2842 3096 2997 3161 iuris

748 3201 1036 3268 eiusdem
1071 3202 1466 3285 Comitatus3
1501 3208 1721 3268 tamen
1756 3202 1912 3286 qnia
1940 3202 2134 3287 ijdem
2168 3202 2284 3288 filij
2311 3203 2542 3271 Gallus
2565 3205 2996 3270 instrumenta

752 3308 1092 3375 euidencia
1140 3328 1335 3394 super
1385 3306 1699 3394 predictis
1748 3307 2271 3394 possessionibus
2303 3309 2510 3377 eidem
2546 3308 2779 3377 Comiti
2813 3311 2992 3394 Moys

750 3414 1197 3501 exhibuerunt,
1248 3413 1512 3481 easdem
1564 3418 2010 3499 possessiones
2058 3436 2271 3482 coram
2325 3418 2515 3484 nobis
2567 3414 2998 3501 comparendo

753 3523 1016 3606 reliquit
1045 3528 1110 3590 et
1141 3522 1436 3606 permisit
1465 3521 1777 3606 predictis
1811 3522 1963 3607 filijs
1997 3522 2173 3590 Galli
2202 3531 2513 3609 perpetuo
2549 3522 2996 3608 possidendas,

752 3638 943 3717 prout
1002 3630 1068 3696 in
1121 3628 1564 3697 instrumentis
1630 3630 1978 3697 eorundem
2042 3632 2429 3699 continetur.
2493 3633 2733 3697 Datum
2798 3648 3000 3716 prope

754 3739 1018 3805 Kevrev
1069 3737 1296 3821 quinto
1345 3736 1457 3803 die
1507 3742 1654 3823 post
1703 3735 1938 3803 festum
1978 3737 2206 3804 Sancti
2239 3738 2470 3806 Jacobi
2505 3739 2798 3822 Apostoli
2834 3755 3001 3804 anno

757 3842 1022 3913 Domini
1054 3841 1292 3910 M‘Cffl
1322 3842 1768 3927 octuagesimo
1795 3851 2042 3930 quarto.

737 4080 1036 4142 (Emotis
1062 4075 1413 4144 borbat-tybri,
1433 4093 1469 4129 a
1484 4075 1673 4146 poesht
1691 4078 1983 4143 elveszettg
2011 4091 2048 4129 a
2067 4076 2365 4145 Tornaljay
2384 4076 2571 4132 csalhd
2597 4075 3006 4143 levblthiban.)
