3319 5249
1403 364 1482 426 19

291 564 512 627 instar
544 557 984 626 misericordie
1016 556 1339 624 Altissimi
1370 554 1765 640 Conditoris‚
1817 552 1930 637 qui
1963 552 2115 620 dum
2150 553 2289 621 alta
2317 553 2572 639 prospi-
2609 614 2616 619 ,

300 667 415 753 cit,
451 666 679 733 infima
725 686 853 732 non
895 662 1281 747 contemnit3
1330 662 1484 730 dum
1515 661 1766 746 colligit
1814 659 2065 728 nobiles
2108 660 2195 728 ad
2225 680 2297 727 se
2330 660 2571 743 uenire,

301 775 670 860 degeneres
719 794 847 840 non
881 778 1160 840 recusat.
1210 771 1350 838 Hac
1381 772 1605 854 itaque
1645 768 2174 837 consideracione
2206 766 2452 833 inducti
2487 765 2572 833 ad

299 884 764 949 vniuersorum
793 885 928 945 tam
961 878 1364 964 presencium
1385 899 1579 963 quam
1612 877 1975 945 futurorum
2007 875 2318 943 noticiam
2349 879 2572 954 tenore

301 987 715 1077 presencium
780 990 1078 1055 uolumus
1128 986 1510 1073 peruenire,
1577 986 1751 1071 quod
1803 1005 1927 1053 nos
1988 984 2573 1069 circumspeccione

302 1096 593 1185 prouida
623 1096 1036 1163 attendentes
1069 1102 1133 1162 et
1164 1094 1654 1162 considerantes
1685 1092 2035 1161 fidelitates
2069 1097 2133 1158 et
2151 1090 2570 1158 seruiciorum

300 1205 544 1272 merita
577 1204 840 1270 Sandur
870 1209 935 1268 et
965 1202 1091 1270 Gal
1124 1203 1401 1270 filiorum
1435 1202 1601 1268 Bent
1641 1203 1725 1267 de
1756 1200 1921 1269 uilla
1949 1201 2231 1267 Kerowa
2272 1198 2571 1285 jobagio-

300 1333 456 1378 num
492 1312 705 1378 Castri
745 1310 1210 1394 Strigoniensis
1250 1308 1537 1376 fidelium
1555 1312 1935 1376 'nostrorum
1954 1359 1974 1394 ,
2029 1327 2155 1392 que
2186 1328 2228 1373 a
2260 1306 2570 1393 primeuis

302 1418 768 1485 adolescencie
800 1436 916 1483 sue
948 1418 1348 1503 temporibus
1397 1435 1521 1485 auo
1553 1425 1772 1484 nostro
1813 1423 1877 1483 et
1908 1419 2078 1501 patri
2109 1422 2332 1482 nostro
2363 1415 2562 1480 victo-

303 1524 680 1592 riosissimis
711 1525 1044 1609 Hungarie
1075 1526 1362 1609 Regibus
1391 1525 1643 1610 piarum
1676 1523 2225 1608 recordacionum,
2263 1544 2341 1589 ac
2371 1523 2560 1588 nobis

302 1632 569 1699 demum
621 1639 685 1697 et
715 1634 943 1716 Regno
996 1635 1063 1697 in
1096 1631 1394 1699 omnibus
1426 1634 1632 1715 Regni
1687 1631 2217 1718 expedicionibus
2267 1649 2411 1696 cum
2450 1630 2572 1696 fer·

304 1760 465 1806 nore
513 1738 846 1805 fidelitatis
901 1738 1137 1805 eximie
1186 1739 1607 1807 laudabiliter
1656 1739 2129 1824 inpenderunt,
2178 1758 2251 1804 se
2303 1746 2368 1804 et
2419 1757 2571 1804 suos

300 1867 425 1934 pro
461 1847 715 1914 Corone
748 1849 951 1933 Regie
1003 1847 1377 1915 defensione
1429 1855 1494 1915 et
1523 1850 1736 1933 Regni
1789 1845 2127 1915 commodo
2183 1846 2399 1931 dubiJs
2444 1844 2572 1913 for·

304 1964 464 2022 tune
515 1956 821 2038 casibus,
871 1963 935 2021 et
968 1956 1170 2022 uariis
1219 1956 1657 2041 periculorum
1711 1956 2010 2022 articulis
2061 1953 2386 2039 intrepide
2417 1955 2568 2020 sub-

307 2062 647 2128 mittendo.
694 2063 773 2128 In
806 2063 1460 2146 reconpensacionem
1513 2071 1607 2129 tot
1659 2070 1724 2129 et
1772 2069 2101 2130 tantorum
2152 2061 2568 2129 seruiciorum

298 2190 569 2237 suorum
618 2167 884 2236 eosdem
936 2168 1190 2235 Saudur
1240 2177 1304 2236 et
1337 2170 1463 2236 Gal
1513 2191 1556 2235 a
1596 2169 2032 2253 jobagiouatu
2076 2167 2288 2235 Castri
2328 2168 2571 2253 Sti-igo-

304 2276 551 2344 niensis
586 2296 728 2343 cum
765 2277 1063 2343 omnibus
1096 2278 1285 2343 terris
1317 2278 1452 2344 suis
1485 2278 1568 2344 de
1599 2276 1999 2343 liberalitate
2029 2278 2237 2361 Regia
2269 2275 2569 2344 duximus

308 2382 720 2466 eximendos,
771 2387 836 2448 ct
869 2384 933 2448 in
969 2403 1323 2466 numerum,
1360 2392 1571 2450 cetum
1606 2404 1720 2451 seu
1754 2383 2104 2466 collegium
2139 2383 2569 2451 seruiencium

298 2492 657 2575 Regalium
708 2489 1237 2574 transferendos3
1287 2490 1616 2578 volentes,
1675 2492 1846 2574 quod
1898 2498 2030 2556 tam
2071 2489 2271 2575 ijdem
2311 2490 2570 2557 Sandur

307 2608 373 2667 et
406 2599 557 2685 Gal,
608 2618 803 2683 quam
837 2618 1094 2665 suorum
1130 2594 1305 2685 (igy)
1347 2596 1620 2666 heredes
1675 2596 2112 2681 heredumque
2163 2616 2569 2666 successores

302 2729 389 2774 ea
434 2707 773 2791 gaudeant
823 2713 889 2772 et
933 2706 1237 2772 fruantur
1286 2707 1626 2794 libertate,
1679 2727 1809 2791 qua
1859 2707 2057 2773 ceteri
2107 2708 2314 2790 Regni
2366 2708 2570 2773 nostri

302 2814 560 2881 nobiles
632 2815 996 2881 seruientes
1049 2815 1329 2899 Regales
1399 2816 1811 2900 gratulantur
1877 2817 1998 2882 sub
2053 2816 2300 2881 vexillo
2364 2815 2566 2898 Regio

306 2922 688 2988 militantes.
752 2921 839 2985 Vt
869 2920 1067 3004 igitur
1114 2941 1384 3007 presens
1433 2929 1659 2990 nostra
1700 2922 2036 2989 ordinacio
2086 2941 2201 2987 seu
2240 2924 2567 2992 concessio

302 3028 674 3096 liberaliter
724 3027 904 3094 facta
954 3030 1150 3095 robur
1198 3035 1508 3115 perpetue
1555 3030 1878 3098 firmitatis
1930 3029 2252 3114 obtineat,
2305 3050 2422 3096 nec
2454 3053 2569 3116 per

306 3136 680 3221 quempiam
733 3134 801 3199 in
837 3134 1090 3203 irritum
1131 3140 1341 3222 possit
1390 3137 1496 3204 vel
1547 3139 1783 3205 debeat
1817 3137 2009 3223 lapsu
2040 3144 2399 3223 temporum
2454 3140 2568 3204 ali-

304 3253 627 3327 quatenus
660 3246 977 3329 reuocari,
1000 3254 1337 3330 presentes
1378 3247 1819 3314 concessimus
1852 3247 2102 3312 litteras
2135 3247 2331 3329 sigilli
2366 3249 2570 3314 nostri

307 3352 593 3437 duplicis
623 3352 979 3419 munimine
1030 3354 1389 3421 roboratas.
1440 3355 1680 3420 Datum
1713 3375 1828 3440 per
1859 3373 2090 3419 manus
2124 3353 2417 3436 Magistri
2451 3355 2568 3421 Be·

306 3457 551 3526 nedicti
603 3459 981 3528 Orodiensis
1038 3462 1331 3528 Ecclesie
1380 3463 1719 3547 Prepositi‚
1769 3460 1918 3528 aule
1960 3468 2177 3528 nostre
2212 3458 2567 3528 Vico-Can-

304 3567 558 3653 cellarij
598 3565 825 3635 dilecti
876 3575 941 3635 et
970 3568 1186 3636 fidelis
1221 3569 1427 3637 nostri
1479 3591 1651 3638 anuo
1686 3569 1946 3637 Domini
1978 3570 2198 3635 M⁰CC⁰
2229 3575 2569 3653 septuage-

302 3675 475 3740 simo
508 3677 732 3762 tercio,
768 3681 950 3743 sexto
999 3676 1147 3744 idus
1176 3678 1356 3765 Julij,
1407 3679 1614 3763 Regni
1649 3686 1867 3746 autem
1897 3678 2103 3745 nostri
2136 3697 2307 3743 anno
2338 3676 2566 3761 primo.

303 3784 602 3850 Vacante
653 3784 955 3851 Ecclesia
1008 3784 1478 3870 Strigoniensi3
1546 3785 2031 3854 venerabilibus
2082 3784 2379 3868 patribus
2429 3785 2567 3850 Ste-

303 3891 532 3975 phano
565 3890 954 3959 Colochensi
987 3899 1051 3959 et
1081 3892 1379 3960 Johanne
1409 3895 1785 3980 Spalatensi
1809 3893 2360 3980 Archiepiscopis;
2381 3892 2567 3960 Lam-

302 4006 493 4082 perto
527 3999 836 4083 Agriensi
855 4051 873 4083 ,
924 4000 1179 4067 Briccio
1213 3999 1672 4086 Chenadiensi,
1720 4003 1845 4070 Job
1877 4000 2567 4089 Quinqueecclesiensi,

304 4106 614 4192 Philippo
644 4106 982 4175 Waciensi
1037 4109 1189 4175 aule
1242 4107 1502 4175 domine
1552 4111 1801 4194 Regine
1850 4109 2198 4176 karissime
2248 4108 2568 4177 consortis

298 4223 521 4281 nostre
556 4214 965 4279 Cancellario
1001 4216 1247 4282 Comite
1279 4216 1783 4302 Neugradiensi,
1836 4218 2044 4283 Paulo
2076 4218 2567 4302 Wesprimiensi

298 4321 455 4386 aule
506 4328 727 4387 nostre
778 4321 1227 4410 cancellario,
1292 4325 1673 4391 Lodomerio
1726 4326 2179 4412 Waradiensi,
2252 4329 2568 4411 Tymoteo

297 4429 757 4516 Zagrabieusi,
813 4431 1127 4516 Dyonisio
1178 4431 1532 4514 Jauriensi,
1587 4439 1650 4499 et
1681 4435 1875 4500 Petro
1907 4434 2383 4500 Transsiluano
2416 4435 2563 4520 Epi-

295 4539 520 4625 scopis
540 4538 877 4605 Ecclesias
902 4540 1023 4605 Dei
1056 4539 1335 4607 feliciter
1365 4541 1903 4624 gubernantibus.
1938 4541 2234 4610 Rolando
2266 4544 2565 4610 Palatino

292 4652 366 4712 et
416 4643 678 4734 Judieej
702 4647 1151 4736 Cumanorum,
1206 4649 1477 4717 Herrico
1519 4650 1702 4716 Bauo
1753 4653 1956 4718 totius
2006 4651 2378 4735 Sclauonie,
2435 4650 2567 4736 Ny-

2155 4755 2242 4828 20
