3319 5249
1888 346 2023 418 510

816 542 948 612 mul
1009 565 1152 611 cum
1232 544 1483 611 comite
1542 544 1882 611 Herbordo
1946 546 2278 628 quandam
2341 547 2815 633 possessionem
2882 568 3078 615 suam

812 650 1126 720 Kwthfeu
1159 659 1460 720 vocatam
1494 653 1561 719 in
1596 652 1909 721 Oltaruch
1942 654 2348 742 existentem,
2382 675 2497 742 per
2530 657 2844 740 antiquas
2882 665 3100 724 metas

818 766 882 827 et
914 761 1244 845 terminos,
1277 767 1338 828 et
1370 780 1515 827 cum
1548 763 1848 829 omnibus
1901 762 2292 829 vtilitatibus
2348 769 2413 830 et
2460 763 2897 849 pertinencijs
2952 763 3099 832 suis

818 869 1100 954 receptis
1135 869 1409 953 triginta
1442 870 1678 936 marcis
1731 891 1772 936 a
1821 869 2070 936 Comite
2122 868 2343 936 chuz
2393 871 2479 935 ad
2528 874 2821 956 plenum,
2877 870 3095 939 eidem

821 974 1057 1042 Comiti
1090 975 1338 1059 ochaz,
1372 981 1586 1067 etqper
1618 997 1764 1043 eum
1798 976 1932 1043 suis
1965 975 2319 1048 heredibus
2371 977 2766 1046 heredumue
2814 999 3084 1046 suorum

815 1083 1326 1167 successoribus,
1363 1084 1672 1152 dixerunt
1705 1084 2074 1150 uendidisse
2105 1085 2173 1150 in
2207 1093 2585 1170 perpetuum
2620 1084 3079 1173 possidendam

816 1193 1009 1278 pleno
1038 1194 1196 1259 iure.
1235 1194 1353 1261 Cui
1387 1203 1558 1261 terre
1590 1190 1885 1258 Kuthfev
1917 1197 2151 1257 uocate
2179 1192 2264 1258 ab
2286 1191 2621 1259 occidente
2642 1198 3080 1263 commetanei

816 1307 966 1369 sunt
1000 1300 1318 1383 Magister
1356 1296 1566 1363 Buzal
1607 1304 1672 1358 (22
1722 1292 2094 1365 Fridericus
2124 1298 2240 1383 filij
2278 1299 2467 1365 chak
2499 1301 2687 1387 Bani,
2725 1310 2788 1368 et
2819 1302 2907 1367 ab
2959 1303 3080 1368 ori·

810 1415 957 1475 ente
988 1416 1137 1476 sunt
1166 1415 1337 1476 mete
1367 1414 1537 1474 terre
1568 1406 1910 1492 Descych3
1946 1405 2101 1472 item
2157 1426 2196 1471 a
2228 1407 2514 1474 meredie
2580 1417 2847 1495 separat
2900 1410 3064 1476 Gur·

817 1535 935 1601 ges
966 1516 1108 1583 siue
1137 1517 1316 1585 riuus
1351 1516 1703 1598 Oltarucb3
1738 1520 1803 1581 et
1836 1516 1920 1580 ab
1952 1514 2261 1598 aquilone
2291 1516 2360 1580 in
2398 1535 2531 1581 una
2562 1515 2892 1602 particula
2923 1525 3061 1584 tan·

810 1623 908 1708 git
935 1630 1113 1692 terra
1142 1623 1415 1690 Bachita
1444 1630 1697 1689 vocata.
1724 1622 1820 1688 Eo
1842 1627 2033 1706 pacto
2056 1621 2457 1708 interposito,
2495 1621 2667 1706 quod
2695 1626 2884 1691 nulla
2915 1631 3069 1692 tem-

810 1750 1037 1816 porum
1059 1732 1288 1819 spacia
1307 1731 1667 1798 futurorum
1688 1748 1809 1797 nec
1830 1729 1977 1813 ipsa
1997 1727 2264 1795 domina
2283 1750 2405 1796 nec
2425 1727 2654 1797 Comes
2668 1731 3067 1817 Herbordus‚

805 1859 926 1907 nec
944 1842 1151 1908 eciam
1170 1840 1408 1926 aliquis
1431 1848 1853 1925 cognatorum
1884 1856 2142 1905 suorum
2176 1858 2368 1923 super
2386 1836 2685 1923 predicta
2705 1840 3061 1924 possessio-

810 1967 893 2015 ne
939 1948 1183 2016 Kutfeu
1233 1954 1462 2015 uocate
1499 1944 1672 2034 (igy)
1707 1945 2027 2013 Comitem
2048 1944 2269 2012 Ochuz
2289 1946 2394 2013 uel
2415 1965 2570 2013 suos
2590 1946 2864 2015 heredes
2888 1955 3063 2034 pote·

811 2062 960 2122 runt
986 2056 1363 2140 aliqualiter
1393 2058 1772 2122 molestare.
1805 2056 1887 2121 Et
1919 2054 1975 2121 si
2007 2054 2334 2139 quispiam
2368 2055 2688 2141 premisse
2739 2057 3070 2123 uendicio-

810 2161 912 2229 nis
946 2170 1359 2248 transgessor
1389 2164 1494 2230 uel
1526 2163 1880 2248 impeditor
1913 2164 2244 2247 existeret,
2313 2163 2613 2246 predicta
2674 2161 2947 2229 domina
3001 2168 3061 2230 et

810 2270 1037 2338 Comes
1068 2272 1447 2340 Herbordus
1479 2271 1797 2339 Comitem
1830 2270 2051 2339 Ochuz
2084 2276 2148 2337 et
2169 2290 2322 2337 suos
2371 2269 2647 2338 heredes
2699 2289 3058 2357 assumpse-

808 2385 957 2447 runt
987 2382 1296 2466 expedire
1329 2381 1463 2448 suis
1496 2378 1834 2447 laboribus
1869 2385 1932 2445 et
1964 2378 2286 2464 expensis.
2322 2380 2398 2446 In
2430 2380 2613 2447 cuius
2647 2397 2765 2464 rey
2817 2396 3045 2444 memo·

807 2489 972 2554 riam
1005 2489 1509 2573 firmitatemque
1573 2494 1955 2573 perpetuam
2006 2486 2094 2554 ad
2143 2487 2531 2573 peticionem
2582 2486 2872 2572 parcium
2924 2505 3057 2572 pre·

811 2602 1030 2665 sentes
1063 2595 1503 2666 concessimus
1536 2596 1794 2663 litteras
1827 2594 2030 2680 sigilli
2063 2595 2266 2664 nostri
2297 2593 2652 2662 munimine
2707 2591 3052 2661 communi·

806 2711 931 2771 tas.
968 2703 1210 2772 Datum
1243 2725 1415 2771 anno
1444 2704 1710 2772 Domini
1743 2705 1808 2769 M
1821 2703 1981 2769 0000
2012 2702 2408 2786 octagesimo
2441 2722 2631 2770 nono.

811 2919 1081 2987 (Erodetie
1108 2918 1457 2989 b6rbartyam
1481 2919 1708 2989 melyrol
1733 2934 1767 2970 a
1795 2917 1988 2988 pet-,set
2011 2916 2356 2986 sama-votos
2381 2915 2845 2985 selyemzsinoron
2870 2921 3031 2986 ἰῆςςς

1424 3025 1458 3061 a
1484 3011 1650 3063 budai
1679 3011 1778 3061 kir.
1800 3010 2049 3061 kamarai
2072 3007 2458 3076 leveltarban.)

1725 3295 2146 3310 ψ-

1847 3805 2004 3876 369.

676 4030 682 4036 ·
798 4009 917 4076 IV.
954 4010 1191 4077 Miklds
1249 4008 1428 4094 pcipa
1481 4029 1523 4071 a
1588 4008 1876 4071 morinai
1928 4007 2354 4092 pilsp'o'kseqet
2418 4005 2740 4090 tdrqyazd
2768 3999 2923 4066 341.
2969 4024 3046 4070 az.

799 4143 861 4182 a.
893 4115 1411 4184 inte'zkeddsdnek
1426 4114 2048 4202 foqanatositdscira
2077 4112 2413 4177 vonatkozo
2442 4111 2695 4175 iratok:
2731 4108 2805 4190 1)
2841 4108 2902 4172 A
2927 4114 3048 4194 pd-

1110 4249 1207 4311 pa
1239 4221 1560 4287 kikiildott
1608 4220 1908 4284 birciinak
1943 4220 2182 4286 ide'ze'si
2212 4220 2532 4285 rendelete.
2567 4218 2763 4285 1289.

1014 4418 1387 4486 Venerabili
1419 4419 1485 4484 in
1518 4415 1779 4483 Christo
1811 4416 1981 4501 patri
2015 4415 2279 4483 domino
2328 4416 2514 4482 fratri
2549 4413 2864 4498 Gregorio
2895 4413 3041 4497 Epi-

798 4550 995 4616 scopo
1026 4527 1483 4613 Traguriensi;
1548 4544 1624 4626 ac
1673 4524 2031 4592 reverendo
2062 4522 2205 4591 viro
2257 4521 2517 4589 domino
2551 4521 2892 4589 Leonardo
2923 4520 3041 4586 Fa·

796 4641 962 4707 letro
994 4637 1280 4704 Plebano
1312 4634 1534 4699 Sancti
1567 4633 1801 4715 Angeli
1842 4631 1924 4698 de
1955 4631 2280 4716 veneciis,
2311 4630 2668 4698 Morinensi
2703 4637 2767 4695 et
2800 4627 3041 4696 Sibcni·
