3319 5249
1395 425 1525 491 215

328 619 552 687 inclite
586 618 889 687 memorie
919 619 1057 685 iure
1090 619 1489 687 hereditario
1523 619 1864 706 possidere
1887 619 2412 713 dinoscebantur‚
2445 645 2587 692 ven·

329 728 499 795 didit
527 726 808 812 plebano
842 724 1217 813 supradicto
1249 747 1327 793 ac
1356 727 1667 795 fratribus
1723 730 1858 797 suis
1893 751 2011 816 pro
2046 734 2389 817 sexaginta
2420 753 2588 802 mar·

328 839 421 904 cis
474 837 689 903 minus
739 836 945 901 tribus
997 836 1279 920 marcis3
1363 857 1558 919 quam
1618 837 1878 921 quidem
1930 839 2328 908 solucionem
2380 840 2589 909 dictus

336 945 656 1033 plebanus
709 951 775 1010 et
822 943 1058 1010 fratres
1099 943 1384 1009 eiusdem
1426 964 1643 1010 coram
1676 946 1864 1013 nobis
1898 946 2229 1015 antedicto
2259 947 2590 1016 Anthaleo

332 1054 529 1139 plene
581 1060 648 1119 et
684 1053 936 1135 integre
979 1052 1452 1137 persoluerunt.
1500 1053 1871 1138 Assumpsit
1904 1055 2111 1121 eciam
2145 1055 2317 1121 idem
2348 1058 2590 1124 Antha-

331 1162 472 1230 leus
506 1168 569 1227 et
599 1161 773 1227 filius
808 1161 1100 1228 eiusdem
1124 1211 1143 1244 ,
1212 1158 1383 1245 quod
1434 1161 1847 1246 priuilegium
1898 1159 2140 1228 domini
2172 1164 2245 1229 B.
2281 1164 2477 1248 Regis
2527 1173 2593 1232 et

329 1270 545 1336 omnia
572 1269 1036 1356 instrumenta,
1085 1288 1204 1337 nec
1255 1289 1381 1335 non
1423 1275 1486 1336 et
1522 1270 1986 1357 munimenta,
2037 1292 2161 1355 que
2213 1273 2591 1356 supradicta

330 1379 493 1446 villa
523 1377 764 1446 habere
796 1380 1271 1466 dinoscebatur,
1323 1364 1415 1444 ad¹
1440 1398 1671 1445 manus
1713 1378 2029 1466 sepedicti
2062 1381 2328 1465 plebani
2362 1389 2427 1448 et
2460 1382 2588 1448 fra·

332 1495 496 1553 trum
532 1506 791 1553 suorum
823 1490 1201 1554 statuerent.
1270 1486 1339 1551 Si
1389 1506 1519 1569 qua
1570 1506 1726 1554 vero
1762 1507 1891 1552 non
1922 1493 2328 1575 statuerent,
2377 1487 2461 1555 de
2493 1508 2590 1555 ce-

332 1600 464 1662 tero
496 1592 733 1660 nullius
790 1600 1008 1661 essent
1047 1596 1290 1676 vigoris
1344 1603 1406 1660 et
1457 1594 1780 1662 momenti.
1827 1592 2213 1678 Obligarunt
2262 1596 2467 1663 eciam
2520 1614 2592 1662 66

338 1701 530 1786 ijdem
563 1702 931 1767 Anthaleus
986 1709 1050 1768 et
1100 1700 1270 1769 filius
1304 1700 1633 1784 eiusdem,
1686 1708 1757 1767 ut
1809 1703 2180 1785 quicunque
2229 1702 2590 1786 inpulsaret

335 1811 607 1876 eundem
642 1810 989 1895 plebanum
1040 1831 1118 1877 ac
1171 1810 1406 1877 fratres
1443 1810 1734 1878 eiusdem
1769 1829 1961 1896 super
1995 1808 2171 1876 dicta
2201 1808 2590 1893 hereditate,

339 1916 640 2004 expedire
696 1922 1070 1984 tenerentur
1119 1915 1468 1983 secundum
1521 1916 1733 2001 Regni
1787 1916 2321 1985 consuetudinem
2361 1936 2588 2002 appro-

336 2027 569 2091 batam.
636 2026 719 2090 Et
749 2033 819 2092 vt
851 2024 1009 2091 facti
1042 2026 1243 2092 series
1292 2025 1483 2090 robur
1516 2024 1825 2109 optineat,
1880 2023 2095 2090 dictus
2127 2022 2495 2090 Anthaleus
2528 2029 2593 2089 et

336 2135 505 2201 filius
525 2133 813 2201 eiusdem
835 2133 1203 2218 obligarunt
1234 2152 1304 2199 se
1335 2151 1551 2199 coram
1585 2134 1796 2219 nobis,
1836 2131 2286 2217 prenominato
2307 2131 2587 2217 plebano

339 2250 399 2308 et
428 2241 737 2309 fratribus
770 2239 1061 2308 eiusdem
1095 2260 1237 2306 cum
1270 2238 1614 2325 priuilegio
1656 2239 1900 2306 domini
1931 2240 2128 2323 Regis
2164 2238 2590 2305 hereditatem

339 2349 772 2435 supradictam
825 2348 1224 2415 confirmare.
1272 2348 1517 2413 Datum
1572 2365 1747 2412 anno
1779 2344 2038 2412 Domini
2073 2344 2297 2412 M⁰cc⁰
2331 2353 2589 2432 septua-

340 2458 579 2540 gesimo
615 2465 871 2523 octauo.

426 2637 538 2698 (IV.
566 2634 760 2690 Laszlo
787 2633 1081 2702 kiralynak
1111 2637 1331 2686 1281411
1359 2633 1687 2702 1116861ὄείιὸ
1715 2633 2100 2702 okmAnyaboh
2129 2638 2267 2688 mint
2294 2632 2495 2700 alabb.)

1396 3423 1547 3490 152.

348 3643 401 3707 A
431 3646 658 3730 szepeei
688 3644 1137 3730 kdptalarmak
1185 3663 1561 3729 uqyanazon
1611 3642 1861 3706 daddst
1907 3643 2212 3726 tdrqyazd
2243 3643 2378 3706 mdc
2409 3639 2591 3705 loiad-

1222 3755 1454 3835 vdnya.
1507 3749 1701 3815 1278.

548 3946 685 4013 Nos
738 3946 1119 4030 Capitulum*
1164 3943 1453 4013 Ecclesie
1503 3944 1725 4010 Sancti
1775 3943 2039 4010 Martini
2078 3943 2161 4009 de
2191 3943 2434 4030 Scepus
2465 3964 2586 4010 me·

343 4054 537 4122 morie
586 4055 1110 4122 commendantes
1161 4052 1600 4139 significamus
1650 4051 1971 4120 vniuersis
2023 4050 2423 4138 presencium
2473 4072 2590 4137 per

343 4171 623 4230 tenorem
644 4212 663 4247 ,
713 4161 885 4245 quod
941 4160 1243 4228 consituti
1292 4162 1360 4226 in
1409 4159 1618 4227 nostri
1656 4157 1999 4246 presencia
2026 4157 2385 4226 Anthaleus
2416 4159 2589 4224 filius

341 4273 515 4359 Ysyp
546 4289 823 4337 vnacum
858 4269 988 4336 filio
1022 4289 1138 4336 suo
1171 4268 1501 4354 Stephano
1548 4288 1628 4335 ex
1663 4272 1850 4351 parte
1883 4285 2033 4347 una,
2083 4286 2164 4332 ex
2196 4267 2403 4332 altera
2433 4286 2587 4332 uero
2665 4303 2673 4309 -

341 4377 652 4462 Magister
681 4378 962 4445 Jacobus
996 4379 1226 4445 Lector
1257 4376 1548 4443 Ecclesie
1599 4373 1823 4442 Sancti
1876 4374 2140 4440 Martini
2173 4381 2236 4440 et
2266 4374 2590 4441 Plebanus

342 4482 416 4552 de
448 4486 630 4552 Villa
661 4486 898 4552 Latina
927 4504 1204 4552 unacum
1247 4484 1555 4551 fratribus
1590 4483 1727 4551 suis
1755 4505 1770 4566 ;
1817 4481 1989 4549 idem
2022 4481 2388 4550 Anthaleus
2419 4489 2585 4548 retu·

342 4592 413 4658 lit
444 4593 671 4678 nobis,
721 4594 891 4677 quod
941 4594 1169 4661 villam
1223 4612 1403 4660 suam
1455 4588 1747 4673 Rogolch
1779 4596 2078 4655 uocatam
2112 4607 2254 4654 cum
2290 4589 2586 4655 omnibus

342 4700 727 4769 utilitatibus
757 4704 925 4790 suis,
974 4722 1164 4787 quam
1215 4700 1384 4769 idem
1438 4699 1802 4767 Anthaleus
1854 4706 1917 4765 et
1965 4698 2067 4765 sui
2105 4698 2376 4765 heredes
2407 4697 2586 4762 here-
