3319 5249
1756 351 1884 416 278

914 546 987 612 Β.
1039 548 1164 615 Dei
1213 548 1439 632 gracia
1479 547 1617 612 Rex
1648 546 1982 632 Hungarie
2013 548 2134 614 stb.
2185 544 2603 631 (kbvetkezik
2633 548 2742 613 IV.
2777 547 2944 615 Bela

700 655 1056 741 kiralynak
1098 655 1372 724 1264-ki
1408 655 1866 738 szabadalma‚
1926 656 2089 721 mint
2140 655 2700 743 gyfijtemenyunk
2739 655 2941 740 VIII.,

702 764 932 851 vagyis
963 785 1005 831 a
1033 762 1333 831 maeodik
1366 763 1608 849 folyam
1641 763 1759 830 III.
1792 764 2138 829 kbteteben
2172 765 2274 830 93.
2309 758 2382 849 l.)

914 871 1053 939 Nos
1083 872 1305 954 itaque
1334 870 1632 956 precibus
1685 877 1749 937 et
1771 869 2210 957 ‘peticionibus
2239 870 2668 957 predictarum
2701 870 2945 936 monia-

702 981 859 1047 lium
918 977 1363 1045 fauorabiliter
1423 977 1719 1046 inclinati
1793 978 2253 1062 querimoniam
2326 979 2673 1045 earundem
2742 978 2945 1060 Regio

704 1086 1084 1155 admisimus
1115 1107 1256 1154 eum
1288 1085 1527 1172 fauore,
1559 1092 1626 1153 et
1656 1086 1985 1172 predictas
2016 1092 2321 1173 patentes
2354 1088 2610 1154 litteras
2644 1086 2727 1153 de
2745 1086 2945 1151 uerbo

711 1198 795 1265 ad
826 1199 1091 1264 uerbum
1122 1196 1526 1282 presentibus
1559 1196 1839 1263 insertas
1871 1196 2228 1282 patrocinio
2261 1203 2326 1263 et
2354 1195 2707 1263 munimine
2724 1203 2950 1282 paten-

709 1305 878 1371 eium
939 1304 1295 1372 litterarum
1356 1310 1725 1370 nostrarum
1780 1304 2078 1371 duximus
2141 1303 2629 1370 confirmandas
2708 1305 2951 1369 Datum

711 1413 889 1480 Bude
937 1414 1006 1480 in
1055 1412 1396 1479 Dominioa
1447 1413 1679 1480 Letare
1729 1409 1897 1481 anno
1949 1413 2213 1479 Domini
2253 1414 2342 1478 Μο
2374 1412 2501 1479 000
2533 1412 2949 1496 octogesimo.

712 1592 982 1660 (Eredetie
1007 1590 1349 1662 biii-hartyan,
1422 1594 1678 1661 molynek
1718 1592 1966 1660 peesetje
2012 1593 2289 1658 olveszett,
2329 1609 2364 1645 a
2388 1594 2556 1646 budai
2580 1594 2682 1645 kir.
2710 1594 2955 1645 kamarai

1651 1681 2026 1751 leveltarban.)

1771 2314 1923 2383 196.

723 2519 848 2585 IV.
914 2518 1137 2584 Ldszld
1198 2518 1549 2603 kirdlynak
1606 2517 1911 2582 Dobouch
1954 2515 2170 2601 fcildet
2232 2518 2542 2602 tdryyazd
2599 2517 2964 2601 adoma'nya

971 2624 1148 2694 Chalc
1187 2627 1642 2714 nemzetsdqbeli
1679 2627 1976 2691 Pe'ternek
1994 2627 2130 2708 fiai
2157 2632 2472 2692 szdmdra.
2522 2628 2717 2694 1280.

940 2823 1406 2893 Donationales
1454 2823 1653 2907 Regis
1699 2821 1991 2889 Ladislai
2029 2823 2135 2889 IV.
2186 2842 2380 2908 super
2430 2830 2606 2889 terra
2649 2823 2966 2892 Dobouob

729 2938 798 3004 in
836 2933 1153 3003 Comitatu
1205 2934 1543 3016 Posegano
1595 2952 1710 3015 per
1760 2930 2083 2998 defectum
2135 2930 2312 2997 Cheh
2365 2931 2477 3016 filij
2530 2932 2807 3020 Poeina,
2858 2933 2969 3016 qui

730 3045 1001 3111 eandem
1035 3062 1077 3108 a
1106 3042 1318 3109 Maria
1348 3041 1600 3126 Regina
1633 3041 1701 3106 in
1734 3039 2175 3107 concambium
2216 3042 2410 3107 castri
2442 3048 2507 3108 et
2538 3041 2970 3126 possessionis

732 3154 945 3221 Labor
976 3151 1464 3236 impetraverat,
1516 3151 1687 3216 silva
1726 3151 1881 3216 item
1912 3148 2318 3216 Zawaberke
2337 3200 2356 3235 ‚
2407 3156 2470 3215 et
2500 3150 2646 3216 aliis
2680 3149 2969 3217 eiusdem

732 3259 1225 3347 appertinentiis
1276 3280 1393 3345 pro
1444 3257 1721 3325 Nicolao
1742 3310 1758 3342 ‚
1806 3258 2131 3343 Stephano
2186 3265 2250 3324 et
2285 3259 2478 3325 Petro
2512 3259 2664 3325 filiis
2697 3259 2972 3324 condam

733 3368 1054 3437 Dominici
1085 3367 1205 3434 filii
1235 3367 1410 3435 Petri
1441 3367 1522 3433 de
1554 3386 1792 3450 genere
1824 3363 2030 3451 chak,
2084 3369 2497 3452 ipsorumque
2528 3365 2872 3434 heredibus
2908 3373 2972 3432 et

730 3477 1037 3545 heredum
1072 3475 1581 3562 suecessoribus,
1621 3495 1766 3541 cum
1798 3475 2150 3542 insertione
2181 3482 2499 3541 metarum
2532 3477 2652 3542 sub
2685 3474 2973 3562 dupplici

734 3586 954 3672 sigillo
977 3585 1309 3670 elargitae.
1360 3586 1493 3652 Sub
1531 3584 1921 3652 authentica.

739 3770 808 3838 (A
833 3770 997 3823 buda-i
1034 3770 1136 3821 kir.
1183 3769 1427 3820 kamarai
1472 3763 1700 3819 leveltar
1743 3765 2350 3831 lajstromkonyveibtih
2392 3781 2455 3817 az
2498 3762 2732 3832 okmany
2776 3764 2980 3816 eredeti

1412 3855 1685 3925 poldanya
1732 3854 2016 3924 zagrabba
2038 3854 2297 3922 vitetett.)
