3319 5249
1848 305 1983 371 464

769 524 995 591 parere
1015 501 1268 586 judicio
1317 499 1689 601 nullatcnus
1722 507 2081 583 teneantur,
2118 499 2290 566 idem
2341 500 2573 568 Comes
2626 500 2869 585 fecerit,
2924 502 3037 567 uel

769 612 1126 679 decreuerit
1145 609 1505 694 Judicando
1526 659 1542 692 ,
1579 629 1835 676 cassum
1872 610 2129 693 penitus
2160 615 2225 673 et
2257 608 2508 674 irritum
2541 609 2911 692 habeatur;
2970 617 3038 674 et

770 727 950 787 actor
982 739 1095 787 seu
1129 718 1558 802 aduersarius,
1609 719 1720 801 qui
1770 717 1973 783 citare
2023 717 2178 785 fecit
2226 717 2508 803 eosdem,
2561 740 2605 784 a
2652 737 2777 785 sua
2828 716 3033 783 cadat
3151 729 3156 732 ’

650 898 661 917 Ι
769 827 1027 914 penitus
1058 828 1344 894 accione.
1377 826 1515 893 Nec
1550 826 1758 892 eciam
1811 825 1999 891 huius
2050 826 2250 893 nostri
2302 826 2730 910 priuilegialis
2785 826 3039 891 indulti

776 937 1098 1021 quesitum
1151 936 1220 1000 in
1281 934 1575 1000 fraudem
1640 935 2041 1000 reconueniri
2104 935 2357 1020 possint
2389 941 2454 1001 et
2515 934 2798 1000 debeant
2859 932 3032 1000 dicte

774 1047 1013 1112 Sancte
1048 1042 1514 1125 Strigoniensis
1549 1042 1843 1109 Ecclesie
1886 1041 2279 1125 jobagiones
2331 1042 2489 1108 ville
2540 1042 2855 1128 predicte,
2913 1062 3030 1107 nec

782 1151 1190 1217 fideiussores
1225 1156 1529 1235 prestare.
1571 1136 1905 1235 cogantur,
1956 1163 2026 1216 nt
2067 1150 2502 1234 respondeant
2549 1149 3040 1217 reconuenicnti

776 1279 994 1324 coram
1027 1257 1343 1323 Huntensi
1378 1255 1665 1344 comite,
1693 1248 1698 1255 ⁴
1732 1260 1835 1323 ucl
1870 1258 2026 1342 alijs
2054 1257 2095 1323 J
2103 1257 2418 1337 udicibus,
2457 1257 2524 1323 in
2576 1277 2854 1340 quorum
2887 1277 3034 1342 pre-

776 1366 999 1432 sencia
1031 1365 1157 1451 ipsi
1223 1365 1449 1430 villani
1501 1363 1580 1431 de
1610 1363 1935 1431 Zebheleb
1968 1371 2236 1448 urgente
2290 1366 2674 1433 necessitate
2709 1364 3030 1450 compulsi

768 1473 1101 1556 justiciam
1158 1471 1620 1558 consequendi,
1655 1472 2000 1538 conuenire
2049 1472 2214 1539 alios
2253 1472 2548 1539 forsitam
2593 1470 2730 1539 suis
2785 1472 3034 1537 vicibus

782 1580 1295 1664 compelluntur,
1331 1579 1502 1663 quin,
1534 1580 1702 1647 sicut
1736 1581 2036 1646 nolumus
2102 1580 2308 1646 dictos
2364 1579 2750 1666 jobagiones
2817 1586 3037 1645 nostre

781 1691 1016 1754 Sancte
1047 1687 1504 1771 Strigonieusis
1538 1687 1830 1754 Ecclesie
1862 1708 2079 1755 coram
2119 1688 2277 1774 alijs
2314 1688 2519 1771 chni
2553 1687 2758 1754 nostri
2792 1685 3034 1753 Jndici·

778 1798 898 1863 bus
931 1815 1046 1861 seu
1097 1797 1590 1877 quibuscunque
1643 1794 2004 1861 Comitibus
2068 1795 2443 1880 conueniri;
2497 1798 2593 1862 sic
2622 1796 2831 1861 eciam
2864 1797 3036 1880 ipsos

776 1901 1140 1987 sepedictos
1174 1902 1470 1967 Ecclesie
1506 1907 1723 1966 nostre
1762 1902 2158 1985 jobagioncs
2210 1902 2291 1969 de
2321 1902 2647 1969 Zebhcleb
2687 1924 2810 1968 nec
2839 1922 3032 1985 agen-

779 2019 874 2079 tes
906 2018 1134 2077 contra
1165 2010 1335 2075 alios
1366 2009 1406 2075 J
1413 2008 1606 2093 udicij
1643 2009 1711 2073 in
1745 2011 1967 2092 figura,
1999 2010 2063 2074 in
2097 2010 2401 2095 ipsorum,
2436 2010 2702 2077 Comitis
2733 2010 3038 2078 videlicet

778 2117 1138 2183 Huntensis
1173 2122 1236 2182 et
1280 2116 1557 2183 aliorum
1613 2118 1956 2201 presencia
2003 2137 2534 2202 quorumcunque
2568 2119 2910 2202 Comitum,
2944 2138 3036 2183 re-

779 2225 1107 2292 con'ueniri
1139 2225 1585 2312 permittimus,
1617 2228 2002 2292 auctoritate
2033 2228 2440 2311 presencium
2473 2246 2690 2293 coram
2721 2224 2927 2310 ipsis3
2961 2245 3039 2291 ne

780 2341 999 2400 nostre
1031 2343 1164 2400 tam
1195 2332 1615 2401 iustissimum
1636 2384 1654 2417 ,
1704 2341 1969 2416 tamque
1999 2334 2490 2401 deuotissimum
2520 2334 2908 2402 Serenitatis
2943 2334 3032 2398 in-

779 2440 1025 2508 dultum
1061 2440 1496 2527 priuilegium,
1528 2440 1736 2507 multa
1761 2448 2123 2508 nostrorum
2176 2442 2515 2526 Baronum,
2547 2461 2628 2508 ac
2657 2442 3027 2510 sublimium

789 2550 1191 2633 Optimatum
1223 2549 1434 2633 Regni
1465 2548 1692 2628 nostri,
1721 2568 1834 2616 sen
1883 2550 2229 2616 Procerum
2263 2549 2542 2617 consilio
2574 2550 2922 2617 maturiore
2942 2548 3040 2613 de·

785 2663 1052 2743 cretum,
1107 2659 1278 2741 quod
1311 2657 1748 2725 firmissimum
1799 2678 1943 2726 esse
1993 2649 2299 2726 volumus
2327 2658 2498 2725 omni
2532 2678 2669 2743 euo,
2704 2659 2924 2725 saltim
2956 2663 3041 2722 ta-

783 2763 937 2832 liter
966 2763 1274 2833 indirecte
1308 2767 1531 2834 ualeat
1561 2766 1883 2834 lacesciri.
1933 2765 2301 2834 Adiicimus
2334 2764 2541 2833 eciam
2573 2765 2891 2852 presentis
2942 2785 3042 2830 no·

785 2873 902 2940 stri
952 2873 1280 2959 priuilegij
1349 2894 1465 2958 per
1515 2880 1802 2940 tenorem
1822 2924 1841 2959 ‚
1899 2872 2072 2956 quod
2131 2874 2349 2941 nullus
2414 2892 2685 2959 prorsus
2719 2874 3038 2939 Baronum

786 2981 992 3066 Regni
1022 2980 1248 3068 nostri,
1285 2980 1596 3049 videlicet
1625 3001 1748 3050 nec
1777 2986 2000 3048 noster
2032 2981 2259 3048 Comes
2297 2979 2656 3065 Palatinus,
2674 3000 2794 3048 nec
2826 2980 2866 3046 J
2873 2979 3040 3047 udex

666 3122 669 3124 >
784 3088 980 3155 Cui-ie
1016 3094 1255 3174 nostre,
1290 3108 1410 3156 ncc
1430 3088 1740 3173 Magister
1759 3087 2336 3171 Thanarnicorum‚
2370 3106 2491 3154 nec
2523 3087 2847 3172 quispiam
2870 3085 3038 3153 alius

785 3196 1094 3265 nobilium
1126 3195 1338 3279 Regni
1370 3195 1596 3276 nostri,
1615 3214 2001 3279 quacunque
2024 3195 2392 3280 prefulgeat
2412 3195 2758 3280 dignitate,
2782 3194 3038 3260 descen-

740 3325 747 3332 2
784 3323 927 3370 sum
959 3322 1146 3369 suum
1180 3308 1628 3388 presumpmat
1679 3300 1898 3369 facere
1960 3322 2159 3388 super
2193 3300 2421 3369 villam
2486 3301 2764 3368 eandem
2793 3301 3039 3368 Zebhe·

783 3412 890 3477 leb
921 3408 1355 3495 sepedictam3
1386 3410 1555 3494 quod
1592 3409 1647 3476 si
1669 3409 1961 3494 quisquis
1991 3418 2216 3478 contra
2238 3409 2363 3478 hoc
2390 3419 2681 3476 nostrum
2713 3406 3039 3474 indultum

786 3517 1009 3585 venire
1042 3516 1544 3603 presumpserit,
1580 3536 1728 3584 reus
1779 3516 1919 3583 dati
1968 3515 2237 3603 dampni
2287 3516 2525 3585 Sancte
2574 3515 3042 3600 strigoniensis

786 3625 1079 3692 Ecclesie
1112 3644 1189 3691 eo
1221 3623 1382 3708 ipso,
1415 3624 1587 3707 quod
1622 3625 2004 3693 descensum
2039 3628 2109 3692 in
2141 3624 2319 3691 dicta
2376 3623 2539 3690 villa
2587 3622 2838 3708 fecerit,
2874 3644 3039 3690 com-

787 3733 1058 3817 probato
1095 3751 1217 3817 per
1248 3732 1469 3799 omnia
1499 3731 1587 3797 ad
1617 3731 2048 3800 iuramentum
2090 3731 2341 3800 Judicis
2374 3751 2453 3797 ac
2484 3737 2760 3817 quatuor
2790 3731 3043 3797 Jurato·

786 3861 928 3906 rum
963 3840 1131 3908 dicte
1162 3839 1342 3927 ville,
1376 3847 1710 3923 tamquam
1743 3841 1800 3910 si
1850 3842 2003 3927 alijs
2054 3838 2391 3924 legittimis
2424 3837 2936 3924 probaciouibus
2965 3835 3041 3903 de

785 3948 1254 4017 consuetudine
1285 3949 1493 4032 Regni
1525 3949 1731 4017 nostri
1763 3951 2101 4017 conuictus
2135 3947 2454 4030 extiterit,
2516 3946 2843 4031 puniatur.
2908 3946 3041 4012 Hoc

784 4057 962 4125 idem
996 4056 1275 4124 dicimus
1310 4056 1393 4125 de
1442 4056 1845 4143 predonibus
1907 4063 1974 4126 et
2004 4056 2366 4124 latronibus
2398 4053 2608 4138 Regni
2667 4053 2898 4138 nostri,
2931 4052 3039 4138 qui

793 4164 1036 4232 dictam
1067 4165 1299 4231 villam
1332 4164 1732 4232 offenderent
1782 4165 2150 4252 spoliando,
2211 4166 2318 4232 uel
2351 4162 2606 4247 aliquos
2625 4160 3036 4246 jobagiones,

793 4281 907 4342 aut
937 4272 1218 4357 aliquem
1250 4273 1407 4340 ville
1440 4272 1728 4342 eiusdem
1761 4280 2223 4357 commeantes,
2257 4280 2374 4340 aut
2404 4277 2822 4339 transeuntes
2851 4289 3041 4355 nego·

787 4378 1102 4449 ciacionis
1134 4399 1252 4447 sue
1283 4398 1403 4464 pro
1425 4400 1645 4467 causa,
1664 4401 1783 4466 per
1813 4383 2024 4464 Regni
2051 4380 2257 4450 nostri
2287 4379 2541 4464 itinera,
2600 4377 2875 4448 forsitan
2906 4399 3042 4464 spo·

796 4489 1065 4556 liarent:
1102 4507 1325 4555 verum
1358 4487 1467 4555 ubi
1498 4489 1789 4575 dampna
1820 4489 2072 4558 maiora
2108 4489 2554 4574 infligerentur
2584 4487 2700 4552 toti
2733 4487 2912 4574 ville,
2935 4492 3044 4553 aut

799 4595 1126 4684 aliquibus
1158 4595 1586 4682 villanorum3
1620 4602 1774 4664 tunc
1806 4596 2046 4665 Sancte
2095 4595 2566 4681 strigoniensis
2598 4592 2895 4663 Ecclesie
2921 4595 3041 4661 De·
