3319 5249
1796 381 1924 450 356
2002 475 2011 480 θ

737 584 1126 673 Hospitalis,
1160 592 1224 652 et
1256 590 1488 671 castro,
1524 583 1708 667 turri,
1741 600 1818 647 ac
1849 578 2145 647 domibus
2178 578 2789 667 Arcbiepiscopatus
2818 579 2971 647 Stri-

734 693 1063 782 goniensis
1095 693 1162 761 in
1195 690 1418 761 eadem
1448 691 1669 759 insula
1699 687 2087 771 constitutis,
2128 709 2269 756 cum
2302 688 2519 773 muris,
2551 686 2760 775 terris,
2791 685 2970 754 habi·

733 804 1054 873 tatoribus
1084 802 1489 890 presentibus
1521 807 1586 868 et
1634 799 1902 883 futuris,
1960 818 2039 865 ac
2071 797 2223 865 aliis
2256 796 2645 865 vtilitatibus
2664 848 2682 881 ,
2717 794 2970 878 damus,

742 912 1059 980 donamus
1104 916 1170 977 et
1217 909 1634 980 concedimus
1684 908 1943 977 domine
1977 905 2337 994 Elysabeth
2387 905 2736 973 karissime
2766 902 2973 972 sorori

740 1027 983 1108 nostre,
1014 1038 1095 1085 ac
1125 1019 1420 1087 omnibus
1473 1015 1876 1101 dominabus,
1910 1014 2237 1084 sororibus
2272 1011 2568 1082 videlicet
2594 1013 2970 1101 Monasterij

734 1128 939 1197 Beate
973 1127 1261 1213 Virginis
1289 1128 1359 1195 in
1391 1126 1622 1195 eadem
1653 1125 1871 1192 insula
1918 1123 2154 1208 iugiter
2188 1122 2332 1189 Deo
2380 1120 2864 1210 famulantibus,
2909 1130 2977 1190 et

736 1236 1125 1305 Monasterio
1153 1233 1547 1322 supradicto,
1579 1239 1891 1321 perpetuo
1922 1239 1988 1298 et
2015 1229 2539 1299 inreuocabiliter
2556 1229 2974 1317 possidenda.

736 1344 1040 1413 Volentes
1071 1351 1135 1413 et
1155 1343 1602 1427 concedentes,
1626 1341 1800 1427 quod
1826 1361 1867 1407 a
1899 1337 2085 1408 modo
2107 1346 2237 1407 tam
2270 1340 2481 1426 ipsum
2512 1339 2973 1407 Monasterium

737 1453 1027 1540 Virginis
1056 1454 1452 1539 intemerate,
1505 1471 1701 1537 quam
1753 1449 2056 1519 vniuerse
2104 1469 2357 1517 sorores
2388 1449 2456 1515 in
2504 1449 2733 1518 eodem
2765 1449 2970 1517 felici·

736 1568 837 1630 ter
868 1562 1175 1647 degentes
1193 1611 1214 1647 ,
1274 1560 1633 1629 collacione
1665 1558 1858 1625 huius
1890 1556 2101 1625 insule
2153 1576 2267 1644 per
2298 1576 2418 1624 nos
2448 1557 2754 1641 regaliter
2782 1557 2977 1644 faeta,

737 1691 965 1742 secure
995 1678 1059 1738 et
1087 1669 1342 1738 illibate
1391 1665 1720 1754 gaudeant
1772 1675 1836 1735 et
1868 1666 2203 1754 fruantur3
2256 1687 2385 1734 non
2434 1666 2841 1735 obstantibus
2874 1667 2974 1733 lit—

737 1779 894 1848 teris
925 1797 1042 1847 seu
1075 1777 1229 1864 aliis
1260 1774 1694 1845 instrumentis
1714 1825 1733 1860 ,
1764 1773 1823 1842 si
1854 1794 1979 1858 que
2014 1780 2149 1841 tam
2179 1771 2701 1860 predecessorum
2731 1781 2975 1843 nostro-

738 1909 880 1956 rum
927 1886 1272 1955 illustrium
1321 1886 1567 1970 Regum
1617 1882 1953 1969 Hungarie
1972 1935 1993 1972 ,
2047 1903 2242 1966 quam
2292 1883 2530 1951 nostris
2581 1884 2975 1972 temporibus

739 1995 1213 2082 quomodolibet
1243 1999 1710 2081 processerunt,
1764 1994 1871 2060 vel
1906 1993 1973 2059 in
2003 1998 2330 2079 posterum
2380 2001 2774 2077 emanarent,
2806 2013 2971 2078 quas

743 2113 808 2174 et
836 2124 960 2189 que
1012 2103 1393 2173 auctoritate
1423 2104 1829 2190 presencium
1849 2152 1869 2189 ,
1904 2121 1988 2169 ne
2017 2101 2330 2187 premisse
2379 2102 2726 2170 collacioni
2759 2107 2976 2170 nostre

742 2212 1162 2302 preiudicium
1194 2217 1506 2297 generent
1535 2212 1640 2278 vel
1673 2229 2051 2298 grauamen,
2092 2230 2489 2297 reuocamus,
2523 2230 2876 2298 cassamus,
2909 2218 2976 2278 et

742 2323 986 2409 pariter
1015 2319 1359 2388 irritamus.
1389 2320 1552 2386 Item
1585 2339 1807 2387 omnes
1860 2319 2295 2388 alienaciones
2365 2340 2559 2407 super
2589 2329 2775 2405 parte
2806 2319 2981 2388 dicte

742 2430 953 2498 insule
983 2448 1238 2514 quoquo
1269 2428 1458 2496 modo
1487 2426 1698 2495 factas
1716 2480 1737 2515 ,
1791 2427 1932 2496 siue
1956 2447 2072 2514 per
2116 2428 2375 2496 modum
2407 2428 2791 2497 donacionis
2821 2430 2973 2497 sim·

741 2537 954 2626 plicis,
983 2545 1099 2606 aut
1127 2534 1543 2622 vendicionis,
1578 2538 1685 2604 vel
1741 2536 2212 2623 conposicionis
2245 2537 2603 2623 cuicunque
2633 2539 2979 2607 communi-

743 2651 872 2720 cati
907 2646 1099 2740 (igy),
1147 2650 1252 2716 uel
1301 2667 1576 2736 persone
1622 2648 1881 2734 priuate
1933 2668 1974 2714 a
2005 2667 2395 2734 quocunque
2426 2646 2572 2737 (igy
2604 2650 2979 2736 „cuiuscun-

744 2756 907 2843 que“
946 2756 1219 2846 helyett)
1251 2757 1653 2825 auctoritatis
1688 2758 1942 2825 homine
1987 2757 2128 2825 siue
2156 2758 2239 2826 ab
2272 2759 2434 2845 ipsis
2465 2760 2787 2828 sororibus
2821 2760 2979 2827 dicti

739 2866 1122 2952 Monasterij
1160 2868 1361 2934 Beate
1393 2865 1719 2953 Virginis,
1771 2885 1884 2933 seu
1934 2887 1976 2932 a
2007 2866 2224 2936 Priore
2275 2868 2679 2961 Prouipciali
2711 2866 2976 2936 Ordinis

738 2973 1038 3044 Fratrum
1065 2974 1567 3060 Predicatorum‚
1596 2975 1800 3042 eciam
1820 2993 1965 3042 cum
1986 2975 2219 3043 litteris
2250 2983 2315 3044 et
2337 2977 2780 3046 instrumentis
2810 2977 2987 3064 ipsa·

741 3102 878 3150 rum
911 3103 1199 3152 sororum
1232 3088 1294 3161 et
1313 3083 1521 3169 ipsius
1545 3083 1786 3151 Prioris
1817 3083 2244 3154 Prouincialis
2263 3086 2548 3170 firmatis,
2582 3106 2978 3172 reuoeamus,

741 3210 1099 3279 cassamus,
1132 3198 1198 3260 et
1227 3191 1444 3260 irritas
1492 3210 1634 3260 esse
1685 3190 2188 3279 denunciamus3
2235 3215 2379 3261 cum
2426 3195 2792 3263 huiusmodi
2821 3195 2983 3264 alie·

742 3301 1047 3370 naciones
1079 3300 1222 3368 sine
1266 3308 1489 3369 nostra
1520 3302 1910 3368 auctoritate
1972 3307 2036 3368 et
2059 3302 2488 3389 ‚beneplacito
2538 3306 2679 3373 fieri
2712 3323 2840 3370 non
2878 3303 2981 3373 de·

743 3412 937 3478 beant
983 3429 1191 3495 neque
1239 3411 1507 3496 possint.
1567 3409 1646 3477 In
1677 3409 1861 3478 cuius
1912 3409 2007 3478 rei
2049 3412 2427 3480 memoriam
2477 3421 2982 3500 perpetuamque

742 3516 1106 3586 firmitatem
1135 3526 1470 3605 presentes
1490 3518 1923 3587 concessimus
1943 3518 2199 3587 litteras
2230 3520 2511 3608 duplicis
2537 3523 2739 3607 sigilli
2771 3524 2978 3591 nostri

741 3625 1094 3694 munimine
1122 3625 1476 3695 roboratas.
1509 3627 1750 3695 Datum
1781 3646 1897 3712 per
1943 3647 2175 3695 manus
2207 3627 2470 3698 discreti
2502 3631 2620 3699 viri
2652 3631 2977 3717 Prepositi

737 3732 1093 3822 Scipiensis
1116 3734 1413 3821 Magistri
1462 3734 1899 3804 Bartholomei
1947 3737 2099 3806 aule
2146 3745 2363 3806 nostre
2395 3738 2554 3805 Vice
2585 3738 2976 3826 cancellarij

741 3840 966 3912 dilecti
1011 3850 1077 3912 et
1124 3843 1337 3912 fidelis
1387 3844 1626 3932 nostri,
1695 3865 1870 3914 anno
1928 3845 2192 3914 Domini
2252 3848 2342 3915 Μ’
2365 3847 2493 3916 00⁰
2543 3847 2979 3934 octuagesimo

736 3951 957 4022 tercio.

738 4150 1017 4219 (Er-edetis
1039 4149 1388 4221 bdrbkrtyfim
1415 4155 1643 4224 melyrssl
1669 4170 1704 4209 a
1738 4154 1918 4235 kiraly
1943 4157 2123 4210 kettos
2144 4154 2493 4226 peesetjenek
2515 4157 2773 4213 wredeke
2800 4165 2982 4214 veros·

906 4238 1064 4311 uirga
1088 4243 1549 4312 selyemzsindron
1572 4249 1724 4316 mm,
1751 4262 1787 4298 a
1811 4247 1981 4301 budai
2005 4248 2113 4300 kir.
2140 4248 2390 4301 kamarai
2413 4246 2798 4319 levsltirban)

1676 4482 1775 4492 ..n-a·—
1800 4486 1813 4492 .-
1834 4486 1860 4491 ,μ
1933 4483 1961 4489 —r
1992 4484 2075 4492 --.-=
