3319 5249
1800 293 1930 362 312

1786 928 1938 996 223.

753 1141 808 1207 A
841 1148 1033 1230 qyb'ri
1065 1145 1505 1230 Icciptalannak
1538 1145 2079 1230 bizonysa'ylevele,
2116 1149 2278 1232 hoyy
2308 1148 2514 1212 Jcinos
2548 1150 2750 1214 »nidor
2795 1149 2982 1214 Chdk

748 1276 942 1318 comes
971 1252 1210 1334 flaival
1258 1253 1551 1340 bizonyos
1599 1254 2067 1338 birtokj09c1k1·a
2119 1257 2307 1317 ne'zve
2336 1256 2742 1340 eyyezkedett.
2778 1255 2979 1320 1281.

964 1467 1330 1553 Capitulum
1364 1467 1723 1535 Jauriensis
1755 1467 2047 1534 Ecclesie
2087 1469 2379 1535 omnibus
2412 1471 2652 1537 Christi
2683 1468 2982 1537 fidelibus

749 1583 1079 1662 presentes
1111 1574 1362 1640 litteras
1397 1574 1776 1661 inspecturis
1808 1575 2079 1641 salutem
2112 1575 2179 1639 in
2201 1577 2477 1645 Domino
2498 1578 2979 1664 sempiternam.

750 1681 850 1750 Ad
900 1684 1341 1750 vniuersorum
1392 1683 1695 1749 noticiam
1745 1691 1961 1750 tenore
1996 1684 2398 1769 presencium
2429 1687 2726 1753 volumus
2757 1702 2981 1770 perue-

752 1791 927 1877 nire3
965 1791 1134 1876 quod
1168 1791 1401 1858 nobilis
1433 1791 1530 1857 vir
1561 1792 1885 1859 Johannes
1920 1794 2256 1861 Palatinus
2287 1795 2460 1861 filius
2486 1793 2804 1878 quondam
2827 1793 2984 1858 Her·

751 1901 865 1969 rici
917 1901 1100 1988 Bani,
1152 1922 1268 1988 pro
1320 1920 1388 1967 se
1440 1907 1503 1968 et
1531 1923 1645 1986 pro
1681 1899 1988 1967 fratribus
2021 1901 2156 1968 suis
2186 1902 2345 1968 viris
2379 1903 2735 1986 Magnificis
2767 1922 2984 1969 coram

751 2011 940 2077 nobis
971 2012 1355 2076 constitutus
1387 2011 1721 2094 proposuit
1752 2010 2139 2092 asserendo;
2175 2008 2345 2093 quod
2380 2009 2530 2078 licet
2562 2030 2675 2096 per
2707 2029 2981 2093 quorun·

751 2118 895 2184 dam
931 2118 1412 2202 suggestionem
1448 2123 1509 2182 et
1543 2118 1750 2183 minus
1783 2118 2019 2183 iustam
2053 2117 2496 2184 induccionem
2528 2117 2985 2185 intromisisset

750 2247 820 2293 se
872 2225 952 2291 de
1001 2225 1512 2311 possessionibus
1549 2225 1901 2312 Hydegsed
1934 2234 1998 2291 et
2027 2226 2269 2310 Honky
2302 2226 2571 2311 vocatiS,
2606 2246 2767 2310 quas
2796 2226 2983 2291 Nico·

749 2336 944 2421 laum,
996 2333 1216 2400 Buzad
1267 2341 1329 2399 et
1361 2331 1728 2401 Feldricum
1762 2333 1928 2400 filios
1962 2333 2283 2418 quondam
2319 2333 2500 2400 Chak
2536 2333 2699 2399 Bani
2733 2332 2986 2400 intelle·

750 2443 953 2510 xisset
1004 2445 1332 2527 Gregorio,
1386 2444 1642 2509 Andree
1675 2443 1830 2528 filijs
1864 2442 2129 2508 Comitis
2161 2444 2331 2508 Petri
2369 2442 2447 2508 de
2481 2463 2717 2527 genere
2749 2440 2886 2528 Osl,
2920 2448 2988 2508 et

754 2552 1045 2618 Dionisio
1108 2551 1240 2617 filio
1303 2551 1734 2617 Bartholomei
1808 2552 2160 2617 Comitibus
2226 2572 2337 2636 pro
2401 2551 2692 2617 ducentis
2751 2549 2986 2615 marcis

755 2660 1008 2745 pignori
1062 2661 1408 2748 obligasse,
1462 2661 1727 2727 credens
1779 2661 1903 2725 sibi
1938 2666 2001 2725 et
2033 2660 2341 2726 fratribus
2372 2661 2504 2726 suis
2537 2661 2801 2727 racione
2833 2659 2983 2725 vici·

751 2769 977 2835 nitatis
1010 2769 1115 2834 uel
1146 2768 1417 2835 alicuius
1452 2777 1774 2852 respectus
1808 2769 2016 2849 magis
2051 2772 2409 2852 competere
2427 2788 2617 2849 quam
2642 2766 2982 2853 predictis:

751 2876 1033 2959 gestiens
1066 2883 1281 2942 tamen
1319 2876 1626 2961 amplecti
1658 2875 1995 2961 iusticiam,
2048 2873 2531 2958 formidansque
2563 2872 2982 2958 preiudicium

753 2985 951 3051 alicui
1000 3003 1346 3067 generare,
1396 2984 1690 3068 diligenti
1745 2983 2250 3067 inuestigacioue
2300 2983 2749 3070 comperisset,
2801 3004 2873 3051 se
2924 2990 2987 3050 et

752 3093 984 3158 fratres
1017 3113 1168 3158 suos
1202 3092 1386 3158 dictis
1421 3090 1938 3175 possessionibus
1972 3090 2236 3174 aliquod
2270 3091 2368 3157 ius
2401 3112 2527 3157 non
2560 3092 2814 3159 habere.
2851 3090 2981 3158 Sed

753 3203 904 3285 quia
952 3222 1143 3287 super
1195 3200 1434 3267 eisdem
1490 3199 2004 3284 possessionibus
2056 3198 2210 3265 dicti
2262 3200 2376 3285 filij
2433 3199 2618 3265 Chak
2653 3200 2985 3267 uenientes

751 3318 978 3376 contra
1009 3310 1283 3376 formam
1315 3308 1866 3395 inpignoracionis
1899 3308 2206 3393 ipsorum,
2232 3308 2750 3393 mediotempore
2768 3327 2986 3375 coram

752 3418 1050 3504 Capitulo
1099 3417 1344 3502 Ferrey
1395 3416 1602 3484 Castri
1656 3438 1798 3482 cum
1849 3418 1991 3501 ipso
2043 3415 2336 3481 clanculo
2389 3422 2784 3481 contractum
2816 3416 2982 3483 cele·

749 3527 1116 3606 brauerunt,
1169 3535 1231 3592 et
1281 3527 1346 3590 in
1396 3526 1533 3612 ipso
1568 3533 1899 3591 contractu
1933 3532 2181 3592 centum
2217 3543 2466 3591 marcas
2500 3525 2784 3592 soluaret
2815 3522 2988 3614 (igy)

751 3635 905 3719 filijs
956 3634 1142 3701 Chak
1192 3636 1392 3718 Bani3
1446 3637 1526 3701 de
1577 3636 1809 3719 quibus
1859 3640 2110 3701 centum
2163 3633 2398 3700 marcis
2433 3654 2548 3718 per
2581 3634 2987 3718 Gregorium,

752 3743 1080 3810 Andream
1135 3752 1197 3811 et
1229 3744 1612 3829 Dyonisium
1646 3740 1947 3830 Comites,
1982 3742 2237 3809 nomine
2268 3741 2539 3809 filiorum
2574 3740 2766 3807 Chak
2794 3741 2985 3827 Bani,

753 3853 863 3935 qui
913 3852 1338 3938 personaliter
1387 3864 1900 3939 comparuerunt,
1953 3851 2077 3937 ipsi
2128 3849 2411 3919 Johanni
2460 3851 2762 3918 Palatino
2795 3851 2986 3916 satis-

753 3961 991 4027 factum
1044 3968 1141 4026 est
1171 3981 1385 4027 coram
1421 3960 1622 4043 nobis,
1661 3960 1784 4025 hac
1817 3959 2087 4044 racione,
2125 3960 2430 4043 quoniam
2464 3959 2531 4024 in
2565 3958 2984 4025 estimacione

753 4069 932 4137 facta
980 4071 1046 4134 in
1097 4069 1611 4155 possessionibus
1663 4066 2012 4154 Hydegsed
2045 4077 2109 4135 et
2138 4068 2383 4153 Honky
2412 4069 2659 4135 vocatis
2691 4085 2986 4134 excreue-

749 4186 896 4244 rant
944 4184 1195 4245 centum
1245 4199 1458 4246 marce
1508 4199 1706 4266 supra
1757 4178 2063 4245 ducentas
2107 4198 2359 4244 marcas
2389 4177 2644 4245 habitas
2676 4197 2792 4264 per
2820 4177 2991 4245 filios

756 4290 938 4356 Chak
970 4290 1132 4354 Bani
1167 4309 1248 4354 eo
1275 4294 1578 4373 tempore,
1614 4309 1738 4372 quo
1773 4287 2104 4371 Gregorio,
2137 4287 2400 4354 Andree
2432 4293 2497 4355 et
2529 4285 2843 4373 Dyonisio
2868 4286 2988 4353 Go-

754 4397 1017 4463 mitibus
1068 4395 1372 4482 predictis
1415 4395 1669 4481 pignori
1702 4396 2089 4482 obligarant,
2123 4414 2244 4481 pro
2277 4396 2507 4479 quibus
2539 4402 2787 4463 centum
2820 4414 2985 4461 mar·

756 4505 852 4573 cis
884 4503 1204 4587 quandam
1236 4504 1706 4590 possessionem
1740 4503 1975 4591 prefati
2008 4502 2280 4572 Comitis
2331 4504 2590 4572 Andree
2640 4503 2758 4587 filij
2808 4502 2986 4570 Petri

758 4611 1068 4687 antedicti
1095 4611 1575 4686 Nemethboron
1604 4619 1900 4683 vocatam
1933 4632 2078 4686 cum
2111 4612 2316 4687 tercia
2346 4618 2533 4706 parte
2553 4611 2717 4687 silue
2731 4612 2988 4704 Mogor-
