3319 5249
1396 297 1528 365 309

343 493 573 561 statem
618 491 886 580 Regiam
935 491 1042 561 nel
1090 491 1470 581 Reginalem
1514 491 1825 582 expedire
1871 514 2000 560 non
2048 496 2362 581 tenentur,
2397 491 2570 560 sicut

344 601 554 670 extitit
583 605 749 671 inter
794 610 1015 691 partes
1065 602 1450 670 ordinatum.
1482 605 1648 670 Mete
1681 609 1893 669 autem
1928 601 2212 670 eiusdem
2246 609 2411 668 terre
2432 603 2568 669 Mu-

338 730 554 798 nur08‚
614 719 806 798 prout
863 713 931 778 in
990 712 1336 799 priuilegio
1400 711 1656 777 domine
1718 711 1967 794 Regine
2022 709 2224 776 Marie
2283 709 2569 797 predicto

337 818 759 909 inspeximus,
793 820 915 889 hoc
945 821 1171 889 ordine
1204 819 1654 904 distinguntur,
1687 817 1860 905 quod
1890 818 2099 906 prima
2125 818 2385 885 illarum
2417 820 2570 888 inci·

333 927 428 1012 pit
456 930 545 995 ab
575 930 827 998 oriente
855 930 1037 996 iuxta
1069 935 1305 995 terram
1338 929 1492 994 ville
1524 928 1722 1013 Tach,
1758 933 1823 995 et
1851 927 2035 994 iuxta
2064 927 2250 994 illam
2274 946 2417 994 cum
2439 948 2570 994 cer·

328 1034 408 1101 tis
461 1038 653 1105 metis
702 1036 983 1121 antiquis
1032 1037 1240 1104 tendit
1291 1057 1514 1103 uersus
1565 1035 1899 1102 meridiem
1951 1055 2155 1120 usque
2203 1035 2292 1102 ad
2323 1042 2558 1103 terram

327 1145 602 1230 Epsceu‚
653 1145 762 1212 ubi
821 1152 971 1213 sunt
1018 1147 1146 1213 due
1196 1151 1363 1212 mete
1423 1147 1811 1229 angulares;
1883 1143 2034 1210 inde
2085 1143 2271 1210 iuxta
2317 1140 2561 1210 terrani

326 1253 582 1337 Epsceu
639 1254 844 1320 tendit
889 1275 931 1321 a
979 1261 1165 1339 parte
1239 1253 1643 1319 meridionali
1709 1271 1851 1317 cum
1924 1253 2112 1318 metis
2160 1236 2564 1336 interpositis

323 1379 532 1444 usque
581 1361 669 1426 ad
721 1366 956 1428 terram
985 1363 1214 1448 Beren,
1247 1361 1429 1427 iuxta
1460 1381 1652 1445 quam
1686 1356 2089 1445 procedendo
2136 1380 2363 1426 uersus
2397 1360 2563 1426 occi-

321 1467 583 1535 dentem
634 1467 1036 1552 contignatur
1085 1474 1253 1534 terre
1287 1468 1426 1547 Pel,
1461 1466 1641 1532 uadit
1673 1486 1897 1532 uersus
1929 1466 2446 1550 septemtrionem
2480 1465 2566 1534 ad

320 1575 648 1658 quandam
713 1575 885 1640 uiam
906 1627 924 1660 ‚
992 1582 1054 1641 et
1114 1576 1294 1640 illam
1359 1571 1753 1641 transeundo
1816 1573 2112 1659 peruenit
2174 1573 2259 1639 ad
2317 1581 2563 1641 terram

322 1683 614 1770 Boyach,
668 1683 777 1750 ubi
829 1691 974 1750 sunt
1025 1690 1157 1748 tres
1200 1689 1369 1748 mete
1401 1680 1769 1766 angulares,
1806 1687 1868 1746 et
1899 1679 2083 1747 iuxta
2112 1679 2293 1747 illam
2327 1687 2563 1748 terram

321 1790 586 1876 Boyoch
637 1810 779 1856 cum
826 1789 1018 1857 certis
1071 1793 1255 1857 metis
1307 1789 1708 1872 interpositis
1761 1809 1801 1853 a
1832 1788 2348 1871 septemtrionali
2383 1801 2566 1875 parte

324 1898 669 1967 descendit
698 1899 928 1966 iterum
962 1899 1047 1965 ad
1082 1899 1388 1965 orientem
1421 1917 1620 1982 usque
1654 1897 1739 1962 ad
1771 1901 2009 1963 terram
2044 1896 2245 1984 Tach,
2278 1900 2388 1966 ubi
2420 1900 2567 1983 ipsa

320 2016 497 2076 terra
547 2008 855 2075 Munuros
905 2029 948 2075 a
993 2014 1166 2074 terra
1218 2006 1447 2074 Thach
1497 2028 1622 2072 non
1678 2027 1791 2092 per
1820 2016 2030 2072 metas
2063 2016 2416 2095 separatur,
2447 2008 2563 2076 sed

320 2138 439 2201 per
491 2113 818 2202 quendam
871 2116 1160 2202 limitem,
1214 2118 1319 2198 qui
1368 2115 1721 2199 uulgariter
1770 2139 1932 2203 τηερε
1984 2123 2274 2202 uocatur,
2327 2124 2562 2183 etcum

319 2227 467 2311 ipso
500 2224 706 2291 limite
737 2224 903 2291 redit
933 2222 1019 2290 ad
1048 2227 1325 2309 priorem
1356 2231 1610 2310 metam,
1647 2229 1712 2290 et
1743 2222 1839 2289 sic
1891 2224 2291 2290 terminatur.
2342 2224 2560 2291 Aliam

321 2354 478 2401 uero
530 2341 774 2400 terram
822 2333 1275 2418 supradictam,
1313 2352 1438 2415 que
1472 2331 1763 2399 Munkad
1795 2341 2083 2412 uocatur,
2119 2333 2345 2399 Comes
2378 2334 2563 2400 Nico·

320 2443 488 2528 laus,
525 2463 675 2510 cum
708 2441 1003 2509 omnibus
1035 2441 1420 2508 utilitatibus
1473 2446 1533 2507 et
1569 2440 1987 2526 pertinencijs
2019 2442 2174 2528 suis,
2206 2442 2469 2527 reliquit
2501 2451 2564 2510 et

321 2550 646 2620 concessit
696 2548 926 2618 Comiti
980 2549 1332 2617 Benedicto
1377 2557 1439 2616 et
1470 2549 1673 2635 ipsius
1706 2549 2053 2618 heredibus
2087 2550 2384 2618 similiter
2413 2572 2559 2638 per-

320 2667 515 2745 petuo
569 2656 1068 2744 possidendam;
1120 2658 1288 2724 hanc
1338 2654 1774 2725 condicionem
1809 2664 1872 2724 et
1903 2677 2136 2744 penam
2169 2680 2364 2746 super
2394 2681 2467 2727 se
2499 2668 2562 2727 et

319 2786 469 2834 suos
509 2766 782 2833 heredes
815 2767 1332 2852 assumpmendo,
1368 2767 1541 2849 quod
1575 2768 1631 2833 si
1664 2768 1806 2851 ipse
1838 2770 1942 2833 uel
1975 2767 2074 2834 sui
2108 2768 2225 2852 filij
2250 2768 2559 2837 Comitem

319 2872 747 2940 Benedictum
777 2881 889 2941 aut
921 2874 1059 2940 eius
1092 2874 1255 2940 filios
1291 2894 1329 2938 a
1361 2873 1550 2939 modo
1583 2874 1721 2939 ullo
1748 2893 2044 2958 umquam
2068 2881 2348 2962 tempore
2368 2898 2561 2964 super

320 2981 623 3066 predicta
670 2989 844 3048 terra
892 2982 1182 3048 Munkad
1234 2982 1639 3067 impeterent,
1675 2984 1779 3049 uel
1812 2984 2223 3067 aliquatenus
2254 2985 2554 3055 molesta·

319 3098 464 3156 rent
499 3096 797 3174 pretextu
829 3091 970 3157 siue
1002 3092 1383 3157 auctoritate
1417 3089 1691 3174 predicti
1723 3092 2044 3176 priuilegij
2082 3088 2322 3159 domini
2346 3094 2559 3179 Regis,

322 3196 495 3280 quod
545 3196 690 3283 ipse
742 3196 969 3264 Comes
1023 3198 1375 3266 Nicholaus
1407 3218 1602 3282 super
1634 3198 1983 3266 collacione
2014 3199 2327 3266 dictarum
2359 3208 2557 3267 terra-

322 3328 457 3373 rum
512 3304 637 3372 sibi
691 3326 1061 3374 concessum
1113 3307 1316 3373 fuisse
1366 3310 1618 3385 asserit,
1656 3314 1727 3372 ut
1759 3308 2137 3393 premissum
2173 3316 2287 3395 est,
2323 3314 2560 3376 extunc

326 3422 568 3483 terram
601 3415 905 3481 Munoros
939 3436 1106 3480 nunc
1140 3414 1233 3480 eis
1267 3416 1559 3480 relictam
1596 3414 1896 3481 amittant
1929 3415 2069 3501 ipso
2102 3416 2293 3499 facte,
2313 3424 2378 3482 et
2413 3419 2558 3501 ipsa

322 3529 495 3591 terra
545 3520 629 3589 ad
680 3523 987 3591 Comitem
1042 3522 1456 3589 Benedictum
1513 3529 1577 3588 et
1626 3543 1777 3589 suos
1833 3523 1995 3590 filios
2030 3525 2169 3590 sine
2202 3523 2557 3592 dificultate

326 3629 617 3715 qualibet
645 3629 1056 3711 reuoluatur3
1093 3635 1262 3695 terra
1293 3628 1587 3695 Munkad
1617 3627 2069 3697 nichilominus
2091 3630 2264 3716 apud
2285 3631 2553 3697 eundem

325 3736 634 3805 Comitem
667 3735 1089 3802 Benedictum
1124 3743 1188 3801 ct
1208 3757 1358 3802 suos
1378 3736 1547 3802 filios
1569 3736 1837 3822 pacifico
1856 3747 2243 3804 remanente.
2280 3740 2351 3803 Iu
2375 3740 2556 3806 cuius

323 3846 415 3911 rei
446 3844 885 3912 testimonium
919 3843 1003 3908 ad
1032 3844 1421 3930 peticionem
1455 3844 1745 3927 parcium
1770 3852 2102 3929 presentes
2129 3850 2557 3914 concessimus

322 3952 566 4022 litteras
615 3952 815 4037 sigilli
853 3953 1054 4019 nostri
1105 3952 1456 4017 munimine
1509 3954 1866 4019 roboratas.
1901 3951 2137 4018 Datum
2176 3974 2292 4039 per
2323 3974 2550 4021 manus

323 4062 614 4148 Magistri
663 4061 827 4129 Sixti
878 4060 1171 4128 Ecclesie
1223 4066 1439 4126 nostre
1492 4060 1777 4127 Lectoris
1812 4081 1983 4127 anno
2017 4063 2275 4127 Domini
2308 4065 2396 4129 M⁰
2429 4064 2556 4131 CC⁰

327 4168 597 4239 LXXX⁰
628 4170 833 4255 primo
867 4170 934 4235 in
967 4167 1256 4234 calendis
1287 4168 1414 4235 Juli
1415 4169 1470 4251 j.
1497 4162 1498 4165 '

746 4317 803 4381 A
1181 4314 1235 4379 B
1627 4313 1677 4379 C
2069 4315 2128 4378 D

332 4472 602 4545 (Eredetie
629 4476 976 4545 biirhartyan,
1022 4477 1243 4545 melyrffl
1287 4476 1591 4528 zold-'vbrbs
1633 4476 2077 4543 selycmzsinoron
2121 4492 2155 4527 a
2181 4477 2441 4546 kaptalan
2469 4498 2559 4553 pe.

735 4569 905 4643 osetJQ
931 4568 1081 4644 stig&
1109 4584 1144 4622 a
1167 4568 1333 4622 budai
1359 4569 1460 4619 kir.
1487 4568 1730 4623 kamarai
1759 4567 2135 4644 leveltae'trban.)

1225 4719 1650 4743 m
