<?xml version="1.0" encoding="UTF-8"?>
<!DOCTYPE html PUBLIC "-//W3C//DTD XHTML 1.0 Transitional//EN"
    "http://www.w3.org/TR/xhtml1/DTD/xhtml1-transitional.dtd">
<html xmlns="http://www.w3.org/1999/xhtml" xml:lang="en" lang="en">
 <head>
  <title>
</title>
<meta http-equiv="Content-Type" content="text/html;charset=utf-8" />
  <meta name='ocr-system' content='tesseract 3.04.00' />
  <meta name='ocr-capabilities' content='ocr_page ocr_carea ocr_par ocr_line ocrx_word'/>
</head>
<body>
  <div class='ocr_page' id='page_1' title='image "./rpdkorijokmnytr00wenzgoog_0117.png"; bbox 0 0 3319 5249; ppageno 0'>
   <div class='ocr_carea' id='block_1_1' title="bbox 1439 366 1523 436">
    <p class='ocr_par' dir='ltr' id='par_1_1' title="bbox 1439 366 1523 436">
     <span class='ocr_line' id='line_1_1' title="bbox 1439 366 1523 436; baseline -0.036 0"><span class='ocrx_word' id='word_1_1' title='bbox 1439 366 1523 436; x_wconf 80' lang='lat'>67</span> 
     </span>
    </p>
   </div>
   <div class='ocr_carea' id='block_1_2' title="bbox 1323 458 1640 469">
    <p class='ocr_par' dir='ltr' id='par_1_2' title="bbox 1323 458 1640 469">
     <span class='ocr_line' id='line_1_2' title="bbox 1323 458 1640 469; baseline 0 4780"><span class='ocrx_word' id='word_1_2' title='bbox 1323 458 1640 469; x_wconf 95' lang='lat' dir='ltr'> </span> 
     </span>
    </p>
   </div>
   <div class='ocr_carea' id='block_1_3' title="bbox 315 563 2608 3999">
    <p class='ocr_par' dir='ltr' id='par_1_3' title="bbox 315 563 2608 3999">
     <span class='ocr_line' id='line_1_3' title="bbox 345 563 2604 653; baseline 0.001 -22"><span class='ocrx_word' id='word_1_3' title='bbox 345 566 687 634; x_wconf 88' lang='lat' dir='ltr'>fidelitates</span> <span class='ocrx_word' id='word_1_4' title='bbox 741 574 804 632; x_wconf 91' lang='lat' dir='ltr'>et</span> <span class='ocrx_word' id='word_1_5' title='bbox 841 563 1172 632; x_wconf 88' lang='lat' dir='ltr'>meritoria</span> <span class='ocrx_word' id='word_1_6' title='bbox 1223 565 1538 649; x_wconf 82' lang='lat' dir='ltr'>obsequia</span> <span class='ocrx_word' id='word_1_7' title='bbox 1589 585 1703 631; x_wconf 88' lang='lat' dir='ltr'>seu</span> <span class='ocrx_word' id='word_1_8' title='bbox 1755 563 2149 651; x_wconf 78' lang='lat' dir='ltr'>multiplices</span> <span class='ocrx_word' id='word_1_9' title='bbox 2189 563 2604 653; x_wconf 79' lang='lat' dir='ltr'>(famulatus)</span> 
     </span>
     <span class='ocr_line' id='line_1_4' title="bbox 341 671 2607 760; baseline -0.001 -20"><span class='ocrx_word' id='word_1_10' title='bbox 341 673 635 741; x_wconf 86' lang='lat' dir='ltr'>Ladizlai</span> <span class='ocrx_word' id='word_1_11' title='bbox 687 681 752 741; x_wconf 92' lang='lat' dir='ltr'>et</span> <span class='ocrx_word' id='word_1_12' title='bbox 807 671 1085 760; x_wconf 85' lang='lat' dir='ltr'>Nycolai</span> <span class='ocrx_word' id='word_1_13' title='bbox 1139 671 1613 758; x_wconf 89' lang='lat' dir='ltr'>Magistrorum,</span> <span class='ocrx_word' id='word_1_14' title='bbox 1666 674 1945 739; x_wconf 88' lang='lat' dir='ltr'>filiorum</span> <span class='ocrx_word' id='word_1_15' title='bbox 1999 673 2268 741; x_wconf 87' lang='lat' dir='ltr'>Comitis</span> <span class='ocrx_word' id='word_1_16' title='bbox 2304 673 2607 757; x_wconf 83' lang='lat' dir='ltr'>Nycolai‚</span> 
     </span>
     <span class='ocr_line' id='line_1_5' title="bbox 348 780 2608 868; baseline 0 -21"><span class='ocrx_word' id='word_1_17' title='bbox 348 780 631 848; x_wconf 91' lang='lat' dir='ltr'>fidelium</span> <span class='ocrx_word' id='word_1_18' title='bbox 663 788 1049 868; x_wconf 88' lang='lat' dir='ltr'>nostrorum,</span> <span class='ocrx_word' id='word_1_19' title='bbox 1107 801 1231 864; x_wconf 91' lang='lat' dir='ltr'>que</span> <span class='ocrx_word' id='word_1_20' title='bbox 1265 781 1463 867; x_wconf 87' lang='lat' dir='ltr'>ijdem</span> <span class='ocrx_word' id='word_1_21' title='bbox 1499 781 1760 847; x_wconf 89' lang='lat' dir='ltr'>domino</span> <span class='ocrx_word' id='word_1_22' title='bbox 1795 780 2128 867; x_wconf 87' lang='lat' dir='ltr'>Stephano</span> <span class='ocrx_word' id='word_1_23' title='bbox 2163 782 2410 848; x_wconf 91' lang='lat' dir='ltr'>Illustri</span> <span class='ocrx_word' id='word_1_24' title='bbox 2443 780 2608 865; x_wconf 82' lang='lat' dir='ltr'>Regi</span> 
     </span>
     <span class='ocr_line' id='line_1_6' title="bbox 346 887 2608 976; baseline 0 -20"><span class='ocrx_word' id='word_1_25' title='bbox 346 890 700 976; x_wconf 86' lang='lat' dir='ltr'>Hungarie,</span> <span class='ocrx_word' id='word_1_26' title='bbox 730 891 902 976; x_wconf 88' lang='lat' dir='ltr'>patri</span> <span class='ocrx_word' id='word_1_27' title='bbox 937 896 1156 955; x_wconf 88' lang='lat' dir='ltr'>nostro</span> <span class='ocrx_word' id='word_1_28' title='bbox 1189 888 1538 956; x_wconf 86' lang='lat' dir='ltr'>karissimo</span> <span class='ocrx_word' id='word_1_29' title='bbox 1573 889 1751 958; x_wconf 89' lang='lat' dir='ltr'>clare</span> <span class='ocrx_word' id='word_1_30' title='bbox 1784 888 2259 956; x_wconf 80' lang='lat' dir='ltr'><strong>recordacionis</strong></span> <span class='ocrx_word' id='word_1_31' title='bbox 2295 887 2608 957; x_wconf 87' lang='lat' dir='ltr'>exhibue-</span> 
     </span>
     <span class='ocr_line' id='line_1_7' title="bbox 347 996 2603 1084; baseline -0 -19"><span class='ocrx_word' id='word_1_32' title='bbox 347 1007 485 1065; x_wconf 90' lang='lat' dir='ltr'>runt</span> <span class='ocrx_word' id='word_1_33' title='bbox 519 1005 585 1066; x_wconf 89' lang='lat' dir='ltr'>et</span> <span class='ocrx_word' id='word_1_34' title='bbox 620 996 1085 1084; x_wconf 89' lang='lat' dir='ltr'>inpenderunt;</span> <span class='ocrx_word' id='word_1_35' title='bbox 1136 997 1291 1081; x_wconf 91' lang='lat' dir='ltr'>quia</span> <span class='ocrx_word' id='word_1_36' title='bbox 1349 1018 1492 1064; x_wconf 90' lang='lat' dir='ltr'>cum</span> <span class='ocrx_word' id='word_1_37' title='bbox 1526 1000 1917 1065; x_wconf 90' lang='lat' dir='ltr'>Boemorum</span> <span class='ocrx_word' id='word_1_38' title='bbox 1946 997 2105 1083; x_wconf 85' lang='lat' dir='ltr'>Rex,</span> <span class='ocrx_word' id='word_1_39' title='bbox 2160 998 2339 1084; x_wconf 88' lang='lat' dir='ltr'>prius</span> <span class='ocrx_word' id='word_1_40' title='bbox 2395 997 2603 1083; x_wconf 87' lang='lat' dir='ltr'>patris</span> 
     </span>
     <span class='ocr_line' id='line_1_8' title="bbox 338 1103 2602 1192; baseline -0 -20"><span class='ocrx_word' id='word_1_41' title='bbox 338 1107 559 1190; x_wconf 83' lang='lat' dir='ltr'>nostri,</span> <span class='ocrx_word' id='word_1_42' title='bbox 596 1113 663 1172; x_wconf 89' lang='lat' dir='ltr'>et</span> <span class='ocrx_word' id='word_1_43' title='bbox 694 1105 1103 1192; x_wconf 90' lang='lat' dir='ltr'>postmodum</span> <span class='ocrx_word' id='word_1_44' title='bbox 1137 1103 1439 1172; x_wconf 90' lang='lat' dir='ltr'>inimicus</span> <span class='ocrx_word' id='word_1_45' title='bbox 1475 1111 1694 1174; x_wconf 89' lang='lat' dir='ltr'>noster</span> <span class='ocrx_word' id='word_1_46' title='bbox 1727 1103 2049 1190; x_wconf 86' lang='lat' dir='ltr'>capitalis,</span> <span class='ocrx_word' id='word_1_47' title='bbox 2087 1105 2366 1174; x_wconf 85' lang='lat' dir='ltr'>confinia</span> <span class='ocrx_word' id='word_1_48' title='bbox 2396 1107 2602 1191; x_wconf 81' lang='lat' dir='ltr'>Regni</span> 
     </span>
     <span class='ocr_line' id='line_1_9' title="bbox 339 1210 2601 1302; baseline 0 -22"><span class='ocrx_word' id='word_1_49' title='bbox 339 1215 535 1282; x_wconf 82' lang='lat' dir='ltr'>nostri</span> <span class='ocrx_word' id='word_1_50' title='bbox 592 1214 676 1280; x_wconf 92' lang='lat' dir='ltr'>de</span> <span class='ocrx_word' id='word_1_51' title='bbox 708 1222 889 1300; x_wconf 84' lang='lat' dir='ltr'>parte</span> <span class='ocrx_word' id='word_1_52' title='bbox 923 1212 1304 1280; x_wconf 89' lang='lat' dir='ltr'>Posoniensi</span> <span class='ocrx_word' id='word_1_53' title='bbox 1357 1214 1623 1282; x_wconf 89' lang='lat' dir='ltr'>introire</span> <span class='ocrx_word' id='word_1_54' title='bbox 1676 1215 1850 1281; x_wconf 87' lang='lat' dir='ltr'>velle</span> <span class='ocrx_word' id='word_1_55' title='bbox 1901 1210 2254 1302; x_wconf 83' lang='lat' dir='ltr'>diceretur,</span> <span class='ocrx_word' id='word_1_56' title='bbox 2311 1222 2374 1282; x_wconf 91' lang='lat' dir='ltr'>et</span> <span class='ocrx_word' id='word_1_57' title='bbox 2413 1214 2502 1281; x_wconf 89' lang='lat' dir='ltr'>ad</span> <span class='ocrx_word' id='word_1_58' title='bbox 2532 1213 2601 1282; x_wconf 91' lang='lat' dir='ltr'>id</span> 
     </span>
     <span class='ocr_line' id='line_1_10' title="bbox 335 1320 2598 1408; baseline 0 -18"><span class='ocrx_word' id='word_1_59' title='bbox 335 1323 669 1391; x_wconf 87' lang='lat' dir='ltr'>sciendum</span> <span class='ocrx_word' id='word_1_60' title='bbox 740 1329 804 1392; x_wconf 90' lang='lat' dir='ltr'>et</span> <span class='ocrx_word' id='word_1_61' title='bbox 854 1320 1204 1389; x_wconf 90' lang='lat' dir='ltr'>uidendum</span> <span class='ocrx_word' id='word_1_62' title='bbox 1257 1323 1436 1408; x_wconf 89' lang='lat' dir='ltr'>ipsos</span> <span class='ocrx_word' id='word_1_63' title='bbox 1491 1323 1870 1390; x_wconf 87' lang='lat' dir='ltr'>Ladizlaum</span> <span class='ocrx_word' id='word_1_64' title='bbox 1920 1330 1983 1390; x_wconf 88' lang='lat' dir='ltr'>et</span> <span class='ocrx_word' id='word_1_65' title='bbox 2035 1325 2405 1408; x_wconf 86' lang='lat' dir='ltr'>Nycolaum</span> <span class='ocrx_word' id='word_1_66' title='bbox 2456 1324 2598 1408; x_wconf 84' lang='lat' dir='ltr'>ipse</span> 
     </span>
     <span class='ocr_line' id='line_1_11' title="bbox 336 1430 2600 1519; baseline -0 -20"><span class='ocrx_word' id='word_1_67' title='bbox 336 1441 519 1519; x_wconf 87' lang='lat' dir='ltr'>pater</span> <span class='ocrx_word' id='word_1_68' title='bbox 570 1437 795 1497; x_wconf 91' lang='lat' dir='ltr'>noster</span> <span class='ocrx_word' id='word_1_69' title='bbox 845 1452 989 1497; x_wconf 89' lang='lat' dir='ltr'>cum</span> <span class='ocrx_word' id='word_1_70' title='bbox 1041 1430 1428 1513; x_wconf 87' lang='lat' dir='ltr'>quibusdam</span> <span class='ocrx_word' id='word_1_71' title='bbox 1480 1431 1787 1498; x_wconf 88' lang='lat' dir='ltr'>fidelibus</span> <span class='ocrx_word' id='word_1_72' title='bbox 1825 1432 2170 1501; x_wconf 86' lang='lat' dir='ltr'>iuuenibus</span> <span class='ocrx_word' id='word_1_73' title='bbox 2203 1432 2452 1498; x_wconf 90' lang='lat' dir='ltr'>Domus</span> <span class='ocrx_word' id='word_1_74' title='bbox 2484 1451 2600 1499; x_wconf 87' lang='lat' dir='ltr'>suc</span> 
     </span>
     <span class='ocr_line' id='line_1_12' title="bbox 335 1537 2599 1626; baseline -0 -19"><span class='ocrx_word' id='word_1_75' title='bbox 335 1540 818 1625; x_wconf 80' lang='lat' dir='ltr'>transmisisset,</span> <span class='ocrx_word' id='word_1_76' title='bbox 851 1538 1025 1605; x_wconf 87' lang='lat' dir='ltr'>idem</span> <span class='ocrx_word' id='word_1_77' title='bbox 1049 1539 1359 1624; x_wconf 78' lang='lat' dir='ltr'>Magister</span> <span class='ocrx_word' id='word_1_78' title='bbox 1390 1540 1745 1626; x_wconf 86' lang='lat' dir='ltr'>Nycolaus‚</span> <span class='ocrx_word' id='word_1_79' title='bbox 1766 1559 2042 1606; x_wconf 84' lang='lat' dir='ltr'>vnacum</span> <span class='ocrx_word' id='word_1_80' title='bbox 2078 1538 2253 1605; x_wconf 87' lang='lat' dir='ltr'>dicto</span> <span class='ocrx_word' id='word_1_81' title='bbox 2287 1537 2599 1606; x_wconf 86' lang='lat' dir='ltr'>Ladizlao</span> 
     </span>
     <span class='ocr_line' id='line_1_13' title="bbox 332 1647 2596 1733; baseline 0 -20"><span class='ocrx_word' id='word_1_82' title='bbox 332 1647 531 1716; x_wconf 87' lang='lat' dir='ltr'>fratre</span> <span class='ocrx_word' id='word_1_83' title='bbox 586 1669 741 1732; x_wconf 89' lang='lat' dir='ltr'>suo,</span> <span class='ocrx_word' id='word_1_84' title='bbox 792 1654 861 1714; x_wconf 90' lang='lat' dir='ltr'>ut</span> <span class='ocrx_word' id='word_1_85' title='bbox 911 1648 1108 1714; x_wconf 90' lang='lat' dir='ltr'>solita</span> <span class='ocrx_word' id='word_1_86' title='bbox 1159 1647 1490 1714; x_wconf 84' lang='lat' dir='ltr'>fidelitatis</span> <span class='ocrx_word' id='word_1_87' title='bbox 1543 1670 1656 1716; x_wconf 89' lang='lat' dir='ltr'>sue</span> <span class='ocrx_word' id='word_1_88' title='bbox 1708 1669 1909 1733; x_wconf 88' lang='lat' dir='ltr'>opera</span> <span class='ocrx_word' id='word_1_89' title='bbox 1960 1648 2358 1716; x_wconf 83' lang='lat' dir='ltr'>laudabilius</span> <span class='ocrx_word' id='word_1_90' title='bbox 2418 1669 2596 1716; x_wconf 87' lang='lat' dir='ltr'>exer-</span> 
     </span>
     <span class='ocr_line' id='line_1_14' title="bbox 340 1754 2596 1841; baseline 0 -19"><span class='ocrx_word' id='word_1_91' title='bbox 340 1765 530 1841; x_wconf 74' lang='lat' dir='ltr'>ceret,</span> <span class='ocrx_word' id='word_1_92' title='bbox 582 1775 808 1824; x_wconf 89' lang='lat' dir='ltr'>casum</span> <span class='ocrx_word' id='word_1_93' title='bbox 859 1754 1081 1821; x_wconf 89' lang='lat' dir='ltr'>mortis</span> <span class='ocrx_word' id='word_1_94' title='bbox 1132 1777 1261 1822; x_wconf 91' lang='lat' dir='ltr'>non</span> <span class='ocrx_word' id='word_1_95' title='bbox 1311 1755 1689 1839; x_wconf 84' lang='lat' dir='ltr'>formidans,</span> <span class='ocrx_word' id='word_1_96' title='bbox 1738 1757 1916 1823; x_wconf 79' lang='lat' dir='ltr'>velut</span> <span class='ocrx_word' id='word_1_97' title='bbox 1964 1757 2068 1823; x_wconf 92' lang='lat' dir='ltr'>leo</span> <span class='ocrx_word' id='word_1_98' title='bbox 2114 1756 2478 1841; x_wconf 88' lang='lat' dir='ltr'>intrepidus</span> <span class='ocrx_word' id='word_1_99' title='bbox 2526 1758 2596 1823; x_wconf 90' lang='lat' dir='ltr'>in</span> 
     </span>
     <span class='ocr_line' id='line_1_15' title="bbox 338 1862 2597 1950; baseline 0.001 -22"><span class='ocrx_word' id='word_1_100' title='bbox 338 1862 621 1930; x_wconf 89' lang='lat' dir='ltr'>medium</span> <span class='ocrx_word' id='word_1_101' title='bbox 657 1865 936 1930; x_wconf 88' lang='lat' dir='ltr'>astantis</span> <span class='ocrx_word' id='word_1_102' title='bbox 968 1862 1131 1928; x_wconf 87' lang='lat' dir='ltr'>aciei</span> <span class='ocrx_word' id='word_1_103' title='bbox 1164 1864 1439 1949; x_wconf 85' lang='lat' dir='ltr'>irruens,</span> <span class='ocrx_word' id='word_1_104' title='bbox 1468 1863 1812 1949; x_wconf 85' lang='lat' dir='ltr'>quemdam</span> <span class='ocrx_word' id='word_1_105' title='bbox 1846 1865 2123 1929; x_wconf 86' lang='lat' dir='ltr'>militem</span> <span class='ocrx_word' id='word_1_106' title='bbox 2157 1863 2363 1949; x_wconf 91' lang='lat' dir='ltr'>ipsius</span> <span class='ocrx_word' id='word_1_107' title='bbox 2394 1866 2597 1950; x_wconf 89' lang='lat' dir='ltr'>Regis</span> 
     </span>
     <span class='ocr_line' id='line_1_16' title="bbox 332 1970 2596 2058; baseline 0 -21"><span class='ocrx_word' id='word_1_108' title='bbox 332 1974 718 2040; x_wconf 88' lang='lat' dir='ltr'>Boemorum</span> <span class='ocrx_word' id='word_1_109' title='bbox 773 1970 1154 2058; x_wconf 90' lang='lat' dir='ltr'>captiuauit.</span> <span class='ocrx_word' id='word_1_110' title='bbox 1206 1973 1481 2057; x_wconf 88' lang='lat' dir='ltr'>Insuper</span> <span class='ocrx_word' id='word_1_111' title='bbox 1531 1994 1676 2040; x_wconf 85' lang='lat' dir='ltr'>cum</span> <span class='ocrx_word' id='word_1_112' title='bbox 1729 1970 1990 2056; x_wconf 87' lang='lat' dir='ltr'>quidam</span> <span class='ocrx_word' id='word_1_113' title='bbox 2032 1972 2368 2040; x_wconf 87' lang='lat' dir='ltr'>Teotoniei</span> <span class='ocrx_word' id='word_1_114' title='bbox 2417 1973 2596 2038; x_wconf 90' lang='lat' dir='ltr'>naui-</span> 
     </span>
     <span class='ocr_line' id='line_1_17' title="bbox 330 2078 2593 2166; baseline -0.001 -19"><span class='ocrx_word' id='word_1_115' title='bbox 330 2081 433 2163; x_wconf 87' lang='lat' dir='ltr'>gio</span> <span class='ocrx_word' id='word_1_116' title='bbox 464 2080 824 2147; x_wconf 87' lang='lat' dir='ltr'>transirent</span> <span class='ocrx_word' id='word_1_117' title='bbox 874 2078 959 2146; x_wconf 89' lang='lat' dir='ltr'>ad</span> <span class='ocrx_word' id='word_1_118' title='bbox 998 2080 1402 2148; x_wconf 85' lang='lat' dir='ltr'>inferendum</span> <span class='ocrx_word' id='word_1_119' title='bbox 1455 2081 1821 2148; x_wconf 83' lang='lat' dir='ltr'>bominibus</span> <span class='ocrx_word' id='word_1_120' title='bbox 1873 2078 2083 2166; x_wconf 87' lang='lat' dir='ltr'>ipsius</span> <span class='ocrx_word' id='word_1_121' title='bbox 2135 2083 2338 2166; x_wconf 88' lang='lat' dir='ltr'>patris</span> <span class='ocrx_word' id='word_1_122' title='bbox 2389 2082 2593 2148; x_wconf 86' lang='lat' dir='ltr'>nostri</span> 
     </span>
     <span class='ocr_line' id='line_1_18' title="bbox 335 2187 2590 2274; baseline 0.001 -21"><span class='ocrx_word' id='word_1_123' title='bbox 335 2195 808 2274; x_wconf 76' lang='lat' dir='ltr'>nocumentum,</span> <span class='ocrx_word' id='word_1_124' title='bbox 858 2187 1000 2274; x_wconf 92' lang='lat' dir='ltr'>ipse</span> <span class='ocrx_word' id='word_1_125' title='bbox 1032 2187 1383 2254; x_wconf 86' lang='lat' dir='ltr'>Ladizlaus</span> <span class='ocrx_word' id='word_1_126' title='bbox 1417 2195 1482 2254; x_wconf 90' lang='lat' dir='ltr'>et</span> <span class='ocrx_word' id='word_1_127' title='bbox 1517 2189 1849 2274; x_wconf 75' lang='lat' dir='ltr'>Nycolaus</span> <span class='ocrx_word' id='word_1_128' title='bbox 1902 2189 2161 2257; x_wconf 89' lang='lat' dir='ltr'>eosdem</span> <span class='ocrx_word' id='word_1_129' title='bbox 2197 2190 2590 2274; x_wconf 86' lang='lat' dir='ltr'>nauigantes</span> 
     </span>
     <span class='ocr_line' id='line_1_19' title="bbox 332 2279 2591 2384; baseline 0.002 -24"><span class='ocrx_word' id='word_1_130' title='bbox 332 2298 602 2363; x_wconf 87' lang='lat' dir='ltr'>telorum</span> <span class='ocrx_word' id='word_1_131' title='bbox 657 2296 1111 2364; x_wconf 85' lang='lat' dir='ltr'>velocitatibus</span> <span class='ocrx_word' id='word_1_132' title='bbox 1170 2296 1600 2384; x_wconf 81' lang='lat' dir='ltr'>impediendO,</span> <span class='ocrx_word' id='word_1_133' title='bbox 1662 2279 2080 2381; x_wconf 81' lang='lat' dir='ltr'>quamplures</span> <span class='ocrx_word' id='word_1_134' title='bbox 2135 2296 2591 2364; x_wconf 86' lang='lat' dir='ltr'>interfecerunt</span> 
     </span>
     <span class='ocr_line' id='line_1_20' title="bbox 337 2404 2590 2486; baseline 0.001 -17"><span class='ocrx_word' id='word_1_135' title='bbox 337 2426 410 2470; x_wconf 87' lang='lat' dir='ltr'>ex</span> <span class='ocrx_word' id='word_1_136' title='bbox 447 2405 713 2472; x_wconf 88' lang='lat' dir='ltr'>eisdem.</span> <span class='ocrx_word' id='word_1_137' title='bbox 764 2405 926 2470; x_wconf 88' lang='lat' dir='ltr'>Item</span> <span class='ocrx_word' id='word_1_138' title='bbox 972 2404 1295 2486; x_wconf 87' lang='lat' dir='ltr'>quendam</span> <span class='ocrx_word' id='word_1_139' title='bbox 1344 2406 1766 2471; x_wconf 87' lang='lat' dir='ltr'>Teotonicum</span> <span class='ocrx_word' id='word_1_140' title='bbox 1818 2425 1897 2470; x_wconf 86' lang='lat' dir='ltr'>ex</span> <span class='ocrx_word' id='word_1_141' title='bbox 1933 2407 2072 2472; x_wconf 90' lang='lat' dir='ltr'>acie</span> <span class='ocrx_word' id='word_1_142' title='bbox 2124 2404 2210 2471; x_wconf 85' lang='lat' dir='ltr'>ad</span> <span class='ocrx_word' id='word_1_143' title='bbox 2263 2413 2590 2474; x_wconf 89' lang='lat' dir='ltr'>certamen</span> 
     </span>
     <span class='ocr_line' id='line_1_21' title="bbox 338 2514 2587 2602; baseline 0 -22"><span class='ocrx_word' id='word_1_144' title='bbox 338 2522 562 2582; x_wconf 86' lang='lat' dir='ltr'>contra</span> <span class='ocrx_word' id='word_1_145' title='bbox 594 2514 776 2597; x_wconf 88' lang='lat' dir='ltr'>ipsos</span> <span class='ocrx_word' id='word_1_146' title='bbox 807 2514 1260 2599; x_wconf 79' lang='lat' dir='ltr'>procedentem</span> <span class='ocrx_word' id='word_1_147' title='bbox 1296 2516 1723 2601; x_wconf 84' lang='lat' dir='ltr'>captiuarunt‚</span> <span class='ocrx_word' id='word_1_148' title='bbox 1766 2517 1967 2582; x_wconf 86' lang='lat' dir='ltr'>vitam</span> <span class='ocrx_word' id='word_1_149' title='bbox 2000 2515 2285 2582; x_wconf 87' lang='lat' dir='ltr'>eiusdem</span> <span class='ocrx_word' id='word_1_150' title='bbox 2322 2515 2587 2602; x_wconf 87' lang='lat' dir='ltr'>capitali</span> 
     </span>
     <span class='ocr_line' id='line_1_22' title="bbox 333 2620 2587 2710; baseline 0 -22"><span class='ocrx_word' id='word_1_151' title='bbox 333 2621 668 2689; x_wconf 85' lang='lat' dir='ltr'>sentencia</span> <span class='ocrx_word' id='word_1_152' title='bbox 723 2620 1027 2691; x_wconf 89' lang='lat' dir='ltr'>finiendo.</span> <span class='ocrx_word' id='word_1_153' title='bbox 1096 2622 1256 2690; x_wconf 91' lang='lat' dir='ltr'>Item</span> <span class='ocrx_word' id='word_1_154' title='bbox 1290 2644 1437 2690; x_wconf 90' lang='lat' dir='ltr'>cum</span> <span class='ocrx_word' id='word_1_155' title='bbox 1472 2623 1642 2691; x_wconf 88' lang='lat' dir='ltr'>idem</span> <span class='ocrx_word' id='word_1_156' title='bbox 1670 2624 2052 2691; x_wconf 88' lang='lat' dir='ltr'>Boemorum</span> <span class='ocrx_word' id='word_1_157' title='bbox 2086 2624 2225 2690; x_wconf 88' lang='lat' dir='ltr'>Rex</span> <span class='ocrx_word' id='word_1_158' title='bbox 2279 2626 2343 2689; x_wconf 93' lang='lat' dir='ltr'>in</span> <span class='ocrx_word' id='word_1_159' title='bbox 2394 2631 2587 2710; x_wconf 88' lang='lat' dir='ltr'>portu</span> 
     </span>
     <span class='ocr_line' id='line_1_23' title="bbox 332 2729 2582 2818; baseline 0.001 -22"><span class='ocrx_word' id='word_1_160' title='bbox 332 2729 489 2797; x_wconf 84' lang='lat' dir='ltr'>Saar</span> <span class='ocrx_word' id='word_1_161' title='bbox 546 2752 744 2816; x_wconf 86' lang='lat' dir='ltr'>supra</span> <span class='ocrx_word' id='word_1_162' title='bbox 777 2730 1133 2798; x_wconf 91' lang='lat' dir='ltr'>Mosonium</span> <span class='ocrx_word' id='word_1_163' title='bbox 1187 2739 1413 2798; x_wconf 89' lang='lat' dir='ltr'>contra</span> <span class='ocrx_word' id='word_1_164' title='bbox 1445 2731 1720 2798; x_wconf 88' lang='lat' dir='ltr'>eundem</span> <span class='ocrx_word' id='word_1_165' title='bbox 1769 2740 2021 2818; x_wconf 86' lang='lat' dir='ltr'>patrem</span> <span class='ocrx_word' id='word_1_166' title='bbox 2053 2739 2339 2798; x_wconf 90' lang='lat' dir='ltr'>nostrum</span> <span class='ocrx_word' id='word_1_167' title='bbox 2374 2739 2582 2799; x_wconf 88' lang='lat' dir='ltr'>trans·</span> 
     </span>
     <span class='ocr_line' id='line_1_24' title="bbox 331 2839 2580 2926; baseline 0 -22"><span class='ocrx_word' id='word_1_168' title='bbox 331 2841 481 2904; x_wconf 90' lang='lat' dir='ltr'>itum</span> <span class='ocrx_word' id='word_1_169' title='bbox 532 2839 754 2906; x_wconf 86' lang='lat' dir='ltr'>facere</span> <span class='ocrx_word' id='word_1_170' title='bbox 784 2840 1111 2926; x_wconf 87' lang='lat' dir='ltr'>uoluisset,</span> <span class='ocrx_word' id='word_1_171' title='bbox 1165 2840 1444 2925; x_wconf 87' lang='lat' dir='ltr'>predicti</span> <span class='ocrx_word' id='word_1_172' title='bbox 1476 2839 1831 2906; x_wconf 88' lang='lat' dir='ltr'>Ladizlaus</span> <span class='ocrx_word' id='word_1_173' title='bbox 1866 2846 1930 2906; x_wconf 87' lang='lat' dir='ltr'>et</span> <span class='ocrx_word' id='word_1_174' title='bbox 1960 2840 2312 2926; x_wconf 84' lang='lat' dir='ltr'>Nycolaus‚</span> <span class='ocrx_word' id='word_1_175' title='bbox 2368 2847 2433 2907; x_wconf 93' lang='lat' dir='ltr'>et</span> <span class='ocrx_word' id='word_1_176' title='bbox 2467 2841 2580 2925; x_wconf 88' lang='lat' dir='ltr'>alij</span> 
     </span>
     <span class='ocr_line' id='line_1_25' title="bbox 331 2946 2590 3034; baseline 0.002 -23"><span class='ocrx_word' id='word_1_177' title='bbox 331 2946 550 3013; x_wconf 88' lang='lat' dir='ltr'>fideles</span> <span class='ocrx_word' id='word_1_178' title='bbox 602 2947 871 3025; x_wconf 83' lang='lat' dir='ltr'>iuuenes</span> <span class='ocrx_word' id='word_1_179' title='bbox 906 2947 1196 3014; x_wconf 89' lang='lat' dir='ltr'>eiusdem</span> <span class='ocrx_word' id='word_1_180' title='bbox 1252 2948 1454 3034; x_wconf 86' lang='lat' dir='ltr'>patris</span> <span class='ocrx_word' id='word_1_181' title='bbox 1499 2949 1703 3014; x_wconf 90' lang='lat' dir='ltr'>nostri</span> <span class='ocrx_word' id='word_1_182' title='bbox 1743 2957 1967 3015; x_wconf 92' lang='lat' dir='ltr'>contra</span> <span class='ocrx_word' id='word_1_183' title='bbox 1998 2947 2234 3014; x_wconf 88' lang='lat' dir='ltr'>molem</span> <span class='ocrx_word' id='word_1_184' title='bbox 2269 2948 2590 3016; x_wconf 86' lang='lat' dir='ltr'>exercitus</span> 
     </span>
     <span class='ocr_line' id='line_1_26' title="bbox 332 3055 2587 3142; baseline 0.001 -23"><span class='ocrx_word' id='word_1_185' title='bbox 332 3055 480 3121; x_wconf 88' lang='lat' dir='ltr'>dicti</span> <span class='ocrx_word' id='word_1_186' title='bbox 515 3056 717 3140; x_wconf 86' lang='lat' dir='ltr'>Regis</span> <span class='ocrx_word' id='word_1_187' title='bbox 750 3056 1126 3124; x_wconf 89' lang='lat' dir='ltr'>Boemorum</span> <span class='ocrx_word' id='word_1_188' title='bbox 1163 3055 1570 3138; x_wconf 87' lang='lat' dir='ltr'>transmissi,</span> <span class='ocrx_word' id='word_1_189' title='bbox 1617 3076 1761 3123; x_wconf 90' lang='lat' dir='ltr'>cum</span> <span class='ocrx_word' id='word_1_190' title='bbox 1796 3057 2105 3124; x_wconf 89' lang='lat' dir='ltr'>militibus</span> <span class='ocrx_word' id='word_1_191' title='bbox 2146 3057 2351 3141; x_wconf 89' lang='lat' dir='ltr'>ipsius</span> <span class='ocrx_word' id='word_1_192' title='bbox 2387 3058 2587 3142; x_wconf 85' lang='lat' dir='ltr'>Regis</span> 
     </span>
     <span class='ocr_line' id='line_1_27' title="bbox 331 3161 2585 3250; baseline -0 -21"><span class='ocrx_word' id='word_1_193' title='bbox 331 3165 704 3229; x_wconf 88' lang='lat' dir='ltr'>Boemorum</span> <span class='ocrx_word' id='word_1_194' title='bbox 765 3161 1136 3230; x_wconf 89' lang='lat' dir='ltr'>dimicando</span> <span class='ocrx_word' id='word_1_195' title='bbox 1197 3163 1654 3249; x_wconf 87' lang='lat' dir='ltr'>laudabiliter,</span> <span class='ocrx_word' id='word_1_196' title='bbox 1717 3165 2134 3250; x_wconf 86' lang='lat' dir='ltr'>quamplures</span> <span class='ocrx_word' id='word_1_197' title='bbox 2201 3185 2282 3229; x_wconf 89' lang='lat' dir='ltr'>ex</span> <span class='ocrx_word' id='word_1_198' title='bbox 2344 3163 2585 3230; x_wconf 84' lang='lat' dir='ltr'>eisdem</span> 
     </span>
     <span class='ocr_line' id='line_1_28' title="bbox 327 3270 2585 3358; baseline 0.001 -23"><span class='ocrx_word' id='word_1_199' title='bbox 327 3272 808 3339; x_wconf 86' lang='lat' dir='ltr'>interemerunt.</span> <span class='ocrx_word' id='word_1_200' title='bbox 873 3271 1035 3339; x_wconf 90' lang='lat' dir='ltr'>Item</span> <span class='ocrx_word' id='word_1_201' title='bbox 1087 3293 1229 3339; x_wconf 89' lang='lat' dir='ltr'>cum</span> <span class='ocrx_word' id='word_1_202' title='bbox 1265 3280 1546 3339; x_wconf 87' lang='lat' dir='ltr'>castrum</span> <span class='ocrx_word' id='word_1_203' title='bbox 1599 3279 1886 3339; x_wconf 88' lang='lat' dir='ltr'>nostrum</span> <span class='ocrx_word' id='word_1_204' title='bbox 1924 3273 2266 3341; x_wconf 87' lang='lat' dir='ltr'>Jauriense</span> <span class='ocrx_word' id='word_1_205' title='bbox 2317 3293 2432 3358; x_wconf 91' lang='lat' dir='ltr'>per</span> <span class='ocrx_word' id='word_1_206' title='bbox 2475 3270 2585 3338; x_wconf 88' lang='lat' dir='ltr'>ho-</span> 
     </span>
     <span class='ocr_line' id='line_1_29' title="bbox 326 3377 2585 3465; baseline 0 -22"><span class='ocrx_word' id='word_1_207' title='bbox 326 3382 527 3445; x_wconf 84' lang='lat' dir='ltr'>mines</span> <span class='ocrx_word' id='word_1_208' title='bbox 584 3377 737 3445; x_wconf 89' lang='lat' dir='ltr'>dicti</span> <span class='ocrx_word' id='word_1_209' title='bbox 769 3380 966 3464; x_wconf 89' lang='lat' dir='ltr'>Regis</span> <span class='ocrx_word' id='word_1_210' title='bbox 1001 3382 1385 3447; x_wconf 89' lang='lat' dir='ltr'>Boemorum</span> <span class='ocrx_word' id='word_1_211' title='bbox 1437 3386 1701 3465; x_wconf 90' lang='lat' dir='ltr'>captum</span> <span class='ocrx_word' id='word_1_212' title='bbox 1757 3379 2203 3447; x_wconf 84' lang='lat' dir='ltr'>fraudulenter</span> <span class='ocrx_word' id='word_1_213' title='bbox 2248 3379 2585 3465; x_wconf 82' lang='lat' dir='ltr'>extitisset,</span> 
     </span>
     <span class='ocr_line' id='line_1_30' title="bbox 323 3487 2586 3574; baseline -0 -21"><span class='ocrx_word' id='word_1_214' title='bbox 323 3488 501 3553; x_wconf 90' lang='lat' dir='ltr'>etad</span> <span class='ocrx_word' id='word_1_215' title='bbox 559 3487 987 3553; x_wconf 87' lang='lat' dir='ltr'>obsidendum</span> <span class='ocrx_word' id='word_1_216' title='bbox 1039 3488 1251 3574; x_wconf 91' lang='lat' dir='ltr'>ipsum</span> <span class='ocrx_word' id='word_1_217' title='bbox 1304 3494 1587 3556; x_wconf 90' lang='lat' dir='ltr'>castrum</span> <span class='ocrx_word' id='word_1_218' title='bbox 1628 3487 2010 3555; x_wconf 89' lang='lat' dir='ltr'>Joachinnm</span> <span class='ocrx_word' id='word_1_219' title='bbox 2045 3488 2425 3571; x_wconf 85' lang='lat' dir='ltr'>Magistrum</span> <span class='ocrx_word' id='word_1_220' title='bbox 2461 3488 2586 3552; x_wconf 88' lang='lat' dir='ltr'>Ta-</span> 
     </span>
     <span class='ocr_line' id='line_1_31' title="bbox 323 3594 2584 3678; baseline -0.001 -18"><span class='ocrx_word' id='word_1_221' title='bbox 323 3597 737 3662; x_wconf 86' lang='lat' dir='ltr'>narnicorum</span> <span class='ocrx_word' id='word_1_222' title='bbox 773 3602 1161 3678; x_wconf 90' lang='lat' dir='ltr'>nostrorum,</span> <span class='ocrx_word' id='word_1_223' title='bbox 1215 3594 1524 3664; x_wconf 90' lang='lat' dir='ltr'>dilectum</span> <span class='ocrx_word' id='word_1_224' title='bbox 1578 3602 1640 3663; x_wconf 91' lang='lat' dir='ltr'>et</span> <span class='ocrx_word' id='word_1_225' title='bbox 1671 3596 1932 3662; x_wconf 89' lang='lat' dir='ltr'>fidelem</span> <span class='ocrx_word' id='word_1_226' title='bbox 1967 3603 2255 3662; x_wconf 90' lang='lat' dir='ltr'>nostrum</span> <span class='ocrx_word' id='word_1_227' title='bbox 2290 3595 2584 3661; x_wconf 88' lang='lat' dir='ltr'>transmi-</span> 
     </span>
     <span class='ocr_line' id='line_1_32' title="bbox 319 3683 2584 3791; baseline -0.002 -22"><span class='ocrx_word' id='word_1_228' title='bbox 319 3704 651 3791; x_wconf 85' lang='lat' dir='ltr'>sissemus,</span> <span class='ocrx_word' id='word_1_229' title='bbox 703 3704 940 3788; x_wconf 89' lang='lat' dir='ltr'>prefati</span> <span class='ocrx_word' id='word_1_230' title='bbox 993 3703 1342 3769; x_wconf 87' lang='lat' dir='ltr'>Ladizlaus</span> <span class='ocrx_word' id='word_1_231' title='bbox 1402 3713 1464 3771; x_wconf 86' lang='lat' dir='ltr'>et</span> <span class='ocrx_word' id='word_1_232' title='bbox 1515 3705 1847 3791; x_wconf 85' lang='lat' dir='ltr'>Nycolaus</span> <span class='ocrx_word' id='word_1_233' title='bbox 1895 3704 1977 3771; x_wconf 89' lang='lat' dir='ltr'>de</span> <span class='ocrx_word' id='word_1_234' title='bbox 2025 3683 2421 3785; x_wconf 62' lang='lat' dir='ltr'>Teotonicis,</span> <span class='ocrx_word' id='word_1_235' title='bbox 2474 3703 2584 3784; x_wconf 92' lang='lat' dir='ltr'>qui</span> 
     </span>
     <span class='ocr_line' id='line_1_33' title="bbox 315 3808 2585 3897; baseline -0.002 -21"><span class='ocrx_word' id='word_1_236' title='bbox 315 3809 396 3877; x_wconf 89' lang='lat' dir='ltr'>de</span> <span class='ocrx_word' id='word_1_237' title='bbox 434 3813 585 3897; x_wconf 87' lang='lat' dir='ltr'>ipso</span> <span class='ocrx_word' id='word_1_238' title='bbox 645 3816 860 3877; x_wconf 90' lang='lat' dir='ltr'>castro</span> <span class='ocrx_word' id='word_1_239' title='bbox 913 3811 1274 3897; x_wconf 87' lang='lat' dir='ltr'>exiuerant,</span> <span class='ocrx_word' id='word_1_240' title='bbox 1326 3810 1638 3897; x_wconf 89' lang='lat' dir='ltr'>plurimos</span> <span class='ocrx_word' id='word_1_241' title='bbox 1690 3812 1952 3895; x_wconf 83' lang='lat' dir='ltr'>sagittis</span> <span class='ocrx_word' id='word_1_242' title='bbox 2006 3818 2070 3877; x_wconf 90' lang='lat' dir='ltr'>et</span> <span class='ocrx_word' id='word_1_243' title='bbox 2121 3809 2365 3877; x_wconf 89' lang='lat' dir='ltr'>lanceis</span> <span class='ocrx_word' id='word_1_244' title='bbox 2422 3808 2585 3874; x_wconf 78' lang='lat' dir='ltr'>occi:</span> 
     </span>
     <span class='ocr_line' id='line_1_34' title="bbox 318 3900 2585 3999; baseline 0.001 -19"><span class='ocrx_word' id='word_1_245' title='bbox 318 3916 570 3983; x_wconf 86' lang='lat' dir='ltr'>derunt.</span> <span class='ocrx_word' id='word_1_246' title='bbox 636 3900 795 3984; x_wconf 84' lang='lat' dir='ltr'>Post</span> <span class='ocrx_word' id='word_1_247' title='bbox 843 3916 965 3981; x_wconf 87' lang='lat' dir='ltr'>hec</span> <span class='ocrx_word' id='word_1_248' title='bbox 1015 3937 1158 3983; x_wconf 90' lang='lat' dir='ltr'>cum</span> <span class='ocrx_word' id='word_1_249' title='bbox 1216 3938 1336 3985; x_wconf 90' lang='lat' dir='ltr'>nos</span> <span class='ocrx_word' id='word_1_250' title='bbox 1388 3920 1679 3985; x_wconf 84' lang='lat' dir='ltr'>exercitu</span> <span class='ocrx_word' id='word_1_251' title='bbox 1737 3925 1955 3983; x_wconf 88' lang='lat' dir='ltr'>nostro</span> <span class='ocrx_word' id='word_1_252' title='bbox 2008 3916 2278 3999; x_wconf 87' lang='lat' dir='ltr'>aliquali</span> <span class='ocrx_word' id='word_1_253' title='bbox 2322 3934 2585 3999; x_wconf 88' lang='lat' dir='ltr'>congre-</span> 
     </span>
    </p>
   </div>
   <div class='ocr_carea' id='block_1_4' title="bbox 312 4025 2585 4653">
    <p class='ocr_par' dir='ltr' id='par_1_4' title="bbox 312 4025 2585 4653">
     <span class='ocr_line' id='line_1_35' title="bbox 317 4025 2582 4111; baseline 0.001 -22"><span class='ocrx_word' id='word_1_254' title='bbox 317 4034 491 4109; x_wconf 84' lang='lat' dir='ltr'>gato,</span> <span class='ocrx_word' id='word_1_255' title='bbox 538 4025 626 4091; x_wconf 90' lang='lat' dir='ltr'>ad</span> <span class='ocrx_word' id='word_1_256' title='bbox 658 4025 1168 4110; x_wconf 87' lang='lat' dir='ltr'>expugnandum</span> <span class='ocrx_word' id='word_1_257' title='bbox 1200 4026 1412 4109; x_wconf 90' lang='lat' dir='ltr'>ipsum</span> <span class='ocrx_word' id='word_1_258' title='bbox 1457 4034 1742 4093; x_wconf 88' lang='lat' dir='ltr'>castrum</span> <span class='ocrx_word' id='word_1_259' title='bbox 1784 4026 2303 4111; x_wconf 84' lang='lat' dir='ltr'>accessissemus,</span> <span class='ocrx_word' id='word_1_260' title='bbox 2354 4043 2582 4111; x_wconf 89' lang='lat' dir='ltr'>preno-</span> 
     </span>
     <span class='ocr_line' id='line_1_36' title="bbox 312 4132 2579 4221; baseline 0 -23"><span class='ocrx_word' id='word_1_261' title='bbox 312 4134 433 4200; x_wconf 82' lang='lat' dir='ltr'>tati</span> <span class='ocrx_word' id='word_1_262' title='bbox 463 4133 821 4201; x_wconf 87' lang='lat' dir='ltr'>Ladizlaus</span> <span class='ocrx_word' id='word_1_263' title='bbox 874 4141 939 4200; x_wconf 89' lang='lat' dir='ltr'>et</span> <span class='ocrx_word' id='word_1_264' title='bbox 972 4136 1033 4200; x_wconf 88' lang='lat' dir='ltr'>N</span> <span class='ocrx_word' id='word_1_265' title='bbox 1033 4136 1326 4221; x_wconf 76' lang='lat' dir='ltr'>ycolauS,</span> <span class='ocrx_word' id='word_1_266' title='bbox 1383 4144 1453 4202; x_wconf 93' lang='lat' dir='ltr'>ut</span> <span class='ocrx_word' id='word_1_267' title='bbox 1485 4136 1860 4203; x_wconf 89' lang='lat' dir='ltr'>feruencius</span> <span class='ocrx_word' id='word_1_268' title='bbox 1911 4154 2086 4202; x_wconf 91' lang='lat' dir='ltr'>more</span> <span class='ocrx_word' id='word_1_269' title='bbox 2138 4132 2328 4200; x_wconf 90' lang='lat' dir='ltr'>solito</span> <span class='ocrx_word' id='word_1_270' title='bbox 2361 4152 2579 4199; x_wconf 89' lang='lat' dir='ltr'>eorum</span> 
     </span>
     <span class='ocr_line' id='line_1_37' title="bbox 312 4240 2585 4311; baseline -0.001 -3"><span class='ocrx_word' id='word_1_271' title='bbox 312 4240 657 4310; x_wconf 82' lang='lat' dir='ltr'>fidelitates</span> <span class='ocrx_word' id='word_1_272' title='bbox 692 4250 1065 4311; x_wconf 86' lang='lat' dir='ltr'>exercerent</span> <span class='ocrx_word' id='word_1_273' title='bbox 1118 4263 1334 4311; x_wconf 89' lang='lat' dir='ltr'>coram</span> <span class='ocrx_word' id='word_1_274' title='bbox 1385 4248 1604 4310; x_wconf 89' lang='lat' dir='ltr'>nostre</span> <span class='ocrx_word' id='word_1_275' title='bbox 1644 4243 2009 4309; x_wconf 88' lang='lat' dir='ltr'>Maiestatis</span> <span class='ocrx_word' id='word_1_276' title='bbox 2048 4241 2251 4309; x_wconf 89' lang='lat' dir='ltr'>oculis</span> <span class='ocrx_word' id='word_1_277' title='bbox 2287 4241 2585 4307; x_wconf 89' lang='lat' dir='ltr'>laudabi-</span> 
     </span>
     <span class='ocr_line' id='line_1_38' title="bbox 318 4348 2581 4438; baseline 0 -24"><span class='ocrx_word' id='word_1_278' title='bbox 318 4351 466 4417; x_wconf 90' lang='lat' dir='ltr'>liter</span> <span class='ocrx_word' id='word_1_279' title='bbox 515 4348 932 4438; x_wconf 61' lang='lat' dir='ltr'>dimicarunt3</span> <span class='ocrx_word' id='word_1_280' title='bbox 988 4350 1220 4418; x_wconf 91' lang='lat' dir='ltr'>multos</span> <span class='ocrx_word' id='word_1_281' title='bbox 1276 4372 1355 4417; x_wconf 88' lang='lat' dir='ltr'>ex</span> <span class='ocrx_word' id='word_1_282' title='bbox 1407 4350 1853 4417; x_wconf 89' lang='lat' dir='ltr'>detentoribus</span> <span class='ocrx_word' id='word_1_283' title='bbox 1905 4350 2112 4437; x_wconf 89' lang='lat' dir='ltr'>ipsius</span> <span class='ocrx_word' id='word_1_284' title='bbox 2169 4351 2363 4417; x_wconf 86' lang='lat' dir='ltr'>castri</span> <span class='ocrx_word' id='word_1_285' title='bbox 2417 4349 2581 4416; x_wconf 91' lang='lat' dir='ltr'>occi·</span> 
     </span>
     <span class='ocr_line' id='line_1_39' title="bbox 319 4455 2585 4545; baseline -0 -23"><span class='ocrx_word' id='word_1_286' title='bbox 319 4455 552 4526; x_wconf 88' lang='lat' dir='ltr'>dendo.</span> <span class='ocrx_word' id='word_1_287' title='bbox 622 4461 784 4526; x_wconf 87' lang='lat' dir='ltr'>Item</span> <span class='ocrx_word' id='word_1_288' title='bbox 837 4480 981 4526; x_wconf 89' lang='lat' dir='ltr'>cum</span> <span class='ocrx_word' id='word_1_289' title='bbox 1036 4460 1398 4545; x_wconf 90' lang='lat' dir='ltr'>predictum</span> <span class='ocrx_word' id='word_1_290' title='bbox 1431 4459 1822 4542; x_wconf 86' lang='lat' dir='ltr'>Magistrum</span> <span class='ocrx_word' id='word_1_291' title='bbox 1853 4459 2244 4527; x_wconf 84' lang='lat' dir='ltr'>Joachinnm</span> <span class='ocrx_word' id='word_1_292' title='bbox 2299 4456 2387 4523; x_wconf 88' lang='lat' dir='ltr'>ad</span> <span class='ocrx_word' id='word_1_293' title='bbox 2419 4456 2585 4522; x_wconf 90' lang='lat' dir='ltr'>obsi·</span> 
     </span>
     <span class='ocr_line' id='line_1_40' title="bbox 319 4565 2581 4653; baseline -0.001 -21"><span class='ocrx_word' id='word_1_294' title='bbox 319 4565 596 4635; x_wconf 89' lang='lat' dir='ltr'>dendum</span> <span class='ocrx_word' id='word_1_295' title='bbox 661 4576 940 4635; x_wconf 87' lang='lat' dir='ltr'>castrum</span> <span class='ocrx_word' id='word_1_296' title='bbox 1003 4568 1385 4635; x_wconf 89' lang='lat' dir='ltr'>Zombothel</span> <span class='ocrx_word' id='word_1_297' title='bbox 1446 4573 1788 4653; x_wconf 81' lang='lat' dir='ltr'>uocatum,</span> <span class='ocrx_word' id='word_1_298' title='bbox 1854 4568 2026 4652; x_wconf 90' lang='lat' dir='ltr'>quod</span> <span class='ocrx_word' id='word_1_299' title='bbox 2101 4565 2402 4634; x_wconf 90' lang='lat' dir='ltr'>similiter</span> <span class='ocrx_word' id='word_1_300' title='bbox 2465 4583 2581 4650; x_wconf 88' lang='lat' dir='ltr'>per</span> 
     </span>
    </p>
   </div>
   <div class='ocr_carea' id='block_1_5' title="bbox 318 4670 2580 4851">
    <p class='ocr_par' dir='ltr' id='par_1_5' title="bbox 318 4670 2580 4851">
     <span class='ocr_line' id='line_1_41' title="bbox 318 4670 2580 4762; baseline -0.002 -22"><span class='ocrx_word' id='word_1_301' title='bbox 318 4672 609 4742; x_wconf 89' lang='lat' dir='ltr'>homines</span> <span class='ocrx_word' id='word_1_302' title='bbox 644 4677 822 4762; x_wconf 88' lang='lat' dir='ltr'>ipsos</span> <span class='ocrx_word' id='word_1_303' title='bbox 862 4676 1058 4760; x_wconf 88' lang='lat' dir='ltr'>Regis</span> <span class='ocrx_word' id='word_1_304' title='bbox 1111 4675 1371 4743; x_wconf 89' lang='lat' dir='ltr'>Boemie</span> <span class='ocrx_word' id='word_1_305' title='bbox 1424 4674 1866 4742; x_wconf 82' lang='lat' dir='ltr'>fraudulenter</span> <span class='ocrx_word' id='word_1_306' title='bbox 1919 4680 2301 4760; x_wconf 87' lang='lat' dir='ltr'>occupatum</span> <span class='ocrx_word' id='word_1_307' title='bbox 2350 4670 2580 4759; x_wconf 86' lang='lat' dir='ltr'>fuerat,</span> 
     </span>
     <span class='ocr_line' id='line_1_42' title="bbox 2169 4782 2260 4851; baseline 0 -29"><span class='ocrx_word' id='word_1_308' title='bbox 2169 4782 2260 4851; x_wconf 59' lang='lat'>5*</span> 
     </span>
    </p>
   </div>
  </div>
 </body>
</html>
