3319 5249
1843 264 1932 328 94

1838 816 1950 883 56.

767 1016 829 1083 A
877 1015 1406 1102 sze'lcesfehervdri
1456 1017 1769 1102 kdptalan
1820 1020 2022 1102 ‹itiwjja
2072 1041 2230 1084 azo‘n
2280 1018 2703 1103 okmcinyokat
2723 1067 2744 1098 ,
2792 1019 3036 1103 melyek

766 1127 931 1192 ‹iltal
983 1126 1221 1191 Miklds
1253 1124 1638 1191 Arnoldnak
1671 1125 1778 1206 fia
1828 1126 1965 1190 tubb
2014 1128 2255 1212 szolqcit
2324 1129 2387 1191 6⁸
2435 1127 2738 1211 szolqdldt
2788 1127 3037 1191 Ponich

1503 1231 1762 1296 bdnnak
1792 1234 2047 1299 eladott.
2101 1236 2293 1300 1274.
2336 1284 2343 1289 ⁴

987 1428 1419 1517 (C)apitulum
1454 1432 1765 1499 Albensis
1799 1430 2094 1498 Ecclesie
2126 1429 2423 1497 omnibus
2449 1428 2693 1496 Christi
2726 1413 3032 1495 fidelibus

775 1543 1109 1622 presentes
1161 1536 1412 1604 litteras
1473 1538 1867 1623 inspecturis
1918 1538 2201 1605 salutem
2252 1538 2316 1603 in
2367 1537 2645 1603 Domino
2699 1538 3041 1621 sempiter-

773 1665 948 1712 nam.
1000 1645 1107 1712 Ad
1143 1647 1590 1728 vniuersorum
1641 1648 1947 1713 noticiam
1998 1653 2221 1714 tenore
2276 1647 2676 1732 presencium
2738 1647 3041 1713 volumus

775 1755 1155 1837 peruenire3
1226 1751 1396 1838 quod
1448 1754 1800 1820 Ladizlaus
1863 1753 2035 1819 filius
2087 1753 2334 1820 Ponich
2383 1755 2548 1820 Bani
2601 1753 2687 1819 ad
2740 1761 3034 1820 nostram

777 1862 1094 1929 accedens
1142 1863 1546 1948 presenciam
1596 1863 1892 1930 exhibuit
1942 1863 2131 1930 nobis
2171 1862 2427 1930 litteras
2459 1861 2706 1928 domini
2735 1864 2932 1945 Regis
2964 1864 3039 1928 in

780 1970 896 2036 bec
928 1969 1169 2036 uerba:

995 2076 1350 2145 Ladizlaus
1402 2079 1484 2143 D.
1536 2097 1633 2161 gr.
1670 2079 1808 2144 Rex
1842 2076 2181 2161 Hungarie
2231 2076 2532 2146 fidelibus
2565 2079 2704 2145 suis
2736 2078 3039 2163 capitulo

780 2185 1055 2252 Albensi
1090 2185 1209 2251 stb.
1246 2183 1672 2271 (kovetkezik
1712 2187 1824 2252 IV.
1861 2188 2094 2253 Laszlo
2125 2185 2347 2271 kiraly
2384 2186 2654 2253 1273-ki
2688 2205 3040 2271 parancsa‚

787 2292 949 2357 mint
988 2291 1249 2360 fentebb
1282 2296 1388 2360 27.
1422 2313 1512 2359 sz.
1546 2290 1640 2379 a.)

998 2400 1236 2465 Verum
1271 2401 1425 2481 quia
1469 2400 1673 2466 series
1707 2400 1912 2485 ipsius
1944 2400 2197 2484 negocij
2236 2401 2303 2466 in
2337 2401 2567 2468 litteris
2598 2400 2835 2469 nostris
2869 2421 3042 2468 com-

785 2507 1299 2592 posicionalibus
1353 2509 1618 2575 uiuente
1669 2507 1811 2593 ipso
1844 2508 2088 2575 Ponich
2140 2509 2321 2575 Bano
2375 2507 2606 2576 exinde
2654 2516 2858 2577 antea
2895 2528 3051 2574 con-

783 2614 974 2682 fectis
1027 2616 1284 2701 plenius
1337 2616 1831 2702 continebatur,
1898 2615 2164 2684 easdem
2238 2618 2443 2683 eciam
2512 2616 2804 2685 exhibuit
2853 2605 3050 2684 nobis

786 2722 956 2789 hauc
984 2723 1262 2791 formam
1298 2723 1730 2791 continentes.

999 2831 1134 2900 Nos
1188 2834 1561 2917 Capitulum
1622 2831 1927 2899 Albensis
1990 2833 2285 2899 Ecclesie
2347 2836 2467 2901 stb.
2531 2832 2955 2919 (kovetkezik
2997 2855 3045 2899 a

786 2938 1352 3007 szekesfebervari
1406 2941 1868 3024 kaptalannak
1926 2940 2187 3008 1272-ki
2237 2940 2825 3028 bizonysaglevcle,
2881 2943 3047 3008 mint

789 3046 1051 3114 fentebb
1085 3052 1148 3115 6.
1183 3069 1273 3114 sz.
1310 3046 1399 3133 a.)

1003 3153 1216 3238 Super
1249 3152 1562 3238 predictis
1614 3153 1835 3238 itaque
1884 3175 2118 3222 nouem
2152 3156 2477 3240 capitibus
2528 3176 2883 3242 seruorum,
2925 3177 3053 3239 que

792 3260 919 3345 ipsi
966 3259 1168 3328 Ponic
1198 3261 1379 3328 Bano
1414 3262 1667 3328 restitui
1718 3262 2095 3347 debuerunt,
2149 3262 2429 3329 uidimus
2482 3262 2547 3327 in
2587 3264 2823 3331 litteris
2856 3266 3053 3351 Capi-

791 3370 913 3436 tuli
948 3368 1476 3456 Wesprimiensis
1506 3390 1625 3454 per
1657 3369 1932 3436 eundem
1965 3369 2346 3437 Ladizlaum
2381 3369 2715 3457 exhibitis,
2753 3371 3052 3439 extitisse

799 3479 1157 3546 ordinatum
1211 3499 1287 3545 eo
1317 3478 1529 3563 modo,
1579 3477 1751 3561 quod
1802 3498 1920 3544 sex
1970 3479 2189 3564 capita
2245 3499 2576 3545 seruorum
2629 3499 2744 3565 per
2773 3479 3055 3547 eundem

790 3588 1154 3673 Nycolaum
1202 3572 1331 3672 ipsi
1363 3585 1565 3654 Ponic
1598 3588 1780 3654 Bauo
1831 3586 2111 3654 fuissent
2159 3588 2479 3673 restituta,
2537 3608 2652 3674 pro
2697 3588 2904 3654 tribus
2936 3608 3055 3653 au-

795 3703 924 3762 tem
955 3694 1279 3781 capitibus
1314 3715 1648 3762 seruorum
1699 3715 1934 3762 nouem
1972 3716 2228 3762 marcas
2273 3696 2443 3762 idem
2482 3698 2813 3783 Nycolaus
2846 3695 3061 3761 eidem

796 3802 1265 3889 persoluisset3
1316 3811 1381 3871 et
1431 3804 1608 3888 ipsas
1661 3804 1885 3870 decem
1938 3805 2215 3871 tunellas
2268 3804 2405 3871 vini
2461 3825 2604 3871 cum
2656 3802 2951 3873 curribus
2993 3809 3062 3869 et

796 3911 1240 3997 quadraginta
1303 3914 1508 3980 bobus
1561 3908 1774 3979 eidem
1837 3910 2161 3996 dedisset,
2227 3922 2417 3998 prout
2465 3913 2678 3980 fuerat
2730 3913 2896 3979 inter
2948 3930 3065 3978 eos

799 4020 1168 4087 ordinatum
1195 4042 1210 4104 3
1259 4019 1431 4103 quod
1463 4019 1672 4086 eciam
1704 4019 1874 4085 idem
1910 4019 2265 4086 Ladizlaus
2302 4021 2460 4086 uiua
2488 4040 2649 4087 uoce
2680 4020 3058 4087 affirmauit.

802 4126 1029 4194 Eciam
1064 4127 1130 4194 in
1163 4125 1408 4194 eisdem
1441 4125 1998 4212 litteris-Capituli
2032 4128 2484 4214 comperimus,
2538 4128 2656 4193 sub
2689 4125 3066 4195 testimonio

802 4235 1093 4302 eiusdem
1130 4237 1275 4321 ipsa
1309 4236 1436 4302 duo
1487 4243 1706 4303 castra
1756 4235 1883 4320 ipsi
1915 4235 2211 4321 Nycolao
2244 4234 2451 4302 fuisse
2499 4236 2803 4303 restituta
2851 4233 2919 4300 in
2951 4233 3063 4299 die

801 4350 1169 4429 prenotato.
1217 4345 1300 4409 Et
1332 4343 1487 4428 quia
1533 4344 1858 4428 premissa
1909 4351 1975 4411 ct
2010 4342 2275 4428 singula
2324 4344 2781 4428 premissorum
2836 4362 3063 4410 secun-

803 4452 955 4519 dum
989 4453 1089 4518 sui
1125 4450 1614 4534 expedicionem
1667 4457 1731 4515 ct
1763 4449 2472 4535 consumpmacioncm,
2528 4457 2599 4516 ut
2636 4451 2933 4537 superius
2965 4457 3068 4517 est

802 4580 1203 4646 expressum,
1251 4559 1608 4646 patrocinio
1657 4560 1863 4628 nostri
1893 4560 2222 4646 priuilegij
2279 4559 2607 4627 debebant
2663 4561 3051 4645 confirmari,
