3319 5249
1742 305 1877 373 524

1740 937 1893 1004 379.

683 1134 802 1198 JV.
837 1135 1072 1201 La'szld
1120 1136 1341 1222 kiraeily
1390 1160 1434 1201 a
1481 1136 1876 1223 nyfilsziqcti
1924 1136 2515 1223 apdczazcirddnak
2563 1136 2936 1239 visffzmja

1251 1244 1465 1330 Zoych
1516 1243 1929 1329 nevilfoldet.
1973 1243 2165 1310 1290.
2198 1245 2407 1311 haral.

892 1459 1028 1525 Nos
1058 1456 1409 1527 Ladizlaus
1456 1458 1579 1526 Dei
1628 1458 1858 1544 gracia
1905 1462 2048 1527 Rex
2095 1456 2435 1541 Hungarie
2485 1456 2927 1541 significamus

677 1564 996 1632 Vniuersis
1032 1566 1436 1650 presencium
1458 1586 1572 1653 per
1600 1573 1912 1652 tenorem,
1948 1564 2121 1650 quod
2171 1571 2408 1632 terram
2457 1562 2678 1648 Zoych
2733 1583 2924 1630 uoca-

679 1678 814 1739 tam
846 1672 1004 1739 ville
1036 1675 1267 1741 Toxun
1301 1673 1661 1741 inmediate
1696 1675 2090 1760 contiguam,
2124 1673 2292 1739 sicut
2351 1673 2608 1756 dicitur,
2673 1671 2758 1737 ab
2819 1670 2929 1738 Jo-

679 1779 896 1847 hanne
928 1780 1216 1848 canifero
1248 1789 1467 1850 nostro
1500 1781 1878 1868 auferendo,
1912 1802 2106 1866 quam
2156 1779 2326 1848 idem
2359 1780 2693 1849 ‚lohannes
2723 1800 2767 1845 a
2815 1799 2924 1845 no-

674 1888 772 1954 bis
805 1887 1004 1955 tacita
1053 1890 1330 1958 ueritate
1362 1890 1701 1976 petiuerag
1734 1891 1992 1957 domiue
2041 1887 2403 1975 Elyzabeth
2449 1887 2658 1955 sorori
2707 1892 2925 1953 nostre

673 1995 1022 2063 karissime
1053 1996 1354 2065 duximus
1388 1997 1875 2082 restituendam,
1912 2018 1988 2065 co
2018 1997 2155 2063 iure
2188 2002 2253 2062 et
2282 2017 2359 2062 eo
2389 1992 2598 2082 modo,
2651 2015 2780 2079 quo
2811 2014 2921 2060 an-

674 2111 781 2173 tea
811 2106 1021 2173 eidem
1056 2107 1312 2175 domine
1343 2108 1704 2193 Elyzabeth
1737 2107 2085 2174 karissime
2118 2105 2323 2172 sorori
2375 2111 2594 2172 nostre
2643 2103 2919 2170 dinosci-

673 2235 816 2281 mur
848 2215 1223 2283 contulisse.
1285 2215 1473 2282 Vnde
1522 2218 1843 2300 uolumus,
1876 2212 2047 2299 quod
2079 2215 2296 2282 nullus
2320 2211 2616 2298 judicum
2650 2212 2759 2279 uel
2796 2211 2910 2295 alij

673 2322 898 2408 aliqui,
931 2323 1249 2392 officiales
1281 2325 1486 2409 ipsius
1519 2326 1763 2393 sororis
1797 2332 2013 2393 nostre
2066 2343 2262 2409 super
2291 2324 2463 2390 sacto
2495 2321 2701 2409 ipsius
2753 2329 2919 2389 terre

675 2429 965 2498 audeant
998 2432 1365 2499 molestare.
1426 2433 1667 2500 Datum
1732 2431 1798 2499 in
1864 2433 2069 2517 Egres
2117 2431 2320 2498 tercio
2382 2429 2490 2495 die
2552 2435 2923 2495 octauarum

672 2537 896 2606 Sancti
936 2538 1314 2626 Mychaelis.

670 2734 796 2801 (111.
823 2736 1004 2791 Endre
1025 2734 1320 2805 kiralynak
1352 2738 1573 2790 1294·k1
1597 2734 1918 2805 megerb‘sito'
1943 2734 2312 2804 okmanyabol
2337 2752 2373 2790 a
2390 2738 2554 2789 budai
2583 2738 2682 2789 kir.
2728 2736 2916 2789 kama-

1549 2832 1630 2882 rai
1657 2825 2036 2893 lovfiltarban.)

1580 3115 2008 3129 ψ

1705 3652 1864 3721 380.

661 3851 953 3918 mahat
986 3849 1231 3917 idoscbb
1261 3851 1696 3938 kirdlync'nak
1725 3851 2018 3939 bizonyos
2051 3855 2324 3942 cthdzi
2371 3854 2730 3921 adakozdst
2781 3857 2915 3918 cdr-

1379 3963 1583 4047 9yazo'
1611 3960 1946 4047 olcmdnya.
1999 3962 2192 4028 1290.

875 4171 1214 4242 Elisabeth
1246 4173 1370 4240 Dei
1404 4173 1637 4259 gracia
1693 4173 1902 4243 maior
1947 4175 2203 4263 Regina
2255 4175 2596 4261 Hungarie
2660 4161 2913 4242 uniuer-

658 4280 750 4348 sis
781 4279 1022 4348 Christi
1051 4279 1373 4368 fidelibus,
1403 4280 1492 4351 ad
1519 4301 1681 4367 quos
1714 4303 1977 4369 presens
2007 4284 2319 4369 scriptum
2371 4284 2763 4372 peruenerit,
2799 4303 2903 4350 sa·

616 4388 861 4455 “lutcm
894 4386 964 4454 in
995 4388 1277 4456 omnium
1331 4387 1661 4456 saluatore
1722 4387 1827 4455 Ad
1888 4390 2335 4460 vniuersorum
2395 4390 2703 4460 noticiam
2768 4398 2903 4458 tam

655 4494 1063 4578 presencium
1095 4516 1288 4582 quam
1321 4495 1682 4564 futurorum
1712 4497 1944 4568 harum
1995 4499 2165 4567 serie
2196 4500 2495 4568 uolumus
2527 4498 2903 4586 peruenire:

657 4599 850 4683 Quod
912 4623 1032 4672 nos
1094 4603 1161 4671 in
1224 4604 1481 4691 signum
1548 4606 2002 4676 retribucionis
2088 4626 2204 4676 seu
2269 4608 2904 4696 recompensacionis
