3319 5249
1775 299 2030 398 „Q
2049 391 2092 396 -

802 514 1041 584 rarum,
1078 503 1142 564 et
1177 504 1385 566 utrum
1419 496 1715 563 homines
1747 496 2105 582 supradicti
2137 496 2281 563 sine
2313 495 2628 563 heredum
2660 495 2912 567 solacio
2932 494 3056 566 fue·

802 602 933 670 rint
963 601 1255 673 destituti
1287 626 1407 672 nec
1440 624 1544 692 ne,
1596 603 1786 671 nobis
1816 604 1904 672 ad
1964 604 2230 690 plenum
2291 603 2531 671 ueritas
2595 625 2726 672 non
2761 616 3060 674 constat:

798 710 1099 780 volumus
1129 719 1194 781 et
1222 713 1522 781 fidelitati
1555 719 1771 781 uestre
1813 712 2236 799 precipiendo
2289 711 2672 781 mandamus
2693 767 2710 798 ,
2744 723 3064 797 quatenus

798 819 1073 887 mittatis
1103 821 1426 888 hominem
1457 827 1745 890 vestrum
1779 841 1896 905 pro
1936 820 2309 888 testimonio
2362 820 2763 906 fidedignum
2786 875 2805 910 ,
2840 844 3060 891 coram

798 947 925 1009 quo
957 927 1294 995 Johannes
1324 928 1499 995 filius
1552 927 1858 995 Manthus
1890 927 2082 994 homo
2134 936 2359 995 noster
2408 928 2685 995 accedat
2740 950 2940 1016 super
2969 932 3060 996 sa-

795 1035 958 1101 ciem
991 1043 1304 1104 terrarum
1335 1038 1640 1121 superius
1675 1037 2155 1104 nominatarum
2174 1086 2193 1122 ,
2258 1042 2325 1103 et
2355 1034 2621 1103 easdem
2652 1041 3063 1122 presentibus

799 1143 1096 1212 omnibus
1130 1145 1595 1214 commetaneis
1628 1153 1692 1211 et
1724 1145 1957 1213 vicinis
1991 1165 2106 1231 per
2139 1150 2390 1212 veteres
2425 1152 2628 1210 metas
2663 1151 2727 1211 et
2758 1146 3062 1230 antiquas

796 1251 1261 1319 reambulando
1325 1274 1467 1321 cum
1530 1253 1922 1320 utilitatibus
1956 1260 2022 1319 et
2054 1251 2475 1338 pertinenciis
2536 1252 2891 1320 earundem
2921 1256 3060 1319 vni-

797 1359 1008 1426 uersis
1039 1359 1345 1442 predictis
1391 1360 1758 1446 Stephano’
1790 1366 1855 1426 et
1884 1360 2089 1426 Paulo
2121 1359 2455 1443 Magistris
2486 1365 2731 1428 statuat
2796 1371 2862 1428 et
2892 1362 3059 1428 assi-

800 1473 956 1549 gnet
987 1465 1442 1551 possidendae,
1471 1468 1530 1534 si
1563 1488 1692 1533 non
1725 1466 1920 1534 fuerit
1973 1467 2484 1552 contradictum;
2544 1469 3060 1536 contradictores

800 1595 974 1654 uero,
1013 1574 1070 1638 si
1100 1574 1215 1658 qui
1247 1574 1501 1655 suerint,
1532 1576 1622 1641 ad
1652 1581 1938 1641 nostram
1960 1574 2117 1641 citet
2149 1570 2568 1643 Presenciam
2588 1576 2675 1641 ad
2703 1579 3056 1644 terminum

794 1688 1298 1767 competentem3
1334 1688 1399 1748 et
1434 1682 1707 1768 posthec
1737 1682 1909 1750 diem
1942 1682 2281 1751 citaeionis
2304 1734 2318 1760 ,
2376 1683 2642 1749 nomina
2691 1683 3056 1771 citatorum,

793 1786 1133 1856 terminum
1170 1789 1574 1875 assignatum
1596 1841 1615 1873 ‚
1679 1788 2063 1874 qualitatem
2112 1797 2177 1856 et
2237 1791 2668 1874 quantitatem
2731 1790 3056 1857 dictarum

792 1904 1125 1984 terrarum,
1158 1918 1237 1964 ac
1270 1915 1494 1965 cursus
1523 1904 1839 1966 metarum
1872 1898 2227 1966 earundem
2289 1899 2472 1965 nobis
2523 1898 2802 1965 fideliter
2831 1900 3057 1967 rescri-

792 2005 983 2071 batis.
1016 2007 1256 2073 Datum
1291 2006 1359 2071 in
1392 2008 1615 2076 Zekas
1649 2008 1724 2072 in
1756 2007 2007 2074 octauis
2047 2008 2485 2075 Pentecostes.

789 2202 1070 2268 (Eredetie
1103 2202 1447 2271 btirhartyainC
1482 2222 1516 2257 a
1558 2203 1950 2274 zarpecsetnek
1992 2205 2249 2259 wredeke
2299 2205 2420 2272 meg
2475 2223 2740 2272 megvau3
2791 2224 2826 2258 a
2867 2224 3052 2258 nemea

1486 2294 1690 2362 Kallay
1728 2294 1912 2349 csalad
1943 2293 2369 2363 leveltaraban.)

1839 3208 1994 3276 412.

782 3414 901 3479 IV.
934 3413 1165 3480 Ldszlo
1193 3411 1547 3498 kirdlynak
1579 3433 1621 3474 α
1651 3408 2067 3495 nayyvaeiradi
2125 3407 2549 3493 kdptalanhoz
2582 3408 2844 3487 intezett,
2893 3407 3030 3472 Da·

782 3521 1037 3601 marad,
1071 3520 1284 3586 Dobos
1309 3522 1371 3586 4³
1391 3519 1718 3604 Byztruch
1750 3516 2126 3602 helyseqeket
2152 3518 2466 3601 ta'rqyazo
2495 3516 2765 3615 iuktatdsi
2785 3537 3031 3599 paran-

789 3652 917 3715 αα,
952 3625 1211 3713 Mihdly
1242 3651 1437 3693 comes
1466 3648 1499 3691 ε
1516 3625 1679 3709 fiai,
1712 3622 2095 3798 {stvdgkgls
2149 3624 2278 3688 Pal
2327 3624 2661 3689 mesternek
2710 3627 3029 3688 szd‘ma'ra.

1778 3758 1812 3797 v
1861 3755 1904 3796 ‘n
2083 3779 2096 3795 .

985 3933 1335 4002 Ladizlaus
1365 3931 1491 4000 Dei
1518 3932 1744 4016 gracia
1774 3933 1920 3999 Rex
1954 3928 2290 4013 Hungarie
2320 3929 2620 3998 fidelibus
2649 3929 2787 3997 suis
2824 3929 3021 4016 Capi-

771 4041 909 4108 tulo
938 4040 1356 4109 Waradiensi
1387 4041 1663 4109 salutem
1697 4047 1762 4108 et
1793 4041 2102 4124 graciam.
2140 4038 2301 4104 Oum
2333 4058 2452 4106 nos
2514 4036 2829 4122 quasdam
2881 4058 3026 4125 pos-

771 4147 1099 4217 sessiones
1129 4153 1320 4219 Pauli
1350 4159 1415 4217 et
1447 4151 1719 4217 fratrum
1750 4169 2011 4217 suorum
2042 4148 2318 4214 filiorum
2352 4148 2605 4234 Cosme,
2656 4148 3019 4235 Damarad,

754 4256 992 4326 ,Dobos
1045 4264 1109 4324 et
1157 4257 1479 4343 Byztruch
1522 4264 1790 4324 uocatas
1821 4255 1999 4324 etad
2050 4275 2162 4322 eas
2218 4257 2633 4341 pertinenteS,
2685 4256 2865 4323 iuxta
2917 4257 3027 4322 Ti-

768 4365 932 4431 ciam
963 4366 1030 4431 in
1063 4366 1384 4434 Comitatu
1434 4365 1516 4432 de
1564 4363 1869 4433 Zobouch
1921 4363 2296 4452 existentes,
2351 4371 2619 4449 propter
2674 4362 3026 4432 eorundem

769 4492 1074 4541 excessus
1105 4474 1512 4561 manifestos,
1548 4494 1714 4557 quos
1747 4481 1976 4541 contra
2007 4478 2299 4540 nostram
2329 4472 2597 4556 Regiam
2617 4471 3028 4539 Maiestatem

768 4581 1244 4670 commiserunt,
1312 4581 1544 4650 Oomiti
1577 4581 1879 4648 Michaeli
1914 4580 2045 4647 filio
2077 4580 2268 4667 Vbul,
2320 4579 2652 4664 Stephano
2704 4590 2770 4646 et
2821 4579 3027 4646 Paulo
