3319 5249
1723 328 1848 392 198

1706 841 1856 911 137.

648 1059 769 1125 IV.
803 1062 1032 1125 Ldszld
1060 1060 1416 1147 kirdlynak
1475 1062 1758 1126 Thezaar
1807 1070 1966 1126 nevit
2005 1028 2277 1127 birtolcot
2309 1067 2620 1149 tciryyazo
2652 1067 2905 1131 adonai-

954 1191 1086 1254 nya
1129 1168 1309 1233 Jaak
1342 1170 1805 1254 nemzetseybeli
1832 1170 2010 1235 Jaak
2041 1175 2361 1238 szcima'ra.
2411 1174 2606 1241 1278.

864 1363 1214 1432 Ladizlaus
1275 1366 1399 1432 Dei
1461 1369 1690 1450 gracia
1738 1364 2075 1453 Hungarie
2095 1422 2114 1455 ,
2164 1370 2506 1438 Dalmaeie
2526 1423 2546 1457 ,
2615 1370 2903 1454 Croacie‚

649 1475 851 1539 Rame
869 1524 890 1561 ,
958 1473 1218 1560 Semie,
1266 1472 1562 1561 Gallicie‚
1624 1474 2004 1544 Lodomerie
2025 1528 2043 1565 ,
2103 1478 2416 1547 Cumanie
2475 1478 2911 1564 Bulgarieque

650 1585 790 1648 Rex
823 1581 1119 1649 omnibus
1153 1582 1392 1649 Christi
1427 1582 1727 1650 fidelibus
1767 1592 2139 1670 presentem
2173 1587 2485 1671 paginam
2515 1587 2911 1673 inspecturis

651 1691 929 1758 salutem
964 1689 1032 1756 in
1068 1690 1353 1756 omnium
1374 1691 1730 1757 saluatore.
1764 1692 1867 1758 Ad
1891 1692 2333 1761 vniuersorum
2352 1694 2666 1761 noticiam
2685 1701 2914 1763 tenore

653 1799 1058 1883 presencium
1112 1800 1407 1865 volumus
1439 1799 1822 1886 peruenire,
1876 1803 2048 1884 quod
2099 1802 2529 1871 consideratis
2563 1804 2913 1891 meritorijs

656 1903 985 1989 obsequijs
1037 1911 1102 1971 et
1154 1907 1559 1990 obsequiosis
1609 1906 1858 1973 meritis
1913 1905 2180 1975 Comitis
2213 1910 2390 1977 Jaak
2441 1911 2556 1993 filij
2609 1911 2795 1978 Ebed
2830 1911 2914 1976 de

654 2030 888 2095 genere
920 2013 1093 2080 Jaak
1115 2062 1134 2098 ,
1186 2033 1309 2096 que
1361 2013 1549 2080 nobis
1604 2018 1669 2080 et
1716 2014 2061 2083 karissimo
2115 2018 2290 2103 patri
2329 2024 2547 2085 nostro
2579 2020 2743 2102 Regi
2776 2019 2913 2085 Ste-

655 2120 874 2207 phano
923 2120 1147 2187 inclite
1198 2122 1506 2187 memorie
1553 2123 1619 2187 in
1664 2122 1962 2190 omnibus
2005 2124 2532 2210 expedicionibus
2565 2126 2775 2210 Regni
2804 2148 2913 2192 no-

658 2232 814 2317 stri,
867 2238 933 2297 et
980 2230 1349 2316 specialiter
1399 2230 1468 2295 in
1509 2231 1846 2317 conflictu,
1896 2251 2085 2315 quem
2118 2239 2346 2300 contra
2377 2231 2618 2319 Regem
2650 2234 2914 2303 Boemie

655 2341 1095 2425 habebamus,
1169 2340 1238 2406 in
1294 2359 1422 2424 quo
1474 2339 1703 2406 eodem
1756 2340 1932 2425 Rege
1984 2341 2052 2406 in
2106 2361 2266 2408 area
2318 2343 2469 2409 belli
2502 2343 2908 2429 interempto,

658 2449 810 2536 alijs
841 2470 996 2515 uero
1032 2451 1169 2516 suis
1202 2451 1572 2517 Baronibus
1605 2450 1774 2517 cesis
1828 2456 1891 2517 et
1944 2449 2330 2533 quibusdam
2364 2452 2430 2517 in
2464 2453 2913 2537 captiuitatem

654 2557 965 2646 redactis,
1012 2557 1184 2623 idem
1219 2558 1451 2626 Comes
1504 2557 1681 2626 Jaak
1729 2556 1955 2624 intime
2006 2558 2341 2626 fidelitatis
2382 2558 2773 2628 desiderium
2807 2579 2911 2627 ex-

662 2667 969 2753 primens,
1020 2668 1139 2733 sub
1172 2675 1397 2733 nostro
1450 2665 1697 2733 vexillo
1747 2667 2034 2733 hostium
2086 2686 2325 2734 cuneos
2368 2689 2497 2735 non
2531 2667 2915 2752 formidans,

660 2776 781 2842 sed
813 2774 879 2841 in
912 2780 1228 2860 concepta
1258 2773 1574 2842 fidelitate
1605 2774 1884 2841 fideliter
1915 2795 2344 2860 perseuerans
2379 2775 2559 2844 felici
2592 2774 2916 2862 triumpho

669 2884 1001 2971 militauit,
1068 2903 1147 2951 ac
1206 2890 1466 2970 propter
1516 2884 1650 2950 alia
1681 2884 1887 2970 ipsius
1921 2884 2221 2969 seruicia,
2274 2905 2395 2970 que
2443 2893 2732 2972 tempore
2781 2907 2920 2971 per·

662 2993 1020 3061 secucionis
1074 2992 1431 3060 infidelium
1484 2999 1849 3060 nostrorum
1889 2999 2106 3061 nostre
2148 2993 2368 3077 gracie
2407 3014 2479 3061 se
2511 2993 2917 3078 submittens,

660 3102 1023 3186 nolensque
1074 3099 1316 3169 eisdem
1368 3100 1700 3186 adherere,
1756 3102 1821 3167 in
1856 3101 1994 3167 suis
2043 3101 2561 3187 possessionibus
2613 3109 2677 3169 et
2726 3104 2920 3169 rebus

662 3211 949 3296 dampna
981 3211 1459 3295 quamplurima
1492 3217 1589 3278 est
1621 3229 2008 3296 perpessus;
2058 3230 2174 3295 pro
2207 3209 2332 3294 hijs
2366 3209 2563 3294 igitur
2600 3217 2666 3275 et
2699 3209 2918 3276 huius-

663 3320 841 3385 modi
872 3318 1169 3404 seruioijs
1225 3318 1504 3404 predicti
1555 3316 1732 3385 Jaak
1784 3336 2119 3385 occurrere
2167 3318 2458 3385 volentes
2512 3315 2721 3402 Regio
2772 3338 2918 3384 cum

659 3427 911 3514 fauore,
960 3427 1028 3493 in
1060 3427 1417 3512 aliqualem
1466 3425 2151 3512 recompensacionem
2204 3445 2464 3493 suorum
2495 3415 2915 3492 seruiciorum

660 3537 847 3603 nobis
909 3535 1191 3603 fideliter
1251 3533 1727 3621 impensorum,
1799 3527 2127 3619 quandam
2199 3541 2437 3601 terram
2487 3533 2914 3601 castrensium

664 3646 874 3714 Castri
904 3644 1125 3711 Ferrei
1159 3644 1454 3710 Thezaar
1485 3650 1734 3727 vocate,
1768 3650 1939 3710 terre
1971 3663 2085 3710 sue
2106 3642 2280 3711 Jaak
2300 3649 2528 3709 vocate
2549 3642 2922 3726 contiguam

662 3761 726 3822 et
757 3753 1060 3837 vicinam,
1109 3775 1151 3819 a
1186 3753 1540 3818 castrensis
1592 3748 1988 3819 condicionis
2027 3751 2399 3818 hominibus
2432 3747 2704 3836 eandem
2737 3747 2915 3815 habi·

661 3863 949 3931 tantibus
982 3861 1381 3945 destitutam,
1413 3866 1761 3943 nostreque
1783 3858 2127 3927 collacioni
2157 3860 2613 3943 pertinentem,
2647 3857 2713 3922 in
2734 3854 2920 3922 euius

665 3972 923 4057 quidem
956 3978 1125 4038 terre
1157 3967 1455 4056 pacificia
1488 3976 1552 4036 et
1570 3968 1793 4052 quieta
1811 3967 2224 4054 possessione
2245 3966 2458 4033 dictus
2481 3966 2710 4032 Comes
2751 3963 2927 4032 Jaak

666 4103 705 4147 a
739 4090 1022 4166 tempore
1054 4077 1251 4164 Regis
1283 4076 1438 4142 Bele
1470 4075 1577 4145 aui
1608 4075 1817 4144 nostri
1873 4082 1936 4141 et
1985 4074 2185 4160 Regis
2219 4072 2537 4158 Stephani
2572 4070 2778 4158 patris
2817 4091 2927 4137 no-

669 4190 788 4258 stri
820 4188 1178 4257 Illustrium
1213 4188 1458 4271 Regum
1494 4183 1834 4269 Hungarie
1867 4183 2154 4251 felicium
2188 4181 2714 4249 recordacionum
2750 4178 2924 4262 paci-

667 4299 785 4364 fice
819 4303 884 4364 et
914 4295 1128 4381 quiete
1156 4292 1599 4381 permansisse
1665 4291 2026 4359 dinoscitur
2078 4310 2285 4375 usque
2336 4287 2548 4374 modo,
2605 4286 2926 4370 dedimus,

676 4405 1058 4474 donauimus
1091 4413 1156 4471 et
1186 4403 1579 4472 contulimus
1615 4399 1824 4468 eidem
1859 4397 2092 4466 Comiti
2133 4397 2311 4466 Jaak
2344 4403 2408 4464 et
2426 4395 2561 4462 suis
2580 4394 2932 4464 heredibus

674 4514 1115 4597 heredumque
1147 4531 1405 4580 suorum
1437 4508 1918 4578 successoribus
1951 4506 2071 4573 sub
2104 4504 2347 4572 eisdem
2397 4503 2585 4570 metis
2618 4507 2683 4572 et
2712 4501 2930 4568 termi-

680 4623 784 4691 nis
814 4624 954 4689 iure
983 4625 1291 4707 perpetuo
1332 4625 1395 4685 et
1424 4614 1936 4684 irreuocabiliter
1975 4612 2455 4699 possidendam.
2505 4613 2583 4679 In
2634 4612 2817 4678 cuius
2840 4609 2933 4676 rei
