3319 5249
1919 325 2052 395 302

861 518 1047 589 colao
1096 520 1289 611 Papo,
1341 524 1785 611 predecessori
1835 533 2075 609 nostro,
2132 524 2410 593 humiles
2458 542 2684 611 preces
2743 519 3064 611 porrigere,

861 642 930 698 ut
959 633 1335 715 dignaretur
1367 632 1577 701 eidem
1599 632 1888 700 Ecclesie
1909 634 2286 717 Apostolica
2314 635 2704 701 auctoritate
2724 632 2805 698 de
2834 642 3070 720 pastore

858 742 1116 825 ydoneo
1149 741 1525 827 providere;
1577 759 1654 805 ac
1686 760 1882 824 super
1913 740 2035 806 hoc
2065 742 2530 824 subsequenter
2559 749 2693 807 tam
2725 740 2867 828 ipsi,
2900 760 3070 823 quam

860 851 1080 917 dilecti
1111 850 1232 917 filii
1264 850 1504 917 nobilis
1540 849 1634 914 vir
1667 897 1682 912 .
1719 896 1731 910 .
1764 899 1780 915 .
1815 899 1830 914 .
1863 846 2107 931 Comes,
2144 870 2221 915 ac
2261 849 2617 916 Consilium
2648 856 2713 914 et
2744 847 3071 915 Commune

857 959 1189 1045 Ragusini,
1240 959 1450 1024 eidem
1499 956 1938 1042 predecessori
1969 976 2123 1024 suas
2154 957 2659 1044 supplicatorias
2693 958 2939 1025 litteras
2969 977 3073 1041 per

857 1076 1101 1134 certum
1133 1066 1425 1133 nuntium
1459 1065 1884 1131 destinarunt.
1934 1065 2170 1147 Sicque
2204 1067 2415 1133 dictus
2446 1064 2865 1152 predecessor
2894 1066 3074 1131 dicto·

856 1197 994 1243 rum
1029 1175 1498 1243 canonicorum
1530 1169 1699 1238 votis
1730 1170 2181 1238 fauorabiliter
2214 1194 2530 1258 annuens,
2587 1174 2668 1240 de
2700 1172 2928 1242 dilecto
2957 1173 3074 1239 filio

854 1285 1052 1352 fratre
1079 1282 1378 1368 Philippo
1412 1281 1494 1346 de
1523 1280 1792 1345 Mantua
1821 1280 2025 1364 ipsius
2058 1280 2335 1366 Ordinis,
2389 1283 2779 1367 inquisitore
2808 1281 3072 1348 heretice

851 1391 1192 1479 pravitatis
1239 1392 1307 1457 in
1359 1388 1647 1455 Marchia
1697 1388 2058 1472 Tervisina,
2109 1390 2193 1457 de
2223 1392 2493 1458 fratrum
2523 1412 2788 1458 suorum
2820 1389 3075 1458 consilio

851 1501 1138 1568 Ecclesie
1187 1499 1441 1583 prefate
1492 1495 1808 1583 providit:
1858 1497 1975 1563 sed
2024 1496 2234 1565 dictus
2279 1500 2479 1566 frater
2509 1500 2852 1587 Philippus
2881 1497 3072 1584 provi-

851 1609 1099 1676 sionem
1148 1605 1514 1674 huiusmodi
1565 1623 1693 1669 non
1745 1611 2116 1692 acceptans,
2168 1624 2355 1671 omne
2402 1605 2527 1688 ius,
2553 1604 2616 1671 'si
2648 1606 2824 1690 quod
2855 1603 2975 1672 sibi
3003 1624 3073 1671 ex

850 1717 1217 1802 provisione
1245 1714 1647 1800 competebat
1680 1712 1924 1796 eadem,
1956 1711 2160 1777 libere
2192 1712 2567 1798 resignavit,
2602 1720 2669 1779 et
2698 1713 2911 1782 dictus
2948 1731 3072 1797 pre-

850 1828 1151 1895 decessor
1198 1821 1564 1891 huiusmodi
1611 1821 2115 1904 resignationem
2163 1819 2535 1903 admittens,
2570 1820 2650 1888 de
2681 1823 2920 1890 dilecto
2951 1819 3070 1886 filio

848 1938 1053 2004 fratre
1102 1914 1287 2001 Luca¹
1326 1932 1407 1998 de
1455 1931 1682 1997 Padua
1730 1929 2020 1997 eiusdem
2084 1927 2348 1998 Ordinis
2391 1931 2684 2000 Ecclesie
2716 1939 3071 2014 memorate,

852 2045 932 2137 de
981 2044 1193 2111 simile
1242 2039 1535 2125 consilio,
1570 2038 1803 2105 iterato
1853 2036 2152 2122 providit.
2189 2036 2349 2116 ‘Quo
2390 2040 2647 2125 quidem
2678 2041 2886 2110 fratre
2914 2041 3075 2107 Luca

849 2154 1278 2238 provisionem
1330 2148 1409 2216 de
1455 2148 1598 2235 ipso
1631 2148 1868 2215 factam
1901 2148 2163 2216 minime
2193 2159 2596 2237 acceptante,
2631 2171 2711 2217 ac
2743 2171 2934 2218 omne
2962 2150 3073 2233 ius,

851 2265 904 2330 si
955 2260 1126 2347 quod
1174 2259 1300 2329 sibi
1348 2258 1748 2343 competebat
1798 2277 1880 2323 ex
1934 2256 2072 2343 illa,
2117 2256 2416 2324 similiter
2443 2260 2844 2346 resignante,
2878 2259 3073 2325 dictus

847 2373 1259 2457 predecessor
1308 2368 1739 2453 provisionem
1787 2365 2076 2433 Ecclesie
2106 2373 2459 2435 memorate
2488 2368 2608 2436 illa
2638 2370 2783 2436 vice
2818 2367 3075 2456 disposi-

845 2482 1006 2548 tioni
1060 2476 1425 2564 Apostolice
1473 2473 1846 2557 reservavit.
1897 2474 2033 2540 Nos
2081 2483 2295 2540 autem
2326 2475 2615 2542 Ecclesie
2647 2476 2925 2566 prefate,
2958 2496 3073 2564 que

849 2588 1098 2655 diutine
1125 2583 1486 2654 vacationis
1515 2582 1926 2651 incommoda
1958 2581 2342 2670 deploravit,
2385 2592 2656 2672 paterno
2688 2587 3072 2674 compatien-

843 2707 943 2768 tes
996 2695 1251 2780 affectu,
1307 2715 1384 2760 ac
1434 2692 1901 2760 canonicorum
1947 2701 2011 2758 et
2040 2692 2318 2759 aliorum
2348 2693 2779 2779 predictorum
2813 2705 2972 2764 vota
3000 2716 3072 2764 ex

847 2805 1173 2893 preteritis
1208 2800 1740 2888 contemplantes,
1771 2800 1893 2868 illa
1922 2800 2375 2886 prosequendo
2406 2803 2753 2888 benignius
2770 2804 2861 2872 de
2879 2805 3073 2892 ipsius

844 2913 1134 2982 Ecclesie
1163 2910 1576 2978 ordinatione
1610 2908 1826 2993 celeri,
1874 2929 1954 2977 ne
1987 2908 2361 2995 prolixioris
2393 2910 2753 2979 vacationis
2783 2912 3075 3001 exposita

845 3027 1176 3090 remaneat
1223 3017 1617 3103 incomodis3
1681 3015 2064 3101 diligentius
2125 3019 2492 3103 cogitantes
2506 3069 2529 3101 ‚
2591 3020 2680 3087 ad
2730 3040 3071 3106 personam

841 3139 1039 3219 tuam,
1091 3147 1281 3213 quam
1328 3125 1514 3195 nobis
1546 3132 1612 3192 et
1639 3124 1952 3193 fratribus
1981 3125 2232 3211 uostris,
2261 3127 2344 3194 de
2371 3125 2737 3195 litterarum
2768 3129 3067 3214 scientia,

841 3241 1183 3309 honestate
1213 3256 1481 3319 morum,
1510 3233 1916 3318 providentia
1944 3232 2398 3322 spiritualium,
2420 3242 2486 3302 et
2506 3237 3073 3323 circumspectione

840 3348 1290 3434 temporalium
1335 3341 1801 3427 fidedignorum
1854 3343 2221 3410 testimonia
2269 3343 2815 3431 commendarunt,
2847 3345 3073 3412 ditexi-

840 3475 982 3524 mus
1030 3456 1253 3522 oculos
1301 3461 1518 3520 nostre
1565 3452 1822 3537 mentis,
1885 3460 2080 3535 teque
2129 3449 2287 3518 dicti
2319 3449 2587 3520 Ordinis
2617 3452 3073 3540 professorum,

841 3567 996 3635 licet
1024 3565 1375 3651 absentem,
1410 3561 1491 3628 de
1520 3560 1804 3646 ipsorum
1838 3559 2111 3626 fratrum
2142 3559 2416 3630 consilio
2450 3568 2838 3648 nostrornm,
2858 3582 3073 3649 supra·

840 3674 1014 3742 dicte
1068 3672 1362 3739 Ecclesie
1410 3669 1478 3737 in
1538 3668 2107 3756 Archiepiscopum
2173 3668 2543 3754 preficimus
2604 3677 2669 3737 et
2728 3681 3074 3757 pastorem,

841 3783 1463 3854 administrationem
1512 3780 1716 3865 ipsius
1758 3778 2052 3846 Ecclesie
2084 3779 2510 3865 spiritualiter
2541 3789 2607 3846 et
2637 3781 3076 3865 temporaliter

840 3895 958 3961 tibi
981 3890 1268 3980 plenarie
1289 3889 1759 3956 committentes
1783 3911 1798 3972 ;
1829 3887 2016 3953 firma
2047 3907 2164 3974 spe
2183 3887 2538 3973 fiduciaque
2557 3898 2888 3974 concepta,
2906 3886 3077 3972 quod

840 4001 1162 4084 dirigente
1193 3997 1473 4065 Domino
1504 4003 1689 4063 actus
1718 4002 1865 4061 tuos
1896 3993 2054 4061 inibi
2087 3995 2298 4061 cultus
2331 3994 2592 4062 diuinus
2624 3995 2987 4081 augebitur,
3009 4003 3074 4059 et

840 4111 1064 4177 eadem
1114 4107 1412 4174 Ecclesia
1462 4125 1574 4191 per
1604 4112 1716 4171 tue
1746 4103 2339 4188 circumspectionis
2368 4102 2755 4169 industriam
2785 4104 2852 4170 iu
2888 4107 3073 4191 spiri·

838 4220 1126 4286 tualibus
1159 4224 1223 4283 et
1254 4214 1716 4301 temporalibus
1749 4232 2057 4298 prospere
2088 4211 2420 4296 dirigetur,
2453 4219 2519 4277 et
2548 4212 2858 4300 salubria,
2882 4211 3072 4279 dante

837 4328 1135 4412 Domino,
1170 4324 1477 4409 suscipiet
1508 4326 1920 4389 incrementa.
1955 4322 2346 4387 Reverenter
2364 4319 2563 4405 igitur
2581 4319 2835 4406 suscipe
2854 4321 3071 4404 iugum

838 4435 1121 4519 Domini,
1178 4441 1241 4499 et
1288 4434 1474 4498 suavi
1508 4434 1647 4515 ejus
1679 4431 1859 4497 oneri
1893 4428 2217 4495 humiliter
2247 4429 2422 4495 colla
2450 4429 2655 4512 flecte,
2688 4447 3072 4512 manumque

837 4545 1099 4610 mittens
1133 4544 1216 4610 ad
1262 4543 1475 4628 fortia,
1511 4541 1718 4628 ipsius
1751 4536 2370 4606 administrationem
2401 4538 2692 4607 Ecclesie
2720 4538 3071 4626 prudenter

837 4652 1063 4734 exequi
1115 4649 1399 4737 studeas,
1451 4657 1516 4715 et
1566 4647 1790 4732 gregis
1843 4645 1963 4712 tibi
2018 4643 2334 4712 commissi
2376 4643 2742 4714 custodiam
2770 4644 3070 4732 prosequi
