3319 5249
1829 259 1959 325 206

1817 884 1966 954 143.

763 1108 877 1175 IV.
917 1108 1143 1172 Ldszld
1190 1106 1539 1188 kirdlynak
1600 1128 1642 1167 a
1698 1105 2110 1189 nytilsziqetet
2158 1102 2469 1186 tdrqyazo
2518 1098 2893 1178 adomdnya
2943 1115 3022 1157 az

1238 1214 1446 1278 ottani
1495 1211 1943 1297 apa'czazdrda
1973 1214 2294 1276 szdmdra.
2347 1209 2541 1275 1278.

981 1406 1330 1475 Ladizlaus
1389 1404 1514 1472 Dei
1574 1406 1799 1489 gracia
1864 1406 2202 1488 Hungarie
2229 1455 2247 1489 ‚
2298 1404 2688 1487 Dalmacie,
2738 1399 3025 1484 Croacie,

766 1520 971 1582 Rame
993 1566 1012 1602 ,
1067 1513 1329 1600 Seruie,
1381 1512 1658 1580 Gallicis
1683 1563 1700 1597 ,
1753 1512 2177 1599 Lodomerie,
2233 1510 2550 1605 Comanie
2582 1510 3024 1595 Bulgarieque

766 1626 908 1689 Rex
940 1623 1237 1691 omnibus
1272 1620 1509 1688 Christi
1552 1620 1853 1715 fidelibus
1886 1627 2254 1706 presentem
2284 1619 2599 1705 paginam
2629 1615 3022 1703 inspecturis

768 1733 1049 1800 salutem
1080 1730 1150 1795 in
1182 1729 1459 1795 Domino
1498 1729 1981 1812 sempiternam.
2030 1726 2259 1793 Diuini
2311 1727 2614 1794 Numinis
2663 1726 3024 1809 incompre-

770 1838 1112 1907 hensibilis
1148 1836 1427 1905 altitudo
1465 1836 1676 1920 Regni
1703 1837 2146 1921 gubernacula
2174 1834 2461 1919 Regibus
2492 1834 2833 1902 Catholice
2868 1832 3024 1900 fidei

771 1967 847 2014 eo
879 1946 1224 2013 committit
1283 1944 1540 2011 felicius
1602 1942 2066 2029 gubernanda3
2117 1963 2243 2026 quo
2296 1942 2498 2028 ijdem
2548 1943 2757 2026 Reges
2798 1940 3020 2007 Eccle-

773 2054 909 2120 sias
945 2052 1187 2120 Christi
1217 2051 1541 2136 sanguine
1573 2050 1953 2139 rubricatae,
2004 2070 2121 2118 sue
2152 2051 2356 2118 tutele
2385 2067 2751 2129 concessae,
2804 2049 3025 2115 nitun-

773 2169 876 2229 tur
907 2160 1119 2228 ditare
1181 2160 1248 2226 in
1312 2158 1774 2245 temporalibus
1827 2158 2119 2243 vberius,
2184 2179 2302 2225 seu
2353 2156 2616 2241 dotare;
2682 2154 3028 2244 presertim

774 2288 886 2338 eas
917 2321 936 2356 ‚
1001 2287 1130 2352 que
1181 2272 1405 2333 sancte
1452 2265 1789 2350 religionis
1854 2265 2137 2333 modulis
2185 2265 2386 2333 cultui
2434 2266 2679 2334 Diuino
2713 2264 3035 2331 deuocius‘

774 2382 926 2444 sunt
960 2395 1232 2443 annexe.
1277 2372 1562 2441 Proinde
1612 2373 1701 2441 ad
1749 2374 2195 2443 uniuersorum
2246 2373 2553 2442 noticiam
2604 2380 2738 2442 tam
2772 2392 3031 2460 presen-

777 2482 948 2551 cium
983 2502 1179 2567 quam
1210 2480 1573 2549 futurorum
1623 2481 1851 2549 harum
1903 2481 2073 2548 serie
2101 2483 2398 2550 volumus
2431 2483 2807 2568 peruenire;
2853 2481 3032 2566 quod

776 2610 895 2659 nos
948 2591 1061 2677 pia
1112 2588 1486 2659 deuocionis
1524 2588 2082 2677 consideratione,
2132 2609 2328 2674 quam
2378 2589 2465 2657 ad
2520 2591 2869 2675 gloriosam
2900 2590 3032 2657 Dei

778 2697 1174 2782 genitricem,
1223 2718 1349 2782 que
1381 2696 1683 2783 cuiquam
1719 2679 2012 2765 fidelium
2042 2699 2385 2766 nouercari
2417 2718 2548 2766 non
2577 2697 2783 2783 nouit,
2833 2696 3032 2762 habe-

778 2826 955 2892 mus,
1016 2805 1489 2890 benignissime,
1543 2803 1833 2889 inducti,
1898 2806 2180 2873 insulam
2232 2827 2428 2892 supra
2489 2806 2795 2873 Danubio
2847 2807 3037 2873 circa

777 2912 1073 2978 Veterem
1105 2911 1355 2978 Budam
1397 2911 1782 2980 existentem
1804 2964 1822 3000 ,
1887 2931 2011 2995 que
2062 2913 2387 2996 quondam
2437 2912 2660 2980 Insula
2706 2914 3032 2999 Leporum

780 3017 1110 3102 wlgariter
1128 3071 1147 3106 ,
1198 3038 1370 3086 nunc
1400 3023 1616 3085 autem
1655 3019 1882 3087 Insula
1912 3021 2115 3086 Beate
2147 3020 2349 3087 Marie
2381 3019 2668 3104 Virginis
2700 3040 3040 3106 nuncupa-

780 3137 903 3214 tur,
949 3127 1236 3213 exceptis
1299 3127 1605 3194 claustris
1636 3132 1702 3195 et
1733 3128 1937 3213 septis
1987 3129 2287 3198 Fratrum
2351 3130 2689 3213 Minorum,
2753 3135 2817 3196 et
2881 3128 3040 3195 Fra-

779 3242 952 3302 trum
984 3233 1247 3302 Ordinis
1276 3233 1974 3301 Premonstratensium
2026 3236 2109 3302 de
2147 3236 2539 3303 Monasterio
2573 3237 2762 3304 Beati
2792 3235 3038 3302 Micha-

783 3342 906 3410 elis
938 3392 957 3426 ,
1020 3361 1098 3407 ac
1149 3348 1362 3408 castro
1416 3338 1885 3407 cruciferorum
1938 3343 2183 3410 Domus
2233 3342 2618 3430 Hospitalis,
2680 3350 2747 3410 et
2796 3350 3039 3428 castro,

781 3447 941 3515 turri
992 3467 1072 3515 ac
1121 3446 1419 3515 domibus
1485 3446 2104 3533 Archiepiscopatus
2168 3449 2631 3533 Strigonieusis
2688 3451 2754 3517 in
2804 3450 3034 3518 eadem

786 3555 1004 3624 insula
1036 3554 1417 3639 constitutis,
1483 3574 1625 3621 cum
1658 3554 1877 3636 muris,
1927 3554 2117 3621 terris
2152 3561 2217 3622 et
2246 3556 2359 3640 alij
2398 3556 2806 3641 utilitatibus,
2856 3554 3037 3624 dedi-

787 3682 965 3749 mus,
1015 3661 1398 3732 donauimus
1450 3667 1514 3728 et
1552 3661 1992 3730 concessimus
2025 3662 2288 3729 domine
2318 3664 2658 3746 Elisabeth
2688 3663 3039 3730 karissime

785 3770 992 3839 sorori
1024 3776 1258 3855 nostre,
1292 3787 1372 3835 ac
1405 3770 1703 3836 omnibus
1734 3768 2118 3837 dominabus
2170 3772 2520 3858 sororibuS,
2566 3772 2879 3840 videlicet
2907 3773 3040 3839 Mo-

787 3879 1061 3962 nasterij
1096 3879 1300 3944 Beate
1330 3876 1619 3962 Virginis
1651 3875 1719 3942 in
1753 3875 1977 3944 eadem
2034 3876 2249 3944 insula
2286 3877 2521 3962 iugiter
2552 3880 2692 3948 Deo
2722 3879 3043 3948 famulan-

790 3985 963 4053 tibus
991 4005 1282 4070 sumpmo
1323 3981 1643 4051 desiderio
1696 3990 1761 4049 et
1810 3982 2082 4070 affectu3
2133 3986 2426 4054 volentes
2476 3993 2540 4052 et
2589 3986 3043 4077 concedentes,

789 4091 966 4177 quod
1029 4112 1070 4158 a
1132 4091 1320 4158 modo
1372 4099 1505 4159 tam
1558 4090 1773 4176 ipsum
1816 4091 2277 4160 Monasterium
2311 4092 2597 4177 Virginis
2627 4095 3039 4179 Intemerate‚

795 4219 989 4283 quam
1021 4199 1323 4266 vniuerse
1354 4218 1609 4266 sorores
1640 4199 1710 4264 in
1743 4199 1968 4265 eodem
2003 4198 2279 4267 feliciter
2313 4199 2642 4286 degentes,
2685 4203 3048 4271 collacione

789 4306 983 4373 huius
1014 4304 1227 4373 insule
1258 4326 1373 4390 per
1403 4325 1521 4383 nos
1555 4305 1868 4391 regaliter
1898 4305 2093 4393 facta,
2147 4327 2371 4375 secure
2422 4314 2487 4375 et
2517 4293 2772 4376 illibate
2803 4309 3047 4393 gaude·

792 4420 907 4479 ant
938 4422 1002 4481 et
1035 4415 1366 4498 fruantur;
1415 4435 1543 4481 non
1592 4413 2005 4481 obstantibus
2057 4414 2295 4481 litteris
2328 4435 2443 4482 seu
2476 4415 2628 4502 alijs
2659 4416 3048 4490 instrumen-

793 4520 901 4611 tis,
952 4523 1008 4588 si
1061 4542 1183 4604 que
1234 4527 1369 4587 tam
1398 4520 1926 4607 predecessorum
1988 4528 2349 4591 nostrorum
2401 4523 2745 4592 illustrium
2795 4526 3048 4608 Regum
