3319 5249
1258 380 1389 453 429

1253 1025 1408 1093 306.

204 1231 519 1295 Lodome'r
552 1228 922 1313 eszterqami
954 1227 1127 1292 e‘rsek
1176 1225 1580 1311 bizonysdqot
1617 1233 1739 1289 test
1790 1225 1995 1305 arra,
2027 1226 2191 1311 hoqy
2223 1244 2299 1289 an
2334 1242 2453 1289 m·

207 1340 480 1424 terqami
509 1336 944 1402 stent-tamdia
974 1332 1295 1420 kdptalan
1330 1355 1372 1395 a
1386 1331 1791 1418 fdkdptalan
1806 1335 2062 1416 javdra
2095 1354 2174 1398 az
2206 1329 2458 1397 Ebcden

666 1442 919 1507 kovetelt
971 1442 1296 1507 haldszati
1309 1440 1528 1527 joqtdl
1557 1441 1812 1507 eldllott.
1837 1441 2030 1506 1285.

428 1655 566 1721 Nos
595 1653 1055 1721 Lodomericus
1088 1652 1211 1719 Dei
1242 1653 1465 1737 gracia
1512 1651 1988 1737 Strigoniensis
2014 1650 2465 1737 Archiepisco-

214 1780 336 1847 pus
368 1767 440 1828 et
468 1761 700 1829 Comes
730 1760 1088 1844 Perpetuus
1140 1759 1266 1827 loci
1297 1758 1608 1845 eiusdem,
1639 1758 2084 1844 significamus
2115 1758 2463 1843 vniuersis,

213 1868 452 1953 quibus
484 1867 766 1951 expedit,
796 1866 1201 1951 presencium
1231 1887 1350 1954 per
1381 1874 1699 1934 tenorem:
1749 1866 1938 1945 Quod
1999 1886 2146 1932 cum
2178 1864 2344 1930 inter
2373 1865 2468 1931 di-

214 1982 464 2043 scretos
496 1975 672 2042 viros
702 1975 1086 2043 karissimos
1108 1974 1176 2039 in
1209 1975 1487 2043 Domino
1518 1977 1751 2043 fratres
1785 1980 2061 2060 nostros,
2094 1970 2473 2057 Magistrum

216 2082 522 2152 videlicet
551 2082 881 2150 Andream
912 2084 1255 2150 Doctorem
1287 2084 1707 2149 Decretorum
1729 2080 2156 2166 Prepositum,
2190 2083 2253 2143 et
2285 2077 2474 2161 Capi·

223 2191 434 2257 tulum
462 2189 752 2258 Ecclesie
785 2196 1005 2258 nostre
1035 2189 1501 2273 Strigoniensis
1535 2210 1616 2256 ex
1653 2209 1789 2254 una
1818 2196 2017 2275 parte,
2050 2192 2113 2254 et
2143 2186 2316 2252 inter
2347 2183 2477 2249 Ma·

220 2298 496 2382 gistrum
529 2295 948 2364 Benedictum
980 2298 1324 2364 Doctorem
1363 2298 1785 2363 Decretorum
1822 2294 2228 2380 Prepesitum
2262 2290 2478 2357 Eccle-

221 2407 319 2472 sie
350 2405 576 2472 Sancti
609 2403 858 2474 Thome
878 2404 1163 2473 martiris
1183 2404 1263 2472 de
1303 2404 1757 2472 Promontorio
1789 2400 2228 2486 strigoniensi
2256 2404 2320 2466 et
2350 2396 2480 2463 fra-

228 2521 363 2578 tres
395 2532 511 2580 sev
543 2512 906 2580 Canonicos
937 2512 1230 2581 Ecclesie
1262 2533 1377 2581 sue
1408 2531 1490 2578 ex
1520 2513 1755 2596 altera,
1789 2510 2058 2577 suborta
2089 2507 2320 2575 fuisset
2348 2526 2484 2572 ma-

227 2619 398 2686 teria
426 2619 783 2703 questionis
814 2639 1006 2704 super
1036 2618 1342 2707 piscarijs
1366 2672 1385 2706 ,
1446 2618 1789 2704 piscaturis
1809 2670 1825 2703 ,
1876 2619 2018 2684 siue
2046 2615 2313 2703 piscinis
2343 2636 2484 2682 vso·

229 2745 388 2793 num
417 2732 484 2790 et
513 2729 874 2794 sturionum
908 2727 1277 2794 constitutis
1309 2728 1377 2794 in
1407 2727 1711 2794 Danubio
1744 2727 1919 2792 circa
1947 2723 2167 2791 villam
2198 2726 2488 2790 nostram

231 2831 422 2900 Ebed
452 2839 772 2918 vocatam,
803 2833 871 2899 in
900 2835 1133 2917 quibus
1184 2834 1323 2921 ipse
1352 2834 1662 2918 Magister
1692 2831 2087 2899 Benedictus
2135 2850 2207 2897 se
2240 2849 2318 2896 ac
2349 2848 2489 2913 pre-

229 2937 444 3007 dictos
472 2939 712 3007 fratres
759 2961 911 3009 suos
930 2993 948 3028 ,
1004 2941 1365 3008 Canonicus
1396 2941 1697 3009 Ecclesie
1729 2960 1847 3006 sue
1871 2989 1892 3025 ,
1943 2943 2241 3025 pretextu
2294 2935 2487 3002 trium

234 3045 570 3113 hominum
618 3067 877 3115 suorum
896 3099 917 3134 ,
982 3048 1521 3116 commorancium
1585 3047 1650 3112 in
1686 3067 1816 3114 vna
1876 3045 2148 3129 solaque
2193 3042 2378 3112 curia
2408 3043 2492 3109 de

231 3151 472 3221 eadem
503 3153 664 3221 villa
692 3154 875 3220 Ebed
893 3205 911 3238 ,
976 3155 1232 3224 dicebat
1262 3155 1640 3241 porcionem
1709 3154 1950 3222 habere
2013 3155 2274 3237 debere,
2311 3150 2495 3217 illam

233 3259 510 3344 scilicet,
543 3279 669 3344 que
698 3278 742 3326 a
774 3260 1205 3345 piscatoribus
1258 3261 1610 3329 earundem
1650 3261 2049 3347 piscinarum
2073 3311 2093 3346 ,
2146 3260 2337 3326 annis
2368 3257 2499 3324 sin-

239 3367 439 3454 gulis,
471 3368 555 3434 ab
587 3368 857 3455 antiqua
893 3370 1355 3439 consuetudine
1407 3370 1721 3458 temporis
1770 3369 1956 3438 cuius
2002 3369 2117 3436 vix
2158 3374 2339 3434 extat
2369 3385 2502 3433 me-

244 3475 477 3557 moria,
504 3474 811 3559 predictis
843 3475 1149 3544 fratribus
1180 3477 1419 3545 nostris
1468 3476 1810 3566 Proposito
1842 3485 1905 3544 et
1938 3474 2238 3562 capitulo
2270 3473 2498 3540 Eccle-

243 3584 345 3649 sie
376 3580 842 3665 strigoniensis
875 3582 1160 3651 debetur.
1196 3582 1487 3653 Tandem
1536 3592 1765 3670 partes
1797 3603 1914 3672 pro
1947 3586 2114 3652 bono
2142 3583 2326 3670 pacis
2357 3599 2504 3666 per·

248 3695 445 3774 petus
497 3685 583 3754 ad
633 3691 831 3757 talem
876 3692 1452 3781 composicionem,
1517 3694 1687 3761 scita
1717 3700 1786 3761 et
1813 3692 2152 3759 intellecta
2180 3688 2374 3759 huius
2406 3687 2502 3755 rei

254 3795 537 3864 veritate
587 3818 630 3864 a
658 3797 1017 3867 senioribus
1072 3807 1139 3867 et
1195 3801 1491 3869 veridicis
1538 3800 1908 3869 hominibus
1930 3849 1952 3887 ,
2015 3798 2251 3885 quibus
2310 3797 2510 3880 longa

255 3902 655 3972 diuturnitas
686 3904 936 3972 dierum
987 3912 1051 3972 et
1098 3913 1457 3994 temporum
1506 3907 1695 3976 testis
1724 3913 1864 3976 erat
1912 3907 2158 3992 pariter
2187 3909 2254 3971 et
2303 3903 2510 3987 magi·

259 4017 418 4098 stra,
449 4032 522 4079 se
553 4013 899 4082 deuenisse
948 4014 1251 4084 dixerunt
1285 4041 1301 4080 ε
1336 4017 1420 4082 Vt
1470 4018 1612 4103 ipse
1639 4015 1958 4099 Magister
2007 4012 2398 4080 Benedictus
2446 4017 2513 4079 et

260 4117 503 4187 fratres
533 4121 635 4187 sui
687 4120 992 4189 canonici
1052 4123 1338 4210 predicte
1399 4123 1685 4190 Ecclesie
1715 4121 1940 4189 Sancti
1969 4120 2232 4199 Thome,
2295 4117 2383 4186 ad
2413 4116 2516 4184 sui

265 4226 481 4295 cordis
530 4245 773 4295 meram
824 4230 1298 4308 conscienciam
1345 4228 1733 4297 recurrendo
1752 4280 1773 4316 ,
1823 4231 2156 4296 cesserunt
2203 4225 2401 4311 plane
2452 4229 2517 4290 et

263 4332 651 4420 simpliciter
682 4336 1125 4420 questionibus
1157 4343 1223 4402 et
1255 4337 1553 4404 omnibus
1586 4335 1834 4403 iuribus
1853 4386 1873 4421 ,
1909 4331 2275 4401 actionibus
2311 4337 2376 4397 et
2408 4351 2516 4399 ex-

265 4440 685 4527 cepcionibus
716 4444 888 4528 suis,
924 4445 1020 4509 eis
1052 4445 1123 4510 in
1158 4442 1281 4513 hac
1335 4449 1525 4530 parte
1575 4441 2119 4529 competentibus,
2152 4445 2218 4504 et
2263 4457 2519 4523 compe·

268 4549 484 4618 tituris
515 4551 662 4636 sibi,
710 4573 837 4640 que
869 4552 952 4618 ad
958 4572 1227 4636 presens
1244 4610 1264 4645 ,
1316 4555 1482 4625 sicut
1513 4549 1927 4638 prediximus,
1962 4547 2373 4636 intentabant
2404 4551 2520 4610 aut

267 4655 590 4730 intentare
622 4657 702 4732 de
732 4660 872 4735 iure
902 4669 1206 4750 poterant
1241 4665 1348 4734 uel
1380 4663 1463 4731 de
1494 4662 1671 4752 facto
1690 4710 1706 4740 ,
1773 4653 2100 4744 predictas
2148 4651 2542 4741 piscaturas.
