3319 5249
1402 360 1532 455 {³22

345 559 551 663 aliquo
584 595 776 667 super
809 575 981 651 facto
1014 589 1322 682 metarum
1357 585 1566 671 ipsius
1601 595 1776 653 terre
1795 586 2096 674 Kuarzeg
2122 585 2348 655 uocate
2371 569 2583 656 castri

347 688 704 780 Hontensis,
741 700 932 779 prout
962 692 1029 758 in
1061 693 1304 759 eisdem
1340 692 1575 761 litteris
1609 693 2128 779 priuilegialibus
2161 694 2407 761 domini
2458 697 2581 762 Re·

345 796 439 880 gis
467 794 632 867 mete
664 800 1035 888 supradicte
1067 808 1238 870 terre
1270 824 1311 869 a
1341 805 1534 871 terris
1576 803 1858 889 Paznan,
1889 803 2184 889 Nycolaj‚
2224 804 2585 889 Laurencij,

346 904 667 992 Lamperti
690 930 767 977 ac
788 912 1062 979 aliorum
1083 911 1517 997 predictarum
1548 914 1839 1000 parcium
1862 909 2377 997 distingebantur
2407 921 2471 979 et
2492 933 2585 981 se·

342 1017 754 1105 parabantur,
773 1019 840 1085 in
863 1019 1092 1086 eadem
1111 1020 1424 1104 qualitate
1464 1027 1528 1088 et
1551 1021 1935 1109 quantitate,
1956 1020 2084 1105 ipsi
2103 1020 2406 1089 videlicet
2425 1022 2584 1088 Paz-

341 1144 482 1211 nan,
501 1127 856 1214 NycolauS,
875 1128 1294 1216 Laurencius,
1320 1129 1506 1218 Elek,
1522 1132 1909 1214 Lampertus
1929 1137 1992 1195 et
2013 1127 2382 1215 Stephanus
2403 1148 2583 1214 sepe-

338 1230 487 1298 dicti
510 1254 625 1319 per
645 1235 1055 1304 amicabilem
1077 1236 1611 1322 composicionem
1635 1258 1852 1305 coram
1872 1237 2055 1304 nobis
2080 1223 2340 1315 factam,
2354 1241 2418 1303 et
2439 1257 2582 1321 pro·

338 1346 476 1423 pter
506 1343 690 1426 pacis
722 1343 1024 1411 vnionem
1056 1343 1451 1429 reliquerunt
1486 1354 1550 1412 et
1584 1346 2079 1431 resignauerunt
2109 1345 2237 1430 ipsi
2271 1344 2582 1427 Magistro

336 1446 591 1517 Andree
610 1450 819 1535 ipsam
845 1458 1081 1519 terram
1107 1453 1409 1538 Kuarzeg
1429 1460 1726 1522 uocatam
1748 1456 1868 1521 sub
1888 1452 2132 1521 eisdem
2152 1450 2338 1519 metis
2365 1450 2582 1536 pacifi-

335 1575 406 1622 ce
434 1558 899 1644 possidendam
924 1569 986 1628 et
1011 1561 1396 1629 habendam.
1418 1563 1612 1629 Cuius
1633 1563 1894 1647 quidem
1928 1570 2098 1628 terre
2128 1581 2352 1627 cursus
2383 1567 2583 1628 meta·

330 1686 465 1733 rum
498 1669 568 1734 in
600 1668 837 1736 eisdem
867 1669 1102 1738 litteris
1135 1669 1658 1757 priuilegialibus
1685 1671 1930 1739 domini
1948 1668 2149 1755 Regis
2168 1671 2325 1737 Bele
2357 1688 2571 1736 coram

330 1776 513 1843 nobis
565 1765 866 1846 exhibitis
917 1779 984 1844 in
1032 1780 1201 1847 hunc
1231 1778 1489 1847 modum
1543 1781 2087 1864 distingebantur.
2149 1780 2372 1845 Prima
2401 1784 2574 1844 meta

328 1881 562 1970 incipit
608 1907 651 1952 a
699 1893 892 1972 parte
943 1887 1247 1955 orientali
1298 1886 1380 1957 de
1431 1895 1604 1956 terra
1652 1891 1957 1973 Kuarzeg
1998 1895 2253 1975 vocata,
2286 1886 2393 1954 vbi
2427 1891 2578 1953 sunt

334 1990 458 2060 due
511 2001 684 2063 mete
733 2003 938 2064 terree
970 1999 1153 2065 iuxta
1184 1998 1452 2065 fluuium
1485 1999 1655 2085 Ipul‚
1689 2005 1753 2066 et
1781 1999 1871 2065 ibi
1904 1997 2081 2063 cadit
2111 1994 2196 2062 ad
2227 1997 2437 2081 ipsum
2469 1996 2582 2063 flu·

330 2103 505 2169 nium
558 2105 744 2192 Ipu13
796 2104 1032 2174 deinde
1082 2112 1295 2175 autem
1353 2107 1561 2184 tendit
1591 2126 1816 2174 versus
1846 2106 2185 2174 meridiem
2217 2102 2305 2169 ad
2338 2112 2575 2171 terram

330 2210 686 2299 Lamperti‚
734 2233 859 2298 que
907 2216 1095 2302 Ryba
1151 2222 1436 2304 uocatur,
1492 2223 1555 2283 et
1586 2216 1786 2282 currit
1819 2216 1885 2282 in
1919 2235 2092 2298 aqua
2124 2234 2241 2300 per
2274 2232 2576 2297 magnum

333 2323 631 2406 spacium
682 2325 928 2409 eundo;
979 2334 1043 2391 et
1084 2324 1178 2390 ibi
1209 2325 1429 2393 ueniet
1459 2324 1546 2392 ad
1576 2324 1943 2392 Haradissa
1971 2329 2250 2391 castrum
2284 2323 2355 2389 in
2386 2341 2578 2388 vnum

331 2448 562 2496 nemus
583 2429 669 2497 ad
689 2429 1104 2514 occidentam,
1127 2431 1297 2516 quod
1317 2432 1514 2514 uulgo
1548 2432 1785 2498 dicitur
1814 2430 2025 2515 holm;
2060 2435 2124 2495 et
2155 2448 2356 2514 prope
2391 2428 2577 2495 illum

331 2535 757 2604 monticulum
795 2557 1023 2623 parum
1061 2537 1517 2606 descendendo
1551 2546 1702 2604 sunt
1750 2538 1875 2604 due
1923 2545 2092 2603 mete
2139 2542 2378 2621 terree3
2417 2543 2480 2601 et
2509 2537 2577 2602 in

332 2646 564 2713 eodem
596 2666 856 2718 nemore
886 2658 985 2719 est
1017 2670 1144 2717 vna
1173 2650 1299 2735 via,
1335 2670 1461 2734 que
1508 2650 1641 2717 exit
1675 2650 1754 2715 de
1787 2650 1900 2715 illo
1932 2665 2210 2733 nemore,
2246 2653 2311 2714 et
2343 2647 2579 2714 transit

329 2778 526 2824 vnam
577 2779 884 2842 magnam
933 2760 1145 2845 viam3
1197 2767 1263 2826 et
1311 2746 1462 2825 inde
1508 2758 1720 2829 tendit
1768 2778 1884 2844 per
1934 2765 2137 2823 terras
2172 2755 2455 2822 arabiles
2488 2753 2578 2821 ad

329 2885 526 2932 vnam
563 2888 834 2952 paruam
867 2870 1118 2957 siluam,
1154 2888 1280 2953 que
1304 2864 1558 2955 (uulgo)
1581 2866 1898 2934 vocubulo
1933 2874 2290 2932 erestewen
2323 2864 2577 2950 dicitur,

327 2975 445 3040 sub
484 2974 672 3042 cuius
705 2975 828 3042 fine
859 2983 1008 3044 sunt
1038 2977 1160 3043 due
1191 2984 1363 3043 mete
1394 2984 1638 3060 terree;
1696 2983 1757 3042 et
1788 2977 1884 3043 sic
1914 2976 2094 3042 iuxta
2126 2974 2308 3039 illam
2341 2972 2574 3038 siluam

326 3084 531 3149 currit
585 3105 811 3151 uersus
862 3092 1069 3153 metas
1120 3084 1388 3173 priores,
1422 3087 1531 3152 ubi
1565 3093 1715 3153 sunt
1746 3085 2172 3152 commetanei
2205 3081 2453 3149 nobiles
2489 3081 2570 3147 de

323 3194 709 3277 Chalamia3
742 3214 865 3280 que
895 3194 1153 3278 quidem
1203 3193 1375 3263 silua
1409 3214 1520 3263 seu
1555 3194 1956 3261 herestewen
1992 3192 2249 3260 omnino
2282 3196 2571 3256 remanet

323 3303 498 3370 intra
530 3311 738 3370 metas
770 3303 857 3371 ad
889 3312 1125 3372 terram
1157 3305 1454 3389 Kuarzeg
1506 3309 1801 3370 uocatam
1834 3309 1897 3370 et
1930 3309 2351 3388 prenotatam,
2388 3305 2450 3365 et
2480 3298 2574 3364 sie

325 3414 770 3480 terminantur.
823 3411 1068 3490 Quibus
1125 3433 1276 3480 vero
1355 3411 1587 3478 litteris
1653 3411 1965 3496 inspectis
2033 3407 2459 3493 comperimus
2506 3406 2573 3470 in

327 3523 596 3608 eisdem,
632 3523 837 3608 ipsam
872 3529 1110 3589 terram
1143 3520 1378 3589 Comiti
1410 3520 1688 3588 Nicolao
1718 3518 1887 3603 patri
1928 3517 2212 3584 eiusdem
2246 3513 2500 3582 Andree
2532 3536 2575 3580 a

329 3630 591 3699 domino
640 3630 800 3697 Bela
852 3633 1029 3715 Rege
1056 3628 1194 3718 {pro
1224 3630 1574 3716 meritorijs
1608 3628 1898 3695 seruiciis
1935 3625 2221 3693 eiusdem
2268 3624 2571 3693 collatam

330 3749 392 3805 et
443 3740 773 3806 donatam.
822 3741 1085 3825 Rogans
1137 3739 1343 3807 eciam
1394 3759 1508 3805 nos
1542 3735 1711 3803 idem
1750 3736 2063 3821 Magister
2095 3732 2392 3801 Andreas
2426 3754 2567 3800 cum

332 3848 696 3933 instancia,
747 3855 819 3915 ut
870 3848 1299 3916 millenarium
1351 3866 1689 3915 numerum
1739 3845 2065 3932 priuilegii
2115 3844 2245 3908 iam
2298 3842 2453 3910 dicti
2504 3843 2572 3907 in

333 3956 593 4043 scriptis
623 3956 1030 4041 presentibus
1061 3956 1259 4023 inseri
1294 3955 1694 4041 faceremus3
1732 3954 1915 4020 cuius
1942 3950 2340 4019 millenarius
2374 3956 2471 4016 est
2505 3949 2572 4015 in

332 4065 503 4132 bunc
555 4064 845 4134 modum:
897 4066 1084 4134 Anno
1125 4066 1463 4133 Dominice
1499 4062 1983 4131 Incarnacionis
2018 4062 2107 4126 ΜΟ
2139 4059 2268 4127 CC⁰
2300 4057 2575 4142 quadra·

331 4175 578 4257 gesimo
630 4183 860 4260 quarto
911 4174 1156 4242 decimo
1211 4173 1349 4244 kal.
1406 4175 1583 4261 Maij,
1634 4173 1845 4256 Regni
1886 4159 2100 4236 autem
2137 4170 2339 4255 ipsius
2369 4164 2569 4249 Regis

331 4284 487 4351 Bele
519 4285 840 4352 vicesimo.
873 4284 1411 4373 Assumpmentes
1447 4283 1649 4350 eciam
1684 4280 1883 4365 ijdem
1915 4280 2198 4359 Paznan‚
2232 4274 2567 4351 Nicolaus,

332 4392 743 4481 Laurencius,
775 4392 957 4478 Elek,
989 4392 1379 4478 Lampertus
1411 4399 1475 4458 et
1495 4389 1860 4476 Stephanus
1881 4384 2254 4472 sepenomin
2264 4385 2369 4469 ati,
2395 4379 2572 4465 quod

330 4500 540 4589 littere
573 4499 1033 4586 priuilegiales,
1084 4502 1140 4567 si
1190 4521 1314 4584 que
1368 4520 1482 4586 per
1531 4498 1789 4568 eosdem
1841 4496 2112 4561 fuissent
2160 4511 2408 4560 emerse
2454 4488 2562 4556 uel
2682 4520 2685 4524 ·

333 4616 548 4676 contra
612 4608 886 4677 eundem
949 4610 1331 4696 Magistrum
1396 4607 1723 4676 Andream
1794 4623 1986 4690 super
2050 4601 2223 4668 facto
2273 4597 2565 4686 predicte

331 4723 511 4808 terre,
580 4740 696 4806 pro
745 4719 950 4789 cassis
1000 4726 1062 4786 et
1108 4718 1295 4787 uanis
1351 4717 1766 4804 haberentur,
1814 4717 2189 4801 perpetuum
2238 4707 2569 4776 silencium

2126 4814 2250 4886 21*
