3319 5249
1714 251 1845 317 374

1698 948 1848 1016 267.

660 1190 844 1255 Trau
876 1192 1065 1252 miros
1112 1189 1418 1271 hatosa'qa
1480 1185 1817 1272 Vulciqndt
1866 1189 2045 1250 traui
2086 1188 2351 1273 polydrt
2377 1184 2895 1271 felhatalmazza,

651 1302 813 1386 hoqy
844 1323 886 1362 a
915 1293 1278 1383 mennyiben
1310 1295 1667 1380 hajdjdban
1698 1301 1759 1360 e's
1790 1293 2223 1361 kereakedelmi
2255 1293 2607 1360 czikkeiben
2628 1289 2895 1380 &alato

650 1413 839 1475 υάνοσ
884 1405 1051 1472 catal
1101 1394 1620 1489 iqazsdqtalainu
1651 1404 2107 1485 ka'rosittatott,
2126 1405 2431 1492 scylalds
2460 1406 2652 1488 zztjdn
2680 1407 2896 1488 mayd-

1077 1515 1209 1577 nak
1239 1513 1703 1578 kdrtalanitdst
1734 1513 2237 1579 eszkb‘ziilhessen.
2274 1512 2467 1577 1283.
2570 1571 2575 1576 .

871 1766 946 1832 In
998 1763 1240 1830 Christi
1306 1763 1565 1832 nomine
1630 1764 1857 1831 Amen.
1920 1765 2109 1832 Anno
2170 1764 2553 1831 Natiuitatis
2612 1762 2891 1831 ciusdem

654 1875 883 1942 M⁰CC⁰
912 1872 1192 1940 Lxxx⁰
1223 1873 1424 1939 tercio
1456 1871 1561 1940 die
1597 1872 1750 1939 lune
1781 1869 1900 1938 XI.
1932 1872 2174 1940 mensis
2206 1872 2506 1956 Januarij
2543 1873 2656 1937 XI.
2689 1871 2894 1937 indic-

664 1984 897 2068 cione;
932 1981 1325 2068 temporibus
1359 1981 1599 2047 domini
1631 1979 1923 2048 Ladislai
1944 1982 2066 2047 Dei
2088 1983 2310 2064 gracia
2341 1980 2749 2047 Serenissimi
2780 1978 2901 2044 Re·

657 2093 756 2176 gis
815 2091 1121 2174 Vngaric,
1173 2089 1563 2157 venerabilis
1593 2091 1802 2174 patris
1841 2090 2081 2155 domini
2134 2088 2426 2173 Gregorij
2483 2089 2605 2155 Dei
2667 2088 2897 2170 gracia

657 2197 1112 2283 Traguriensis
1132 2197 1456 2284 Episcopi,
1477 2204 1544 2264 et
1573 2197 1807 2264 nobilis
1842 2198 1967 2263 viri
2004 2197 2243 2264 domini
2276 2196 2610 2263 Francisci
2642 2194 2893 2262 Faletri

656 2306 738 2373 de
787 2305 1086 2389 Venecijs
1135 2305 1490 2374 Potestatis
1531 2306 1858 2390 Tragurij.
1892 2306 2024 2372 Nos
2064 2306 2450 2372 Franciscus
2481 2306 2780 2371 Faletrus
2810 2301 2893 2369 de

655 2413 955 2500 VeneciJs
1006 2415 1300 2481 Potestas
1348 2414 1650 2499 Tragurij
1708 2414 1992 2498 presenti
2034 2413 2293 2501 publica
2322 2414 2636 2499 scriptura
2668 2417 2887 2479 notum

653 2522 926 2589 facimus
974 2528 1039 2587 et
1068 2526 1398 2605 testamur,
1433 2522 1606 2606 quod
1639 2521 1793 2589 olim
1827 2521 2067 2607 pluries
2099 2543 2213 2609 per
2240 2523 2517 2590 nuncios
2552 2527 2615 2588 et
2645 2520 2893 2586 litteras

657 2629 985 2717 speciales
1058 2630 1372 2697 Potestati
1452 2631 1707 2716 Spalati
1773 2639 1835 2697 et
1916 2631 2249 2698 Communi
2324 2633 2531 2717 ipsius
2592 2641 2764 2698 terre
2816 2648 2897 2696 ex

654 2744 840 2826 parte
869 2745 1089 2806 nostra
1121 2746 1185 2806 et
1226 2739 1426 2806 tocius
1459 2739 1722 2824 Consilij
1758 2740 2059 2807 Ciuitatis
2090 2740 2395 2824 Tragurij
2442 2738 2891 2807 transmissum

654 2849 883 2935 extitit,
906 2855 975 2914 vt
993 2847 1423 2915 amicabiliter
1452 2847 1700 2931 lignum
1733 2857 1795 2914 et
1826 2868 1927 2914 res
1962 2850 2131 2915 alias
2164 2848 2482 2933 Vulcigne
2513 2847 2641 2914 ciui
2674 2854 2895 2913 nostro

658 2958 908 3025 restitui
941 2957 1251 3043 facerent,
1274 2957 1446 3040 quod
1467 2963 1531 3023 et
1564 2976 1725 3042 quas
1756 2958 1823 3025 in
1843 2958 2106 3024 civitate
2141 2958 2394 3043 Spalati
2426 2956 2573 3043 capi
2604 2962 2670 3022 et
2701 2956 2895 3020 intro-

652 3065 819 3134 mitti
853 3065 1138 3134 fecerant
1157 3066 1444 3135 indebite
1465 3073 1528 3134 et
1549 3067 1691 3134 sinc
1710 3067 1934 3134 ordine
1982 3067 2286 3153 racionis,
2322 3067 2553 3152 quibus
2583 3060 2895 3130 Potestati

653 3182 716 3242 et
767 3174 1100 3241 Communi
1149 3173 1403 3259 Spalati
1451 3174 1661 3242 dictus
1700 3175 2020 3259 Vulcigna
2050 3196 2180 3242 non
2213 3174 2351 3258 fuit,
2383 3192 2592 3258 neque
2625 3178 2725 3239 est
2754 3171 2885 3237 cul·

659 3280 892 3366 pabilis
921 3281 1065 3347 'vllo
1097 3283 1305 3365 modo,
1340 3284 1481 3365 ipse
1511 3282 1812 3349 Potestas
1844 3289 1908 3349 et
1938 3281 2287 3350 Commune
2307 3281 2507 3367 ipsius
2537 3288 2704 3347 terre
2735 3280 2893 3363 Spa-

659 3386 780 3453 lati
818 3386 1059 3454 dictum
1096 3390 1340 3474 lignum
1374 3397 1435 3457 et
1466 3410 1568 3455 res
1600 3390 1839 3459 iniuste
1871 3390 2161 3457 detinent
2193 3398 2417 3456 contra
2451 3391 2656 3455 Deum
2690 3396 2754 3454 et
2785 3387 2891 3452 ho-

658 3498 896 3579 mines3
933 3504 995 3562 et
1016 3495 1187 3564 dieto
1208 3498 1529 3581 Vulcigne
1548 3500 1886 3566 restituere
1917 3501 2282 3583 noluerunt,
2317 3519 2526 3582 neque
2554 3498 2793 3582 volunt,
2828 3495 2890 3559 in

661 3605 866 3690 ipsius
919 3603 1232 3687 Vulcigne
1283 3606 1704 3692 preiudicium
1743 3614 1806 3673 et
1836 3608 2178 3695 iacturam⁸
2208 3607 2389 3674 Vnde
2419 3628 2538 3674 nos
2568 3605 2891 3693 predictus

539 3751 546 3757 ·
656 3713 1044 3781 Franciscus
1094 3717 1388 3784 Potestas
1422 3718 1747 3803 Tragurij‚
1782 3719 2075 3785 volentes
2108 3716 2341 3805 dictum
2377 3723 2661 3782 nostrum
2694 3714 2892 3779 ciuem

654 3820 723 3886 in
773 3823 909 3889 suis
940 3822 1187 3891 iuribus
1222 3830 1657 3910 manutenere,
1695 3831 1760 3892 et
1791 3826 1915 3893 sibi
1948 3826 2270 3894 iusticiam
2304 3825 2539 3911 facere,
2576 3824 2755 3890 velut
2788 3821 2889 3886 de-

653 3936 790 4012 cet;
825 3929 1172 4015 habitoque
1203 3933 1352 3998 hinc
1382 3934 1535 3999 inde
1567 3953 1708 4000 cum
1743 3935 2146 4018 Consiliarijs
2178 3933 2414 4002 nostris
2451 3942 2514 4000 et
2548 3952 2692 3998 cum
2729 3932 2879 3998 Con·

653 4038 803 4104 silio
824 4034 1300 4107 deliberacione
1317 4040 1629 4127 diligenti,
1650 4042 2137 4108 sentencialiter
2158 4044 2634 4110 sentenciamus
2650 4047 2713 4107 et
2733 4041 2888 4106 deli-

653 4145 969 4231 beramus,
1004 4155 1068 4211 et
1097 4168 1215 4232 per
1245 4148 1675 4216 deffinitiuam
1709 4150 2106 4217 sentenciam
2156 4150 2667 4237 promulgamus,
2701 4156 2893 4233 atque

651 4254 856 4320 eciam
888 4256 1290 4344 mandamus,
1342 4259 1408 4325 et
1457 4258 1795 4326 licenciam
1848 4259 2189 4326 tribuimus
2242 4259 2557 4343 Vulcigne
2591 4260 2894 4345 predicto,

651 4373 720 4427 vt
750 4381 948 4447 supra
981 4365 1165 4432 bonis
1198 4385 1722 4452 quorumcunque
1774 4368 2279 4453 Spalatensium,
2323 4368 2685 4454 Vbicunque
2717 4370 2893 4436 inue-

655 4469 928 4558 nientur,
973 4473 1391 4559 represaliam
1427 4474 1642 4542 facere
1676 4475 1908 4544 debeat
1941 4477 2263 4561 Vulcigna
2294 4479 2640 4565 predictus,
2675 4486 2738 4544 et
2774 4478 2894 4543 sibi

654 4577 962 4646 satisfieri
995 4581 1210 4648 facere
1242 4581 1323 4648 de
1356 4582 1525 4649 dicto
1558 4583 1742 4667 ligno
1776 4591 1839 4652 et
1890 4587 2100 4668 rebus,
2150 4595 2219 4652 vt
2252 4606 2451 4671 supra
2485 4586 2723 4653 dictum
2758 4593 2892 4668 est3
