3319 5249
1778 264 1908 332 502

929 464 1278 533 Ladizlaus
1309 463 1433 530 Dei
1464 463 1691 547 gracia
1719 462 1860 528 Rex
1893 461 2182 548 Vngarie
2218 466 2343 533 stb.
2377 461 2808 548 (kevetkezik
2864 461 2982 530 lv,

713 570 950 639 Laszlo
1007 571 1373 657 kiralynak
1438 570 1651 638 iktato
1715 590 2043 657 parancsa
2073 569 2235 637 mint
2299 569 2566 639 fentebb
2600 572 2752 640 356.
2787 590 2882 637 sz.
2919 591 2982 637 a.

931 682 1065 748 Nos
1097 680 1296 765 igitur
1327 680 1745 747 Excellencie
1776 679 2010 747 Uestre
2042 667 2392 748 mandatis.
2427 686 2498 747 ut
2547 686 2855 764 teremur,
2911 677 2982 743 fi-

716 789 945 855 deliter
973 795 1039 855 et
1070 787 1451 858 obedienter
1515 788 1903 857 satisfacere
1934 789 2288 876 cupientes,
2320 788 2408 856 ad
2461 786 2984 857 reambulandas

718 902 785 963 et
812 895 1199 964 statuendas
1232 895 1390 962 illas
1422 895 1873 981 possessiones
1905 915 2020 963 sev
2051 904 2260 964 terras
2312 897 2638 963 hominem
2688 901 2979 962 nostrum

715 1005 1044 1091 ydoneum
1078 1011 1140 1069 et
1169 1002 1298 1070 fide
1330 1003 1597 1087 dignum
1647 1023 1768 1089 pro
1821 1004 2191 1072 testimonio
2245 1024 2390 1072 cum
2441 1004 2703 1071 homine
2751 1007 2977 1071 uestro

718 1112 1085 1179 ctu-animus
1117 1111 1463 1179 destinare.
1501 1110 1626 1188 Qui
1647 1109 1912 1177 tandem
1945 1112 2032 1178 ad
2062 1133 2183 1180 nos
2214 1115 2459 1180 reuersi
2491 1112 2680 1180 nobis
2711 1130 2976 1177 concor·

722 1220 885 1288 diter
916 1219 1271 1287 recitarunt
1298 1243 1313 1303 ;
1351 1219 1519 1301 quod
1556 1218 1684 1303 ipsi
1717 1221 2092 1287 conuocatis
2125 1222 2594 1288 commetaneis
2625 1228 2688 1286 et
2720 1218 2979 1302 vicinis,

717 1328 1043 1416 predictas
1076 1334 1283 1394 terras
1336 1326 1475 1394 siue
1524 1326 1973 1410 possessiones
2033 1329 2299 1414 Mathey
2331 1337 2395 1397 et
2445 1329 2677 1396 Cosme
2728 1326 2982 1395 antedi-

722 1444 985 1519 ctorum,
1011 1435 1079 1502 in
1114 1435 1461 1520 territoriis
1493 1434 1576 1502 de
1606 1435 1849 1501 Zumur
1880 1444 1946 1504 et
1975 1436 2057 1502 de
2079 1437 2438 1506 Vduornuk
2471 1438 2644 1505 inter
2662 1443 2874 1504 terras
2909 1444 2972 1503 et

718 1543 858 1611 alia
889 1543 1032 1610 iura
1076 1541 1349 1609 aliorum
1383 1541 1714 1609 hominum
1750 1543 2001 1609 mixtim
2035 1544 2216 1632 sitas,
2249 1566 2381 1613 vna
2413 1565 2559 1612 cum
2611 1544 2747 1611 suis
2799 1543 2971 1611 vtili-

714 1649 977 1731 tatibus,
1009 1648 1311 1716 videlicet
1339 1650 1544 1717 tribus
1578 1648 1810 1735 vineis,
1845 1652 2110 1737 fenetis,
2143 1653 2447 1738 virgulto,
2478 1652 2684 1740 siluis,
2709 1657 2773 1718 et
2805 1652 2967 1737 aliJs

722 1757 1019 1827 omnibus
1069 1755 1481 1844 appendicijs
1516 1763 1581 1823 et
1613 1757 2033 1842 pertinencijs
2066 1758 2201 1825 suis
2235 1759 2303 1825 in
2324 1759 2669 1844 presencia
2698 1777 2975 1826 comme·

722 1874 1060 1957 taneorum
1092 1871 1158 1932 et
1191 1865 1550 1932 vicinorum
1582 1883 1845 1932 suorum
1878 1866 1946 1932 in
1977 1867 2157 1933 nullo
2190 1865 2810 1951 contradicencium,
2840 1868 2970 1933 eis·

723 1973 870 2043 dem
902 1973 1056 2059 filijs
1091 1972 1351 2039 Andree
1382 1973 1657 2059 pacifice
1688 1973 2073 2040 statuissent
2104 1974 2170 2039 in
2204 1980 2586 2059 perpetuum
2637 1971 2969 2058 possiden·

726 2083 867 2150 das.
904 2083 1002 2148 Ex
1037 2082 1269 2164 quibus
1304 2080 1763 2149 commetaneis
1814 2087 1880 2148 et
1928 2081 2166 2148 vicinis
2216 2082 2436 2148 Lucus
2468 2089 2533 2148 et
2580 2081 2842 2148 Blasius
2894 2080 2976 2147 de

727 2191 990 2276 Symeg,
1026 2189 1216 2275 Tyba
1247 2188 1419 2254 filius
1451 2187 1754 2271 Magistri
1770 2187 2012 2275 Bench,
2048 2188 2222 2255 filius
2248 2186 2685 2255 Bartholomei
2707 2187 2970 2252 nomine

724 2299 1035 2366 Nicolaus
1065 2295 1149 2363 de
1182 2296 1484 2384 Ger-men,
1515 2295 1799 2363 Michael
1830 2294 2003 2362 filius
2040 2296 2209 2362 Sixti
2259 2295 2341 2363 de
2393 2297 2625 2363 eadem
2647 2346 2664 2381 ,
2717 2292 2976 2361 Blasius

727 2414 792 2475 et
821 2405 1020 2472 Antol
1051 2405 1166 2490 filij
1203 2407 1417 2472 Barca
1449 2404 1531 2473 de
1560 2406 1822 2489 Zumur‚
1867 2404 2247 2472 Leonardus
2282 2404 2365 2471 de
2414 2404 2635 2489 Bisey,
2693 2404 2855 2470 Ders
2912 2410 2978 2471 et

726 2516 959 2583 fratres
993 2513 1093 2582 sui
1125 2512 1242 2597 filij
1281 2512 1582 2600 Gregorij
1620 2512 1702 2580 de
1732 2513 2001 2598 Bersey,
2038 2520 2103 2579 et
2135 2512 2363 2600 populi
2413 2511 2621 2579 nostri
2674 2511 2757 2579 de
2807 2511 2977 2597 Epel

728 2619 1244 2692 reambulacioni
1296 2628 1360 2690 et
1410 2620 1851 2707 assignacioni
1903 2621 2253 2690 earundem
2298 2629 2612 2689 terrarum
2654 2619 2795 2686 siue
2843 2639 2984 2706 pos·
3027 2624 3032 2628 ’

730 2729 1091 2800 sessionum
1126 2731 1571 2816 interfuerunt,
1637 2751 2021 2800 consensum
2087 2737 2150 2798 et
2212 2749 2550 2798 assensum
2613 2728 2982 2812 prebentes.

729 2841 934 2909 Prout
962 2841 1087 2908 hec
1117 2840 1338 2906 omnia
1369 2847 1434 2908 et
1466 2841 1731 2928 singula
1791 2841 2255 2928 premissorum
2288 2838 2372 2904 ab
2436 2835 2701 2905 homine
2763 2841 2975 2902 vestro

728 2954 794 3016 et
822 2956 1041 3017 nostro
1072 2948 1525 3044 recollegimus
1557 2955 1623 3015 et
1652 2948 2010 3018 didicimus
2043 2946 2354 3017 seriatim.
2390 2947 2632 3013 Datum
2666 2943 2737 3010 in
2787 2941 2977 3028 vigil·

729 3057 823 3127 lia
854 3058 1044 3127 Beati
1076 3055 1324 3124 Thome
1354 3057 1756 3143 Apostolica.
2259 3083 2266 3087 ¹

730 3276 1007 3340 (Eredetie
1032 3270 1379 3340 b6rhdrtydm
1406 3290 1440 3326 a
1484 3270 1668 3340 pecset
1719 3272 2013 3337 elveszett;
2066 3288 2101 3323 a
2151 3269 2316 3324 b'udai
2365 3271 2469 3323 kir.
2518 3270 2766 3320 kamarai
2819 3265 2983 3319 level-

1754 3359 1985 3427 tkrban.)
