3319 5249
1369 381 1497 450 38⁷

296 578 535 658 aiones,
570 578 1111 649 communiciones
1142 585 1207 646 et
1237 576 1648 665 tradiciones,
1672 577 1729 643 si
1761 598 1923 662 quas
1955 577 2147 646 alicui
2170 577 2551 649 fecissemus

293 704 499 768 vsque
538 685 728 755 modo
775 686 842 754 in
873 684 1392 774 possessionibus
1442 683 1737 771 superius
1768 684 2139 768 nominatis,
2193 693 2260 752 et
2291 685 2549 754 litteras

293 790 744 878 priuilegiales
793 797 897 861 vel
945 801 1244 881 patentes
1286 812 1482 878 super
1512 791 1617 858 his
1651 799 1994 860 emanatas
2025 792 2267 880 irritas,
2300 813 2546 880 cassas,

292 899 589 987 friuolas,
607 901 847 969 viribus
865 904 1127 988 penitus
1147 907 1444 968 carentes
1464 899 1858 969 authoritate
1876 900 2287 987 presencium
2322 898 2389 966 in
2416 907 2550 968 toto

294 1009 401 1075 vel
421 1009 486 1074 in
508 1016 690 1094 parte
721 1008 1176 1093 decernentes;
1212 1015 1276 1076 et
1305 1008 1363 1075 si
1382 1009 1493 1093 qui
1524 1029 1568 1076 a
1597 1007 1791 1076 modo
1824 1009 1890 1075 in
1922 1016 2253 1096 posterum
2286 1010 2370 1077 de
2404 1028 2547 1094 pos·

304 1117 706 1185 sessionibus
751 1116 1053 1203 predictis
1093 1124 1405 1201 tanquam
1452 1122 1673 1183 nostre
1702 1114 2046 1183 donacioni
2078 1117 2548 1204 pertinentibus

303 1224 441 1290 sibi
471 1223 614 1291 dari
645 1223 1119 1310 postulauerint
1164 1243 1419 1308 quoquo
1462 1222 1672 1308 modo,
1707 1223 2011 1291 similiter
2039 1228 2127 1291 ex'
2154 1242 2325 1290 nunc
2363 1229 2552 1310 prout

295 1350 378 1398 ex
408 1339 563 1398 tunc
592 1330 818 1415 vigore
846 1341 1090 1419 careat,
1122 1339 1187 1399 et
1216 1329 1456 1399 nullius
1488 1330 1574 1397 sit
1604 1332 1924 1399 firmitatis
1966 1331 2077 1399 vel
2104 1329 2431 1397 momenti.
2464 1329 2552 1395 Vt

295 1445 514 1505 autem
563 1439 885 1523 presentis
934 1436 1155 1523 scripti
1206 1437 1405 1506 series
1454 1438 1635 1504 nulla
1687 1438 1902 1504 valeat
1933 1437 1999 1503 in
2034 1445 2400 1524 prosterum
2432 1435 2545 1503 im-

296 1546 707 1632 pugnacione
738 1545 1042 1630 conuelli,
1095 1564 1217 1612 nec
1277 1565 1394 1631 per
1423 1544 1708 1629 aliquem
1762 1545 2143 1631 perturbari,
2178 1548 2544 1631 presentem

295 1654 729 1722 concessimus
777 1654 1108 1741 paginam,
1153 1653 1331 1720 velut
1377 1654 1700 1737 originale
1747 1655 1947 1738 Regis
1995 1654 2157 1722 Bele
2188 1661 2253 1721 et
2282 1673 2397 1739 per
2427 1671 2546 1719 nos

294 1760 761 1847 confirmatum,
813 1762 1140 1848 dupplicis
1192 1760 1396 1844 sigilli
1432 1762 1636 1828 nostri
1669 1762 2023 1828 munimine
2072 1761 2548 1845 consignatum.

295 1867 535 1934 Datum
587 1889 703 1954 per
736 1889 966 1938 manus
1000 1868 1395 1936 venerabilis
1426 1869 1638 1955 patris
1670 1868 1920 1934 Thome
1950 1868 2076 1936 Dei
2127 1868 2350 1952 gracia
2402 1868 2550 1952 Epi-

296 1975 481 2058 scopi
503 1975 888 2064 Waciensis,
911 1975 1061 2043 aule
1080 1981 1292 2044 nostre
1328 1974 1722 2060 Cancellarij
1761 1975 1979 2042 dilecti
2012 1982 2076 2042 et
2106 1974 2318 2042 fidelis
2347 1972 2553 2042 nostri

297 2102 473 2147 anno
535 2083 796 2151 Domini
869 2084 1213 2154 millesimo
1285 2083 1726 2150 ducentesimo
1787 2082 2231 2166 octuagesimo
2293 2088 2543 2165 quarto,

295 2193 481 2254 sexto
502 2188 821 2256 kalendas
851 2189 1246 2275 Decembris,
1272 2188 1642 2284 indiccione
1663 2188 2067 2274 duodecima,
2089 2187 2298 2272 Regni
2330 2195 2546 2256 autem

299 2295 508 2362 nostri
540 2315 712 2363 anno
744 2295 994 2364 decimo
1024 2297 1244 2365 tercio.

300 2560 527 2632 (Robert
553 2558 758 2629 Karoly
786 2559 1080 2629 kiralynak
1112 2566 1263 2615 1320.
1293 2563 1474 2626 ‚,x1V.
1504 2563 1766 2616 kalendas
1793 2564 2111 2615 Februarir‘
2139 2566 2258 2627 „vir
2283 2565 2552 2618 discretus

300 2662 353 2706 ct
392 2656 653 2706 honestus
678 2655 938 2719 Magister
963 2652 1317 2705 Chanadinus
1361 2655 1677 2721 Prepesitus
1704 2654 1951 2705 Ecclesia
1976 2654 2347 2706 waradiensis
2374 2655 2555 2705 Secre-

302 2748 495 2808 tarius,
536 2745 794 2797 Notarius
838 2748 897 2794 et
941 2743 1132 2795 Comes
1170 2743 1396 2809 Capella
1440 2749 1643 2806 nostre,
1697 2743 1958 2795 Nicolaus
2003 2750 2058 2793 ct
2083 2744 2424 2808 Pangracius
2451 2743 2552 2808 filij

301 2833 592 2900 Pangraeij
639 2834 706 2884 de
748 2848 944 2899 genere
972 2833 1215 2895 Chanad‚
1241 2848 1308 2884 ac
1334 2832 1616 2884 Johannes
1642 2839 1699 2884 et
1722 2833 1956 2885 Thomas
1987 2832 2090 2897 filij
2118 2832 2408 2898 Laurencij
2449 2836 2555 2885 sra-

302 2926 396 2975 tris
421 2924 747 2975 eorundem“
792 2919 1037 2974 keresere
1082 2924 1298 2975 kiadott
1341 2921 1662 2989 megeriisitii
1708 2920 2092 2989 okminyaboh
2127 2922 2270 2987 mely
2300 2924 2456 2973 1823.
2481 2925 2555 2976 11.

305 3014 421 3063 idus
448 3012 606 3077 Junij
634 3013 776 3064 alatt
802 3026 985 3078 ugyan
1011 3011 1216 3063 Robert
1237 3009 1442 3077 Karoly
1471 3009 1654 3079 kiraly
1683 3007 2187 3080 privilegiumfinak
2213 3007 2557 3078 formbjaban

304 3101 456 3166 njbol
482 3103 773 3164 kiadatott,
800 3099 1040 3166 Bathory
1090 3099 1278 3152 Istvan
1312 3101 1535 3153 lova-ki
1576 3099 1808 3153 oktarras
1834 3097 2039 3154 stix-sta
2064 3103 2303 3164 szerint3
2332 3115 2367 3151 a
2391 3101 2557 3153 budai

984 3186 1188 3256 kiralyi
1211 3191 1455 3242 kamarai
1473 3188 1859 3257 leveltarban.)
