3319 5249
1355 371 1483 438 143

284 567 770 654 supplicantes,
823 572 893 633 vt
933 566 1199 635 easdem
1233 568 1603 636 libertatum
1641 568 2095 653 prerogatiuas
2130 564 2455 634 ratificare
2488 574 2551 635 et

284 678 659 763 approbare
679 729 696 763 ‚
746 675 1082 759 dictasque
1130 675 1384 745 litteras
1438 674 2015 763 priuilegiales.ad
2056 674 2372 744 vberioris
2405 696 2550 742 cau-

287 787 425 855 tele
461 784 869 851 euidenciam
900 783 1232 872 priuilegij
1289 786 1491 856 nostri
1529 784 1890 872 patrocinio
1941 785 2290 853 clementer
2329 782 2556 867 digna-

288 914 505 963 remur
538 896 939 962 confirmare.
975 893 1268 973 Quarum
1301 902 1483 962 tenor
1515 896 1673 964 talis
1706 902 1847 962 est:
2216 889 2225 898 ’

510 1004 677 1070 Bela
705 1004 827 1069 Dei
861 1004 1091 1087 gracia
1125 1004 1467 1089 Hungarie
1499 1004 1626 1070 stb.
1658 1003 1798 1071 Rex
1829 1003 1956 1071 stb.
1989 1001 2419 1089 (ktivetkezik
2450 1002 2559 1068 IV.

287 1112 457 1179 Bela
490 1110 849 1198 kiralynak
886 1112 1164 1181 1248-ki
1195 1112 1529 1201 okmanya
1546 1164 1566 1199 ,
1607 1113 1770 1179 mint
1803 1110 2364 1199 gyujtcmenyunk
2395 1108 2556 1196 VIL,

292 1220 535 1306 vagyis
569 1241 610 1286 a
641 1219 939 1287 masodik
975 1219 1224 1307 folyam
1259 1222 1343 1288 ΙΙ.
1378 1222 1735 1289 koteteben
1786 1224 1934 1289 258.
1968 1218 2038 1307 1.)

512 1329 649 1397 Nos
699 1329 894 1413 igitur
944 1330 1131 1397 iustis
1165 1339 1229 1398 et
1261 1330 1569 1416 legitimis
1624 1332 2065 1417 predictorum
2114 1330 2402 1399 fidelium
2454 1353 2560 1399 no-

300 1445 579 1505 strorum
621 1436 1050 1524 peticionibus
1098 1439 1551 1506 fauorabiliter
1600 1437 1896 1506 inclinati
1949 1439 2016 1503 in
2049 1438 2171 1505 hac
2202 1446 2409 1526 parte,
2464 1446 2557 1506 at·

299 1543 647 1614 tendentes
680 1543 851 1629 quod
890 1546 1066 1615 iusta
1111 1543 1351 1632 ‘peticio
1400 1547 1665 1615 auribus
1715 1546 1918 1631 Regie
1966 1546 2401 1632 Benignitatis
2433 1568 2564 1613 non

300 1653 547 1721 debeat
579 1653 947 1741 displicere,
983 1656 1113 1723 imo
1146 1655 1233 1722 ad
1263 1655 1709 1723 exaudicionis
1753 1657 2042 1739 graciam
2076 1654 2334 1723 admitti
2366 1674 2562 1723 mere-

304 1768 489 1847 atur;
559 1770 935 1848 prenotatas
998 1763 1246 1832 litteras
1313 1765 1602 1851 ipsorum
1632 1818 1651 1851 ,
1712 1784 1842 1830 non
1907 1762 2308 1832 cancellatas
2339 1816 2357 1849 ,
2437 1784 2567 1830 non

304 1871 620 1956 abrasas,
668 1893 787 1941 nec
839 1873 906 1939 in
956 1874 1184 1959 aliqua
1230 1873 1332 1941 sui
1369 1881 1554 1961 parte
1584 1874 1899 1960 viciataS,
1964 1872 2045 1940 de
2083 1878 2281 1941 verbo
2313 1871 2399 1963 ad
2429 1892 2566 1939 ver—

303 1981 456 2048 bum
490 1981 899 2065 presentibus
949 1980 1254 2064 insertas,
1304 2003 1434 2049 vna
1466 2001 1609 2049 cum
1644 1981 2017 2069 prescriptis
2051 1981 2208 2065 alijs
2242 1982 2567 2066 approba-

308 2109 474 2175 mus,
526 2086 925 2157 ratificamus
977 2096 1042 2157 et
1090 2091 1480 2159 auctoritate
1530 2091 1734 2174 Regie
1770 2089 2137 2158 Maiestatis
2171 2088 2251 2156 de
2281 2090 2570 2156 Prelato-

308 2216 447 2263 rnm
484 2203 549 2296 et
581 2198 908 2267 Baronum
963 2198 1172 2284 Regni
1226 2199 1432 2267 nostri
1475 2197 1747 2267 consilio
1782 2198 1868 2265 ad
1897 2204 2277 2285 perpetuam
2316 2198 2410 2263 rei
2440 2217 2568 2263 me·

308 2302 583 2371 moriam
614 2307 1087 2375 confirmamus.
1132 2309 1209 2373 In
1243 2309 1426 2375 cuius
1456 2307 1894 2375 testimonium
1943 2313 2278 2393 presentes
2315 2325 2570 2372 conces·

308 2414 513 2479 simus
580 2413 835 2481 litteras
888 2414 1217 2502 dupplicis
1288 2413 1491 2501 sigilli
1545 2415 1750 2483 nostri
1800 2414 2154 2482 munimine
2206 2414 2566 2481 roboratas.

312 2522 559 2587 Datum
591 2541 707 2607 per
738 2542 968 2591 manus
1001 2522 1298 2607 Magistri
1329 2523 1588 2592 Nicolai
1609 2523 1914 2591 Albensis
1954 2520 2248 2590 Ecclesie
2280 2520 2571 2588 Transil-
2659 2524 2666 2531 ’

316 2629 661 2699 uaniensis
691 2630 1015 2717 Prepositi
1046 2633 1200 2700 aule
1232 2643 1451 2700 nostre
1486 2632 1883 2716 Cancellarij
1908 2685 1925 2718 ,
1973 2629 2194 2697 dilecti
2246 2638 2310 2698 et
2359 2629 2571 2696 fidelis

310 2737 518 2803 nostri
540 2790 559 2825 ,
611 2758 784 2807 anno
805 2733 1096 2807 'Domini
1172 2741 1518 2810 millesimo
1581 2740 2025 2808 ducentesimo
2088 2736 2573 2824 septuagesimo

312 2853 521 2932 sexto,
576 2846 786 2931 Regni
819 2857 1032 2915 autem
1053 2851 1255 2917 nostri
1289 2872 1460 2918 anno
1483 2850 1708 2932 quinto
1740 2849 1885 2917 VII.
1909 2846 2233 2915 kalendas
2275 2845 2572 2928 Augusti.

389 3026 493 3092 (ΑΖ
534 3024 893 3095 Okolicsanyi
924 3027 1111 3083 csalad
1138 3028 1495 3085 leveltarabol
1524 3032 1740 3084 kbzblte
1767 3028 1928 3083 nebai
1959 3028 2236 3095 Szontagh
2264 3025 2501 3093 Dauiel.)

1403 3816 1510 3895 96.

320 4041 363 4107 I
366 4042 438 4108 V.
478 4033 711 4103 La'szlo'
739 4030 1085 4115 kircilynak
1120 4051 1162 4092 a
1191 4027 1542 4111 nyzilsziqet
1573 4009 1852 4089 birtokcit
1873 4023 2182 4108 tdrqyazd
2212 3979 2576 4105 adonidnya

753 4163 827 4206 az
860 4140 1061 4204 ottani
1099 4134 1553 4222 apciczazdrda
1590 4136 1907 4198 sza'mdra.
1956 4132 2149 4198 1276.

534 4338 913 4425 Ladyzlaus
951 4334 1330 4418 Deigracia
1360 4329 1731 4417 Hungarie,
1789 4328 2172 4414 Dalmacie,
2223 4323 2575 4407 Crowacie,
2625 4400 2630 4404 ‚

320 4454 563 4536 Rame‚
612 4449 837 4516 Seruie
860 4498 878 4533 ‚
924 4444 1246 4531 Gallicie·,
1303 4439 1717 4525 Lodomerie‚
1778 4436 2093 4505 Cumanie
2139 4431 2580 4519 Bulgarieque

320 4563 459 4629 Rex
492 4559 791 4626 omnibus
842 4553 1080 4622 Christi
1119 4549 1415 4618 fidelibus
1454 4553 1821 4637 presentem
1854 4546 2164 4631 paginam
2196 4540 2580 4630 inspecturis

323 4666 604 4736 salutem
657 4664 728 4731 in
778 4663 1059 4733 Domino
1115 4661 1592 4747 sempiternam.
1642 4655 1865 4724 Diuini
1899 4652 2195 4722 Numinis
2228 4652 2581 4733 incompre-
