3319 5249
1316 325 1440 391 401

261 527 487 613 ralem,
542 522 778 591 nobilis
809 522 907 591 vir
938 521 1168 589 Comes
1220 520 1502 589 Thomas
1547 520 1721 587 filius
1777 516 2120 603 Pangracij
2157 514 2238 583 de
2270 534 2507 599 genere

263 631 536 702 Chanad
585 629 873 699 exhibuit
920 630 1107 697 nobis
1153 627 1598 715 priuilegiales
1651 627 1904 694 litteras
1951 622 2248 709 Capituli
2286 623 2509 689 Wara·

262 743 511 812 diensis
558 760 754 827 super
803 737 1205 805 dimidietate
1253 736 1473 804 tributi
1525 735 1608 802 de
1645 734 1965 813 Berthem,
1997 733 2169 816 quod
2218 732 2285 798 in
2317 737 2507 818 portu

260 848 478 937 Crysij
516 848 691 933 exigi
722 845 1071 933 consueuit,
1105 845 1283 914 euius
1316 843 1538 942 tributi
1570 841 1884 911 medietas
1914 842 2226 928 Magistro
2249 836 2505 909 Aehoni

258 958 396 1026 filio
446 955 637 1023 Pauli
686 954 923 1023 dicitur
972 954 1313 1042 pertinere,
1365 953 1694 1021 confectas
1729 975 1746 1037 ς
1813 948 1929 1018 sed
1980 948 2131 1036 quia
2178 946 2507 1034 quantitas

257 1067 473 1153 ipsius
503 1064 725 1132 tributi
758 1064 826 1131 in
858 1063 1102 1131 eisdem
1130 1063 1362 1132 litteris
1393 1059 1912 1149 priuilegialibus
1942 1080 2071 1128 non
2101 1057 2502 1145 exprimeba-

259 1182 388 1256 tur,
420 1193 541 1243 nec
571 1173 757 1242 nobis
786 1171 874 1241 ad
903 1173 1166 1259 plenum
1198 1173 1533 1240 constabat
1563 1169 1646 1238 de
1676 1167 1928 1257 eadem,
1965 1168 2300 1237 vniuersos
2330 1164 2501 1234 nobi-

256 1285 359 1352 les
412 1283 494 1351 de
546 1280 868 1351 Comitatu
928 1279 1284 1351 Bihoriensi
1335 1279 1419 1345 de
1470 1278 1643 1346 facto
1692 1277 1898 1367 ipsius
1935 1274 2166 1346 tributi
2200 1273 2502 1342 duximus

256 1391 717 1476 requirendos3
756 1391 868 1475 qui
900 1389 968 1457 in
998 1388 1128 1458 fide
1158 1385 1767 1457 eorumvnanimiter
1803 1383 2228 1472 affirmarunt,
2258 1382 2502 1450 dictum

260 1500 583 1567 tributum
635 1498 842 1566 fuisse
890 1497 1249 1566 institutum
1298 1498 1383 1563 ab
1431 1496 1732 1580 antiquo;
1769 1501 1836 1562 et
1866 1493 2020 1578 quia
2050 1494 2256 1560 eciam
2290 1491 2501 1558 dietus

258 1609 497 1676 Comes
553 1605 837 1675 Thomas
897 1627 1091 1695 super
1151 1604 1499 1673 medietate
1560 1604 1768 1691 ipsius
1832 1602 2055 1673 tributi
2112 1601 2378 1670 euidens
2436 1606 2500 1667 et

263 1709 678 1803 acceptabile
725 1716 1016 1785 exhibuit
1065 1717 1552 1786 instrumentum
1602 1733 1821 1780 coram
1854 1713 2061 1799 nobis,
2095 1712 2162 1778 in
2193 1731 2316 1796 quo
2348 1710 2501 1778 licet

256 1824 596 1909 quantitas
611 1821 814 1909 ipsius
829 1822 1050 1890 tributi
1067 1843 1195 1890 non
1215 1823 1634 1907 contineatur,
1658 1826 1878 1888 tamen
1899 1840 2014 1888 nos
2034 1817 2254 1887 habito
2270 1825 2498 1886 tracta·
2541 1894 2552 1913 s

255 1941 332 1999 tu
359 1950 506 1997 eum
526 1931 832 2017 predictis
843 1931 1172 2017 judicibus
1194 1932 1388 2017 soeijs
1417 1928 1654 2000 nostris
1690 1929 2118 2017 decreuimus,
2152 1936 2222 1998 vt
2242 1930 2502 1997 racione

254 2039 474 2126 ipsius
505 2039 720 2107 totalis
752 2040 970 2109 tributi
1001 2039 1086 2110 de
1117 2039 1417 2110 Berthem
1456 2038 1767 2109 hactenus
1784 2037 1991 2136 habiti
2024 2044 2091 2108 et
2122 2037 2384 2125 recepti,
2417 2035 2501 2103 de

254 2146 553 2234 quolibet
582 2167 771 2215 curru
801 2148 1045 2216 salibus
1075 2154 1340 2218 onerato
1371 2148 1611 2236 singuli
1645 2144 1771 2215 duo
1800 2147 1977 2216 sales
2009 2153 2073 2216 et
2094 2146 2221 2216 duo
2243 2145 2493 2233 denarij

252 2254 455 2341 parui
482 2279 498 2341 ;
532 2261 597 2322 et
628 2254 836 2321 eciam
867 2253 950 2323 de
981 2254 1266 2340 quolibet
1313 2276 1502 2323 curru
1533 2255 1915 2326 mercatorio
1945 2262 2210 2327 onerato
2240 2254 2495 2341 pannis,

251 2363 438 2449 vino,
472 2362 579 2429 vel
608 2361 761 2449 aliJs
791 2377 982 2432 rebus
1031 2363 1612 2434 mercimonialibus
1649 2385 1763 2453 per
1796 2366 2003 2451 ipsum
2037 2364 2247 2433 locum
2279 2362 2500 2433 tributi

253 2471 341 2539 de
396 2469 694 2539 Berthem
745 2477 1140 2562 transeunte,
1192 2473 1453 2561 singula
1493 2472 1766 2540 dimidia
1812 2471 2099 2560 pondera
2155 2473 2500 2558 exigantur

250 2600 376 2668 pro
441 2578 717 2666 tribut03
767 2579 944 2649 cuius
986 2579 1208 2650 tributi
1237 2579 1455 2651 totalis
1484 2581 1898 2652 medietatem
1928 2581 2238 2671 percipiet
2267 2580 2494 2650 Comes

254 2690 556 2756 Thomas
578 2695 979 2778 memoratus,
1001 2690 1138 2758 alia
1155 2710 1307 2758 vero
1340 2690 1688 2759 medietate
1717 2691 1923 2779 ipsius
1944 2691 2171 2760 tributi
2188 2691 2494 2777 Magistro

250 2796 516 2866 Aehoni
567 2805 958 2866 remanente.
1007 2799 1151 2868 Hoc
1199 2820 1325 2866 non
1366 2800 1798 2890 pretermisso,
1832 2799 2003 2884 quod
2034 2821 2228 2889 super
2257 2797 2491 2886 pediti-

252 2909 411 2992 bus,
468 2906 787 2991 equitibus
836 2915 901 2974 et
947 2907 1170 2976 vacuis
1217 2911 1528 2997 curribus,
1559 2929 1676 2978 seu
1701 2909 1906 2977 eciam
1936 2910 2221 2977 oneratis
2253 2909 2336 2979 de
2365 2930 2492 2976 vno

248 3016 408 3082 loco
458 3013 547 3080 ad
595 3015 818 3103 alium,
865 3037 993 3084 non
1042 3023 1261 3085 tamen
1308 3037 1509 3087 eausa
1556 3018 1956 3105 mercimonii
1992 3018 2490 3106 transeuntibus,

247 3124 511 3190 tributa
540 3123 712 3208 exigi
746 3123 1132 3193 inhibemus.
1182 3125 1265 3192 Et
1295 3125 1420 3195 hoc
1449 3126 1517 3194 in
1553 3127 1698 3213 ipso
1729 3128 1871 3196 loco
1902 3128 2221 3214 tributarii
2253 3127 2319 3193 in
2352 3144 2491 3213 pre·

248 3232 438 3301 dicto
489 3237 678 3317 portu
727 3230 981 3321 Chrysij
1035 3234 1293 3321 publice
1338 3237 1642 3307 volumus
1693 3237 2044 3324 obseruari,
2093 3245 2163 3303 vt
2194 3235 2489 3304 omnibus

249 3339 750 3409 transeuntibus
781 3340 848 3407 in
881 3341 1227 3410 exaccione
1258 3343 1413 3412 dicti
1445 3346 1667 3415 tributi
1697 3352 1877 3415 certa
1905 3345 2142 3415 noticia
2162 3345 2490 3428 habeatur,

248 3470 336 3516 ne
392 3447 602 3516 maior
649 3449 914 3517 exaccio
942 3449 1084 3517 fieri
1115 3451 1343 3541 possit,
1374 3474 1570 3538 quam
1602 3454 1886 3524 deberet.
1917 3456 1994 3521 In
2027 3453 2207 3523 cuius
2238 3455 2329 3523 rei
2363 3474 2489 3521 me-

247 3555 536 3625 moriam
585 3560 652 3625 et
698 3564 1076 3645 perpetuam
1125 3558 1492 3629 firmitatem
1525 3569 1859 3650 presentes
1890 3563 2143 3630 litteras
2175 3562 2487 3630 concessi-

246 3684 405 3733 mus
438 3664 799 3748 sigillorum
830 3671 1190 3735 nostrorum
1223 3668 1576 3737 munimine
1609 3672 1964 3741 roboratas.
1989 3674 2224 3739 Datum
2243 3671 2308 3737 in
2325 3670 2490 3738 villa

246 3771 577 3860 Pispwky
610 3773 678 3841 in
708 3774 1015 3860 predictis
1047 3777 1300 3845 octauis
1331 3779 1517 3846 Beati
1548 3781 1780 3848 Jacobi
1810 3780 2107 3869 Apostoli
2139 3801 2309 3847 anno
2358 3781 2484 3846 Do-

249 3883 420 3950 mini
453 3881 801 3951 millesimo
833 3883 1274 3953 ducentesimo
1304 3888 1743 3974 octuagesimo
1773 3894 2018 3974 quarto.

250 4100 376 4168 (IV.
417 4097 610 4153 Lis-16
652 4098 946 4167 kirflynak
994 4103 1214 4155 1284411
1264 4104 1590 4172 megersssitss
1635 4101 1996 4174 okmfinyabol
2019 4146 2034 4171 ,
2089 4112 2228 4161 mint
2262 4105 2486 4170 fentebb

1124 4196 1245 4247 273.
1281 4192 1428 4249 ozam
1463 4197 1617 4250 alatt.

1166 4482 1583 4498 e———m

347 4774 554 4815 norun.
581 4777 746 4817 me.
774 4774 913 4819 trs-r.
948 4787 1024 4810 a·
1060 4779 1203 4826 nnn.
1234 4779 1306 4824 ¹7.
2076 4771 2164 4836 26
