3319 5249
1347 345 1471 408 561

288 529 623 614 Magistris
672 528 821 595 filiis
886 527 1174 596 eiusdem
1236 528 1661 595 contulimus:
1712 527 2016 595 fidelitati
2071 535 2288 597 vestre
2338 530 2543 615 preci-

286 639 505 720 pimus
538 643 602 704 et
636 635 1038 722 mandamus,
1071 642 1394 719 quatenus
1426 641 1709 702 vestrum
1747 633 1913 702 detis
1947 636 2409 726 testimonium,
2440 660 2540 705 co-

285 765 429 809 ram
461 765 585 827 quo
620 740 786 808 Jurk
818 742 992 808 filius
1040 740 1191 808 Jule
1243 740 1434 808 homo
1498 748 1716 808 noster
1784 742 2144 809 reambulet
2206 744 2538 829 predictas

287 853 736 935 possessiones
768 849 997 916 vicinis
1050 854 1113 915 et
1164 850 1629 914 commetaneis
1681 849 2130 935 presentibus,
2183 857 2245 915 et
2292 858 2541 918 statuat

285 958 492 1025 eidem
529 959 763 1024 Comiti
797 955 1096 1024 Michaeli
1131 963 1194 1021 et
1224 955 1379 1041 filijs
1433 955 1567 1021 suis
1620 955 2042 1041 supradictis,
2076 958 2133 1023 si
2167 978 2294 1023 non
2344 957 2541 1025 suerit

284 1064 788 1147 contradictum;
824 1062 1331 1130 contradictores
1371 1062 1783 1129 nihilominus
1816 1063 1905 1127 ad
1952 1069 2237 1132 nostram
2270 1066 2536 1131 Presen-

280 1174 450 1239 ciam
480 1171 567 1237 ad
598 1170 941 1239 terminum
974 1175 1443 1255 competentem
1478 1169 1785 1253 euocetis‚
1839 1176 1902 1235 et
1933 1178 2082 1255 post
2131 1170 2251 1237 hec
2302 1172 2534 1238 seriem

280 1283 487 1348 tocius
521 1279 674 1346 facti
706 1279 896 1346 nobis
929 1277 1318 1346 rescribatis.
1357 1280 1596 1344 Datum
1659 1277 1844 1344 Bude
1875 1277 2042 1344 seria
2102 1286 2333 1360 quarta
2394 1300 2536 1364 pro-

282 1388 462 1454 xima
494 1393 642 1474 post
671 1387 909 1454 festum
942 1388 1125 1453 Beati
1158 1385 1390 1455 Jacobi
1420 1385 1740 1471 Apostoli.

274 1603 561 1664 (Eredetie
586 1598 941 1667 borhartybn,
969 1620 1003 1653 a
1031 1599 1310 1669 zirpecset
1335 1603 1600 1653 elveszett
1621 1620 1634 1665 ς
1659 1614 1694 1649 a
1719 1618 1902 1654 nemos
1927 1598 2133 1667 Kallay
2161 1600 2343 1655 csalad
2371 1601 2535 1655 level-

1272 1690 1542 1757 thahan.)

1317 2708 1473 2776 413.

266 2910 311 2972 Ι
333 2907 400 2970 V.
446 2908 673 2972 Ldszlo'
708 2908 933 2992 kirdly
962 2910 1507 2994 va'mme‘ntesseqet
1528 2908 1616 2971 dd
1648 2907 1910 2994 Mihdly
1943 2929 2141 2971 comes
2158 2910 2295 2993 fiai
2312 2911 2536 2973 Istcdn

268 3041 301 3081 8
344 3018 470 3082 Peil
496 3016 905 3082 mestereknek
935 3041 1089 3081 azon
1122 3018 1364 3103 hajo'ik‘
1384 3021 1707 3101 szdmd'ra,
1745 3015 1987 3100 melyek
2019 3017 2228 3080 va'rzilc
2241 3014 2534 3103 fele'piti-

477 3127 607 3216 se're
639 3150 680 3189 α
716 3125 1059 3191 Szamoson
1092 3127 1317 3210 e'pite'si
1348 3136 1633 3212 anyayot
1667 3125 1925 3191 visznek.
1964 3101 2065 3186 Ευ
2095 3125 2330 3190 nahal.

482 3337 831 3406 Ladizlaus
878 3337 1007 3404 Dei
1039 3338 1267 3423 gracia
1298 3340 1440 3406 Rex
1471 3339 1810 3422 Hungarie
1842 3337 2148 3405 fidelibus
2202 3336 2336 3404 suis
2391 3335 2522 3404 vni-

264 3447 474 3512 uersis
540 3445 897 3530 tributarijs
957 3464 1073 3529 per
1133 3447 1373 3513 Zomus
1434 3446 1825 3531 constitutis,
1871 3468 1952 3514 ac
2014 3444 2380 3531 hospitibus
2440 3441 2523 3510 de

261 3553 571 3621 Zothmar
601 3560 666 3620 et
696 3554 776 3620 de
808 3553 1110 3639 Nempty,
1145 3573 1263 3620 nec
1294 3573 1427 3619 non
1457 3554 1822 3637 tributarijs
1854 3554 1921 3620 in
1959 3553 2208 3621 eisdem
2240 3551 2519 3620 existen·

259 3662 462 3745 tibus,
495 3679 575 3727 ac
608 3661 807 3726 eciam
873 3660 1026 3746 alijs
1086 3660 1455 3743 tributarijs·
1509 3661 1591 3727 de
1642 3661 1954 3726 Zothmar
1990 3666 2054 3727 et
2117 3659 2197 3724 de
2260 3658 2524 3742 Nempti

262 3770 569 3851 usquein
621 3750 1034 3858 Zomuszygh
1084 3767 1521 3835 residentibus
1572 3768 1848 3835 salutem
1885 3775 1950 3833 et
1998 3767 2308 3851 graciam.
2363 3769 2523 3834 Cum

260 3898 382 3944 nos
414 3878 753 3945 Vniuersas
786 3898 987 3944 naues
1052 3876 1324 3943 Comitis
1388 3876 1768 3962 Mychaelis,
1820 3874 2137 3962 Stephani
2201 3880 2267 3940 et
2330 3872 2521 3938 Pauli

256 3986 538 4050 filiorum
572 3985 858 4073 eiusdem
908 3984 1191 4050 fidelium
1244 3989 1625 4068 nostrorum,
1676 3984 1933 4069 lapides
1984 3989 2098 4049 aut
2153 3984 2518 4048 cementum

259 4114 379 4179 per
438 4090 703 4157 fluuium
735 4092 970 4158 Zomus
1004 4091 1376 4157 differentes
1409 4112 1525 4175 pro
1559 4091 2048 4158 construccione
2066 4088 2260 4156 castri
2285 4106 2523 4152 eorun-

262 4201 429 4284 dem,
462 4200 545 4265 ab
580 4200 751 4265 omni
784 4198 1049 4285 tributo,
1084 4218 1207 4282 que
1240 4200 1305 4263 in
1338 4199 1575 4265 Zomus
1608 4199 1781 4281 exigi
1833 4201 2326 4278 consueuerant,
2381 4192 2526 4259 red-

261 4308 618 4375 diderimus
668 4306 1045 4393 expeditos:
1108 4307 1448 4391 volumus,
1501 4313 1567 4373 et
1616 4305 1933 4372 fidelitati
1985 4311 2203 4372 uestre
2261 4301 2526 4367 firmiter

261 4415 654 4503 precipimus
687 4422 751 4480 et
788 4413 1103 4500 districte,
1137 4422 1457 4498 quatenus
1509 4414 1789 4502 receptis
1844 4413 2253 4499 presentibus
2305 4409 2524 4476 nullus

258 4530 548 4591 uestrum
577 4520 887 4587 tributum
919 4539 1117 4604 super
1149 4521 1328 4604 ipsas
1361 4539 1562 4587 naues
1599 4519 1863 4603 exigere
1915 4519 2156 4586 audeat
2211 4517 2314 4582 uel
2364 4536 2508 4600 pre·

256 4638 496 4699 sumat.
530 4630 833 4713 Alioquin
866 4628 1225 4714 quicunque
1260 4650 1341 4710 ex
1375 4629 1560 4697 uobis
1591 4636 1879 4700 nostrum
1914 4628 2288 4696 mandatum
2311 4633 2522 4692 trans·

351 4766 556 4803 nonunt.
592 4765 756 4803 nmro.
790 4763 932 4804 mer.
974 4774 1060 4787 -—
1092 4763 1238 4801 nrm..
1273 4755 1347 4805 1⁷.
2111 4736 2197 4807 36
