3319 5249
1736 399 1867 466 214

666 601 987 669 cientibus
1020 599 1479 666 commetaneis
1529 604 1593 665 et
1625 596 1880 683 vicinis,
1935 619 2050 686 pro
2106 597 2332 666 decem
2382 599 2624 666 marcis
2655 601 2723 666 in
2757 602 2923 669 filios

669 710 1080 792 filiorumque
1131 727 1533 775 successores
1584 714 1897 794 perpetuo
1931 713 1994 773 et
2027 708 2554 776 inreuocabiliter
2591 709 2924 796 possiden-

674 818 865 899 dam;
933 836 1096 900 quas
1147 815 1409 898 quidem
1473 813 1694 880 decem
1757 812 2262 900 marcasijdem
2311 835 2430 901 per
2479 836 2600 883 nos
2633 817 2924 900 requisiti

672 925 930 1011 plenius
967 922 1248 991 confessi
1281 928 1434 989 sunt
1467 923 1794 1009 recepisse
1831 923 1917 987 ab
1951 922 2198 988 eodem.
2250 921 2390 990 Hoc
2429 922 2705 1008 adiecto,
2755 923 2926 1007 quod

672 1034 1043 1116 quicunque
1099 1036 1527 1113 cognatorum
1579 1049 1696 1097 seu
1746 1030 2185 1116 proximorum
2259 1030 2577 1098 dictorum
2625 1029 2817 1096 Pauli
2865 1038 2928 1097 et

674 1137 973 1225 Nicolai,
1021 1158 1136 1204 seu
1186 1137 1447 1205 domina
1498 1141 1704 1202 mater
1754 1135 2136 1223 eorundem,
2183 1138 2545 1224 predictum
2609 1138 2922 1205 Comitem

680 1246 1119 1314 Alexandrum
1154 1246 1417 1313 racione
1469 1243 1638 1313 dicte
1689 1254 1859 1313 terre
1909 1245 2040 1312 vllo
2089 1266 2373 1331 unquam
2425 1252 2713 1331 tempore
2736 1248 2926 1313 mole-

677 1360 962 1439 starent,
1008 1355 1113 1421 vel
1163 1352 1403 1420 dictam
1454 1359 1698 1420 terram
1743 1353 2118 1440 impeteret,
2169 1353 2327 1420 dicti
2364 1354 2609 1421 Paulus
2640 1360 2706 1421 et
2735 1354 2925 1420 Nico·

679 1464 820 1530 laus
852 1468 1076 1529 contra
1126 1463 1484 1547 quemlibet
1533 1461 1776 1527 dietum
1831 1462 2144 1530 Comitem
2200 1464 2639 1533 Alexandrum
2681 1468 2746 1529 et
2778 1482 2929 1530 suos

679 1569 949 1637 heredes
999 1572 1384 1638 tenebuntur
1433 1569 1746 1656 expedire
1791 1573 2081 1658 propriJs
2130 1572 2460 1640 laboribus
2510 1580 2575 1641 et
2613 1571 2929 1657 expensis.

679 1679 1003 1746 laenius
1067 1682 1158 1746 rei
1222 1679 1652 1747 testimonium
1718 1687 1781 1746 et
1827 1687 2208 1766 perpetuam
2259 1682 2626 1750 firmitatem
2678 1684 2928 1752 litteras
2995 1704 3004 1707 ·

682 1795 938 1855 nostras
968 1786 1402 1855 concessimus
1442 1789 1669 1856 robore
1707 1787 1913 1857 nostri
1956 1789 2158 1874 sigilli
2190 1792 2624 1858 confirmatas.
2688 1793 2930 1860 Datum

683 1916 855 1963 anno
921 1893 1184 1962 Domini
1247 1896 1591 1964 millesimo
1657 1897 2099 1966 ducentesimo
2135 1901 2613 1983 septuagesimo
2665 1905 2931 1982 octau03

685 2003 973 2070 Abraam
1008 2001 1287 2070 Cantore
1312 2055 1329 2087 ‚
1378 2005 1612 2071 Eetore
1663 2007 1973 2091 Lectore,
2023 2004 2264 2093 Mykou
2316 2006 2598 2075 Custode
2643 2010 2933 2076 Ecclesie

632 2128 635 2131 ’
683 2116 906 2177 nostre
938 2110 1382 2182 existentibus

687 2308 960 2371 (Eredetie
987 2325 1021 2359 a
1046 2311 1223 2376 Rumy
1252 2306 1435 2361 osalaid
1473 2307 1858 2373 leveltaraban,
1901 2311 2170 2366 masolata
2193 2329 2227 2367 a
2252 2327 2477 2381 magyar
2503 2317 2787 2368 academia
2813 2314 2933 2367 kez-

748 2402 753 2407 ’
1601 2400 2008 2469 irat-taraban.)

1606 2730 2027 2744 β’*

1745 3194 1892 3263 151.

690 3409 751 3476 A
791 3409 1023 3498 azepesi
1052 3408 1496 3496 kdptalannak
1527 3411 2081 3498 bizonysdqlevele,
2120 3419 2284 3501 hoqy
2303 3413 2658 3482 Anthaleus
2687 3418 2944 3503 Isipnek

677 3521 783 3602 fia
832 3518 1197 3605 Reqyoulch
1226 3530 1385 3586 ‘nevil
1416 3520 1695 3588 birtokdt
1726 3522 1940 3587 eladca
1977 3523 2191 3590 Jakab
2223 3527 2581 3606 memo-mk,
2635 3551 2678 3590 a
2710 3530 2944 3613 szepesi

1149 3632 1457 3717 kdptalan
1510 3633 2232 3700 olva36·kanonokdnak.
2285 3639 2477 3702 1278.

907 3829 1043 3896 Nos
1075 3826 1386 3913 Magister
1434 3831 1513 3897 M.
1567 3828 1811 3895 Diuina
1854 3830 2279 3897 miseracione
2311 3832 2684 3917 Propositus
2717 3833 2799 3898 de
2830 3834 2942 3899 Ze·

692 3958 813 4023 pus
847 3936 1151 4004 memorie
1183 3940 1705 4005 commendantes
1740 3938 2179 4022 significamus
2201 3937 2519 4006 vniuersis
2541 3938 2944 4025 presencium

693 4065 805 4130 per
854 4051 1174 4130 tenorem,
1254 4046 1447 4129 quod,
1476 4046 1808 4115 constituti
1861 4047 1927 4112 in
1977 4048 2179 4114 nostri
2212 4048 2553 4132 presencia
2583 4045 2946 4116 Anthaleus

692 4157 863 4223 filius
913 4156 1093 4240 Ysyp
1150 4173 1290 4219 cum
1342 4154 1477 4221 filio
1527 4174 1643 4220 suo
1696 4152 2025 4240 Stephano
2079 4176 2158 4221 ex
2210 4162 2394 4240 parte
2429 4175 2578 4243 vna,
2623 4176 2702 4222 ex
2736 4155 2946 4222 altera

691 4283 843 4329 vero
876 4263 1190 4345 Magister
1219 4262 1526 4350 Jacobus,
1565 4247 1794 4330 Lector
1833 4263 2128 4330 Ecclesie
2160 4263 2384 4331 Sancti
2420 4263 2679 4330 Martini
2715 4270 2779 4328 et
2810 4263 2944 4349 ple·

693 4374 899 4440 banus
932 4372 1013 4438 de
1048 4371 1221 4438 Villa
1249 4370 1521 4457 Latina,
1567 4391 1702 4438 vna
1752 4393 1896 4439 cum
1949 4372 2258 4439 fratribus
2291 4373 2445 4457 suis,
2492 4372 2663 4438 idem
2695 4368 2937 4437 Antha-

691 4482 831 4547 leus
866 4480 1084 4547 retulit
1120 4480 1326 4566 nobis,
1386 4479 1557 4565 quod
1589 4481 1813 4548 villam
1848 4502 2031 4549 suam
2065 4481 2441 4568 Regyoulch
2475 4490 2770 4549 vocatam
2801 4501 2944 4548 cum

694 4587 989 4659 omnibus
1036 4588 1424 4658 vtilitatibus
1476 4591 1611 4656 suis
1633 4643 1649 4676 ,
1703 4609 1894 4674 quam
1936 4590 2108 4656 idem
2145 4590 2504 4658 Anthaleus
2535 4597 2603 4657 et
2635 4590 2732 4655 sui
2765 4588 2943 4654 herc-

694 4701 808 4765 des
857 4697 1296 4781 heredumque
1347 4718 1757 4765 successores
1813 4720 1895 4765 ex
1945 4698 2309 4768 donacione
2361 4696 2600 4766 domini
2642 4699 2711 4764 B.
2744 4698 2945 4782 Regis
