3319 5249
1407 311 1534 398 221

360 530 508 591 suut
538 513 836 592 similiter
865 524 991 594 due
1023 531 1228 612 mcte;
1262 533 1491 613 postea
1522 532 1674 594 sunt
1705 523 1829 594 due
1859 544 2027 594 noue
2048 531 2216 594 mete
2236 523 2405 594 inter
2423 518 2591 592 duas

362 633 662 717 antiquas
696 639 904 701 metas
940 634 1344 721 destructas3
1379 635 1532 702 item
1562 654 1753 720 super
1785 641 2061 701 montem
2091 640 2245 702 suut
2276 633 2404 700 due
2435 639 2603 702 mete

361 740 624 822 antique
670 748 735 807 et
793 743 999 810 tercia
1054 764 1267 827 noua;
1319 743 1494 811 vltra
1525 763 1721 831 super
1751 750 2029 810 montem
2064 742 2263 809 alium
2296 748 2446 809 sunt
2476 739 2601 809 due

363 855 532 915 mete
584 849 846 933 antique
901 856 963 917 et
994 871 1127 919 vna
1158 849 1339 917 iuxta
1369 852 1632 937 Tapeu3
1665 850 1889 917 vltimo
1923 849 2161 918 directe
2191 846 2597 935 procedendo

360 957 448 1024 ad
494 959 790 1027 arborem
839 982 1010 1025 naar
1058 960 1272 1046 posite
1322 966 1470 1027 sunt
1518 960 1645 1026 due
1694 966 1883 1044 mete,
1928 980 2058 1026 vna
2091 979 2263 1027 noua
2295 965 2360 1025 et
2394 957 2604 1023 altera

361 1065 655 1153 antiqua,
708 1077 772 1135 et
820 1069 907 1135 ibi
940 1069 1381 1136 terminantur.
1414 1069 1488 1135 In
1522 1069 1708 1136 cuius
1741 1069 1834 1135 rei
1868 1066 2241 1135 memoriam
2272 1074 2335 1134 et
2361 1084 2593 1153 perpe·

361 1180 538 1242 tuam
571 1178 937 1244 firmitatem
968 1177 1055 1244 ad
1083 1180 1473 1265 peticionem
1505 1186 1569 1246 et
1597 1177 1982 1247 instanciam
2016 1179 2305 1262 parcium
2325 1195 2588 1260 preseu-
2644 1221 2651 1228 ,

360 1291 459 1351 tes
510 1286 942 1372 concessimus
1003 1288 1209 1373 sigilli
1271 1289 1474 1356 nostri
1537 1287 1911 1356 munimine.
1949 1287 2304 1355 roboratas.
2356 1286 2593 1353 Datum

363 1392 667 1461 kalendis
714 1395 873 1481 Julij
926 1417 1099 1464 anuo
1131 1396 1392 1466 Domini
1420 1399 1515 1464 M⁰
1546 1396 1676 1464 (30⁰
1710 1397 2154 1482 octuagesimo
2186 1396 2412 1480 primo.
2446 1393 2598 1460 Pre-

360 1503 652 1570 sentibus
702 1510 914 1571 tamen
945 1504 1253 1590 Magistro
1283 1507 1487 1574 Paulo
1518 1505 1810 1593 Lectore,
1844 1503 1993 1572 And
2006 1524 2116 1570 rea
2146 1502 2444 1589 cantore,
2483 1523 2581 1569 se-

365 1611 577 1677 cundo
625 1611 828 1680 Paulo
881 1613 1161 1680 Custode
1182 1664 1204 1700 ,
1252 1614 1560 1682 Farcasio
1613 1615 1956 1696 Waciensi‚
2022 1612 2203 1680 Aneo
2269 1610 2603 1697 Pestiensi,

365 1717 636 1788 Nicolao
668 1720 747 1787 de
779 1719 1097 1809 Zigetfeu,
1131 1730 1195 1788 et
1224 1723 1417 1791 Petro
1450 1723 1529 1789 dc
1560 1723 1787 1789 Zonuk
1814 1720 2324 1807 Archidiaconis‚
2351 1741 2431 1789 ac
2452 1720 2602 1809 alijs

365 1828 432 1894 in
465 1828 760 1896 Ecclesia
793 1830 996 1898 Beatc
1025 1830 1312 1915 Virginis
1343 1831 1482 1898 Deo
1512 1831 1619 1917 pie
1656 1830 2122 1900 famulantibus
2156 1837 2218 1897 ct
2249 1830 2499 1895 deuote.

794 1992 854 2056 A
1230 1995 1285 2060 B
1679 1993 1729 2060 C
2120 1993 2181 2059 D

365 2151 642 2218 (Eredetie
683 2151 1028 2221 biit-hirtyan,
1073 2156 1373 2209 zold-vssros
1415 2155 1866 2242 selyemzsindron
1912 2156 2078 2224 fiiggd
2125 2155 2309 2224 peccet
2351 2157 2517 2224 alatt3
2562 2174 2597 2211 a
2634 2167 2639 2174 ⁴

999 2247 1163 2298 budai
1187 2246 1290 2297 kir.
1317 2246 1561 2299 kamarai
1587 2243 1967 2314 levdltarban.)

1275 2536 1702 2547 —————-—-

1427 3021 1576 3092 228.

371 3243 437 3311 A
484 3240 819 3331 veszprani
864 3241 1311 3329 kdptalannak
1343 3243 1889 3330 bizonysdqlevele,
1919 3241 2080 3330 hoqy
2112 3242 2340 3330 Aykai
2370 3244 2615 3334 Gelyan

439 3354 757 3441 Aykdban
786 3354 922 3418 Ζέυὸ
951 3352 1245 3440 bizonyos
1275 3354 1588 3419 malomra
1619 3359 1803 3419 ndzve
1836 3355 2029 3419 Bolia
2060 3355 2317 3420 Pa'lnak
2332 3355 2550 3438 fidval

1186 3462 1592 3549 eqyezkedett.
1628 3463 1823 3529 1281.

591 3679 726 3744 Nos
757 3676 1123 3763 Capitulum
1156 3679 1448 3748 Ecclcsie
1499 3678 1996 3766 Vesprimiensis
2049 3681 2277 3748 damus
2329 3701 2445 3765 pro
2480 3700 2609 3747 me-

375 3789 603 3879 moria,
652 3787 822 3872 quod
873 3788 1208 3856 constituti
1256 3810 1476 3857 coram
1524 3788 1710 3857 nobis
1766 3789 2097 3873 Gelyanus
2129 3789 2299 3856 filius
2331 3790 2504 3856 Petri
2535 3791 2614 3857 dc

374 3898 576 3980 Ayka
622 3915 738 3979 pro
783 3919 855 3965 se
904 3904 969 3966 et
1019 3916 1135 3982 pro
1185 3899 1383 3964 fratre
1433 3918 1551 3966 suo
1602 3899 1915 3983 Nycoloo,
1967 3899 2131 3964 sieut
2162 3897 2342 3984 dixit,
2376 3899 2458 3964 ab
2491 3918 2618 3963 vna

374 4012 591 4092 parte,
644 4013 706 4071 et
760 4006 952 4072 Bolta
1001 4004 1177 4074 filius
1227 4005 1416 4073 Pauli
1452 4006 1534 4073 de
1565 4006 1794 4073 cadem
1831 4004 2124 4075 similiter
2155 4026 2273 4092 pro
2302 4026 2373 4072 se
2405 4014 2469 4072 et
2500 4025 2618 4089 pro

379 4116 590 4182 Paulo
621 4113 825 4180 fratre
855 4134 972 4181 suo
1004 4113 1090 4181 ab
1122 4115 1348 4199 altera,
1384 4134 1576 4199 super
1606 4115 1882 4199 quodam
1923 4114 2293 4183 molendino
2324 4115 2391 4179 in
2423 4112 2620 4197 Ayka

378 4243 573 4309 super
618 4222 813 4289 fluuio
862 4224 1123 4293 Tornoa
1154 4222 1301 4311 sito,
1336 4221 1508 4307 quod
1540 4222 1779 4289 dudum
1813 4224 2198 4309 Bcnyamyn
2229 4222 2434 4288 fuisse
2466 4219 2620 4286 dici-

379 4340 505 4418 tur,
539 4331 759 4417 probis
788 4330 949 4398 viris
978 4331 1529 4418 componentibus,
1564 4330 1644 4396 de
1678 4331 2098 4417 permissione
2132 4329 2457 4412 Magnifici
2490 4327 2615 4394 viri

379 4438 629 4505 domini
679 4437 1000 4507 Jobannis
1052 4438 1340 4506 Palatini
1389 4459 1464 4505 se
1515 4436 1814 4505 dixerunt
1864 4439 2088 4505 taliter
2150 4434 2610 4520 concordasse;

378 4546 554 4634 quod
601 4568 748 4616 cum
799 4555 1225 4617 memoratum
1258 4546 1689 4616 molendinum
1725 4546 1811 4614 sit
1839 4547 2177 4632 utriusque
2207 4544 2413 4633 partis
2440 4543 2620 4612 here·

380 4656 705 4742 ditm-ium,
753 4656 987 4725 amodo
1036 4657 1244 4743 ipsum
1296 4656 1734 4725 molendinum
1784 4656 2214 4742 possidebunt
2267 4674 2492 4722 secure
2543 4655 2614 4721 in

471 4750 871 4833 notun-ime.
899 4794 1040 4833 rus-r.
1074 4804 1153 4815 —
1186 4795 1411 4833 menon.
1468 4786 1539 4832 ¹⁷.
2180 4827 2184 4833 .
2220 4768 2305 4831 21
