3319 5249
1367 361 1499 436 319

1343 996 1499 1065 227.

309 1209 366 1275 A
394 1215 578 1279 vdczi
607 1213 1055 1301 kdptalannak
1101 1213 1642 1299 bizonysdqlevele‚
1683 1213 1848 1301 hoqy
1882 1212 2049 1300 Sapi
2079 1213 2315 1281 Miklds
2344 1237 2538 1281 comes

307 1321 368 1386 ἐκ
413 1322 812 1388 ὀνᾶεἶείάτσαί
868 1322 1379 1409 Taqadopachia
1423 1331 1585 1388 nevit
1614 1320 1844 1408 fbldre
1887 1323 2071 1388 ‘nczve
2119 1346 2163 1388 a
2194 1323 2536 1412 Bikchey-z·

908 1431 1279 1496 mmesekkel
1309 1430 1707 1517 eqyezkedett.
1742 1430 1935 1494 1281.

514 1661 883 1748 Capitulum
935 1663 1226 1731 Ecclesie
1258 1662 1617 1733 Waciensis
1648 1662 1945 1733 omnibus
1978 1661 2217 1730 Christi
2249 1660 2545 1730 fidelibus

307 1770 538 1855 quibus
569 1778 898 1858 presentes
932 1773 1354 1840 ostenduntur
1382 1772 1655 1839 salutem
1710 1771 1777 1839 in
1809 1792 1905 1852 co,
1939 1771 2049 1855 qui
2081 1776 2178 1839 est
2214 1771 2391 1838 salus
2411 1791 2540 1837 om·

303 1879 476 1944 nium
533 1886 597 1945 et
647 1897 903 1947 corona.
936 1878 1038 1945 Ad
1071 1880 1510 1948 vniuersorum
1540 1880 1853 1948 noticiam
1881 1885 2105 1945 tenore
2137 1876 2542 1964 presencium

309 1985 606 2055 volumus
637 1989 1011 2075 peruenire;
1042 1988 1213 2074 quod
1244 1987 1473 2057 Comes
1504 1989 1815 2057 Nicolaus
1845 1987 2017 2056 filius
2038 1988 2254 2055 Babus
2286 1988 2368 2054 de
2387 1987 2543 2074 Sap,

303 2095 543 2162 Matias
591 2098 763 2165 filius
814 2085 1027 2184 Petri,
1074 2099 1459 2166 Benedictus
1506 2099 1679 2164 filius
1728 2095 1944 2182 Egidij
1997 2097 2081 2164 ab
2131 2117 2262 2163 vna
2313 2105 2534 2181 parte;

302 2202 622 2289 Bikchey,
671 2207 1025 2292 Tymoteus
1073 2214 1139 2275 et
1186 2206 1572 2275 Benedictus
1602 2206 1716 2292 filij
1752 2205 2037 2274 eiusdem
2072 2205 2389 2290 Bikchey,
2420 2204 2531 2271 Ni-

305 2312 530 2379 colaus
565 2318 629 2380 et
657 2313 1026 2400 Stephanus
1057 2315 1262 2384 frater
1291 2336 1447 2383 suus
1496 2314 1613 2401 filij
1669 2314 1949 2397 Bochou,
1997 2312 2423 2381 Leustachius
2475 2319 2540 2380 et
2638 2345 2651 2360 ·

296 2420 607 2488 Martinus
638 2421 754 2507 filij
790 2422 1074 2491 eiusdem
1107 2424 1460 2511 Stephani3
1495 2423 1740 2510 Mikou‚
1786 2422 2181 2489 Laurencius
2213 2429 2277 2488 et
2310 2423 2535 2489 Petrus

296 2525 408 2613 filij
444 2529 699 2615 Pasca;
732 2530 938 2620 Zetta‚
969 2530 1302 2600 Johannes
1334 2539 1398 2600 et
1424 2531 1679 2598 Sandur
1709 2531 1827 2616 filij
1861 2529 2065 2596 Anias
2097 2550 2215 2616 pro
2243 2551 2317 2597 se
2335 2537 2396 2595 et
2414 2551 2533 2616 pro

298 2636 478 2705 Merk
535 2636 736 2705 fratre
788 2640 1090 2727 ipsorum,
1141 2641 1395 2709 nobiles
1446 2640 1526 2706 de
1574 2640 1872 2727 Bikchey
1919 2659 2002 2707 ex
2048 2640 2274 2724 altera,
2322 2658 2539 2707 coram

297 2746 484 2813 nobis
517 2748 950 2831 personaliter
979 2748 1327 2835 constituti,
1361 2748 1639 2817 confessi
1675 2756 1823 2816 sunt
1854 2749 2116 2817 oraculo
2150 2746 2297 2815 viue
2335 2748 2531 2834 vocis,

300 2856 472 2937 quod
503 2876 699 2943 super
730 2877 948 2946 causa,
981 2879 1105 2943 que
1136 2860 1305 2927 inter
1334 2860 1509 2947 ipsos
1539 2860 1802 2926 racione
1831 2865 2001 2926 terre
2030 2857 2541 2947 Tagadopachia

299 2971 551 3047 uocate,
588 2966 774 3031 iuxta
804 2966 1373 3054 Timoteuspachia
1401 2967 1779 3055 adiacentis,
1814 2966 2062 3038 diucius
2095 2965 2324 3035 fuisset
2341 2967 2541 3034 venti-

301 3070 459 3158 lata,
493 3078 565 3140 et
594 3091 788 3157 super
819 3073 1045 3142 eadem
1078 3081 1250 3142 terra
1283 3075 1449 3142 inter
1480 3083 1703 3162 partes
1734 3075 1941 3143 eciam
1971 3073 2264 3143 duellum
2290 3075 2536 3142 adiudi-

299 3188 510 3246 catum
567 3181 925 3269 extitisset;
974 3182 1237 3251 tandem
1289 3185 1356 3252 in
1386 3186 1590 3253 talem
1621 3187 1806 3270 pacis
1837 3185 2242 3252 concordiam
2273 3190 2337 3252 et
2367 3206 2532 3253 sem·

301 3289 628 3373 piternam
683 3291 980 3359 vnionem
1025 3311 1096 3359 se
1127 3291 1433 3361 dixerunt
1461 3293 1838 3361 deuenisse:
1874 3293 2043 3379 quod
2073 3291 2537 3362 dimidietatem

302 3405 466 3465 terre
499 3396 1010 3487 Tagadopachia
1040 3408 1284 3489 vocate,
1322 3403 1502 3470 cuius
1524 3402 1658 3469 alia
1681 3401 2049 3469 dimidietas
2068 3402 2136 3469 in
2157 3422 2312 3469 area
2332 3401 2533 3470 duelli

300 3523 414 3589 per
462 3507 1000 3592 composicionem
1052 3507 1344 3597 Nicolao,
1395 3510 1595 3578 Matie
1626 3520 1688 3578 et
1719 3510 2071 3578 Benedicto
2101 3511 2312 3579 extitit
2342 3509 2535 3580 deuo·

307 3614 459 3700 luta,
493 3613 940 3701 cuquuadam
971 3617 1293 3704 particula
1323 3626 1493 3687 terre
1514 3618 1785 3687 Bikchei
1804 3627 2059 3707 vocate,
2077 3619 2263 3687 iuxta
2293 3626 2530 3689 terram

304 3719 513 3790 Castri
569 3723 1083 3807 Neugradiensis
1132 3747 1211 3793 ex
1251 3733 1434 3812 parte
1464 3723 1706 3793 domini
1741 3728 1942 3811 Regis
1972 3727 2262 3815 Nicolao,
2297 3728 2536 3796 Mathis

304 3837 364 3895 et
418 3831 770 3899 Benedicto
823 3832 1210 3902 donaticiam
1264 3835 1667 3924 existentem,
1699 3834 2157 3904 hereditariam
2190 3835 2537 3905 eorundem

303 3940 613 4007 nobilium
664 3941 743 4008 de
793 3942 1103 4031 Bikchey,
1152 3951 1225 4011 ut
1270 3942 1585 4033 dixerunt,
1639 3944 1993 4029 dedissent,
2025 3946 2446 4014 contulissent
2476 3952 2539 4013 et

305 4044 718 4115 tradidissent
763 4048 1060 4136 Nicolao,
1116 4051 1320 4118 Matie
1353 4056 1419 4119 et
1449 4051 1802 4121 Benedicto
1834 4072 1912 4119 ac
1945 4071 2163 4123 eorum
2196 4053 2536 4121 heredibus

304 4148 437 4221 iure
484 4165 797 4242 perpetuo
847 4166 912 4225 et
961 4157 1233 4245 pacifice
1281 4158 1715 4247 possidendas
1760 4164 1880 4229 sub
1931 4162 2221 4231 terminis
2252 4170 2317 4230 et
2347 4162 2537 4229 metis

307 4258 571 4331 inferius
619 4268 967 4334 annotatis.
1019 4268 1323 4336 Preterea
1373 4269 1441 4335 in
1492 4271 1931 4341 concambium
1983 4280 2047 4339 et
2094 4274 2161 4340 in
2192 4278 2539 4340 eommuta-

310 4369 550 4439 cionem
605 4371 893 4459 predicte
939 4382 1106 4443 terre
1143 4378 1653 4464 Tagadopachia
1684 4389 1750 4450 et
1781 4381 2097 4468 particule
2126 4381 2307 4471 prius
2340 4381 2533 4467 dicte,

308 4476 497 4559 ijdem
518 4478 848 4571 Nicolaus,
871 4485 1108 4552 Matias
1142 4492 1207 4553 et
1227 4487 1611 4557 Benedictus
1630 4490 1960 4573 quandam
1981 4496 2217 4559 terram
2236 4489 2536 4576 Bikchey

310 4594 617 4673 vocatam,
669 4610 863 4674 quam
910 4590 1239 4662 mediante
1292 4603 1507 4662 nostro
1557 4597 1905 4685 priuilegio
1955 4599 2297 4683 tenebant,
2348 4600 2533 4672 cuius

315 4696 493 4763 tenor
510 4700 947 4789 annotabitur,
963 4699 1308 4792 dedissent,
1331 4706 1759 4777 contulissent
1775 4712 1842 4776 et
1873 4708 2079 4777 eciam
2112 4704 2538 4776 tradidissent
