3319 5249
1350 244 1480 308 279

1337 800 1487 869 197.

292 1001 584 1069 Εηεέόοι
613 1000 822 1088 ξῇαόὀ
852 1002 1151 1089 kirdlyne'
1188 1004 1437 1089 ηέῆάηῃ
1468 1002 1728 1068 ωηῦενέί
1763 1026 1807 1067 a
1837 1004 2219 1091 nytilsziqeti
2267 1007 2530 1090 apdcza·

765 1111 968 1175 zarda
1002 1110 1434 1198 azolqdlatdba
1446 1111 1828 1199 felajdnlja.
1865 1113 2057 1180 1280.

498 1306 635 1374 Nos
686 1310 761 1374 E.
811 1306 937 1374 Dei
973 1306 1196 1392 gracia
1224 1308 1473 1392 Regina
1503 1308 1845 1391 Hungarie
1872 1309 2177 1377 memorie
2209 1328 2524 1377 commen·

288 1414 518 1482 dantes
567 1415 1005 1501 significamus
1055 1418 1288 1499 quibus
1337 1417 1597 1504 expedit
1626 1416 1950 1484 vniuersis
1981 1418 2384 1501 presencium
2414 1437 2532 1502 per

287 1526 657 1611 thenorem;
693 1525 867 1609 quod
896 1526 982 1592 ad
1012 1525 1392 1594 instanciam
1426 1532 1492 1592 et
1522 1525 1908 1611 peticionem
1940 1526 2283 1594 karissime
2301 1527 2528 1594 matris

289 1644 507 1702 nostre
556 1635 815 1702 domine
862 1634 1199 1702 Elisabeth
1249 1635 1331 1702 de
1381 1636 1608 1701 Insula
1658 1635 1858 1701 Beate
1897 1634 2185 1718 Virginis
2219 1634 2531 1720 Gloriose‚

144 1810 147 1825 ,
289 1743 757 1812 Columbanum
786 1743 989 1809 filium
1020 1744 1284 1829 Donati,
1335 1745 1508 1811 lwan
1548 1744 1753 1810 filium
1786 1742 2009 1830 Ponla‚
2059 1743 2294 1810 Katam
2323 1742 2529 1810 filium

286 1851 494 1918 Chnle
521 1904 538 1936 ‚
587 1853 849 1919 Petrum
879 1849 1083 1918 filium
1115 1850 1420 1935 Luduing
1437 1902 1456 1937 ,
1506 1857 1573 1918 et
1601 1853 1862 1918 Petrum
1893 1850 2094 1917 filium
2124 1850 2412 1937 Farcasij
2446 1851 2529 1918 de

286 1961 506 2027 Ueteri
538 1957 723 2026 Bada
750 2013 766 2045 ‚
810 1960 918 2043 qni
968 1958 1246 2046 quydem
1286 1967 1570 2045 tempore
1610 1958 1809 2042 Regis
1840 1958 1995 2025 Bele
2026 1957 2401 2026 felicissime
2430 1978 2526 2024 re·

285 2066 688 2135 cordacionis
736 2067 963 2152 proaui
993 2067 1198 2134 nostri
1246 2066 1312 2133 in
1363 2074 1539 2134 terra
1598 2066 1839 2133 Nemus
1887 2072 2121 2133 uocata
2149 2054 2518 2133 residebant

287 2176 353 2241 in
386 2177 707 2243 comitatu
736 2175 1055 2241 Pestiensi
1093 2174 1176 2241 ad
1233 2174 1557 2242 Ducatum
1608 2176 2005 2260 pertinentes
2023 2225 2040 2258 ‚
2090 2174 2523 2260 aplicauimus

288 2283 371 2348 ad
403 2284 763 2350 Ecclesiam
795 2284 1000 2350 Beate
1032 2283 1320 2369 Uirginis
1358 2284 1441 2349 de
1472 2282 1737 2369 Insula,
1785 2283 1905 2349 illa
1955 2281 2183 2349 eadem
2231 2282 2527 2350 libertate

288 2412 416 2475 qua
474 2389 562 2458 ad
623 2392 944 2459 Ducatum
996 2392 1407 2478 pertinebant
1465 2391 1531 2457 in
1593 2391 1762 2458 filios
1811 2390 2089 2457 filiorum
2140 2391 2526 2476 seruituros;

287 2502 594 2586 volentes,
639 2508 712 2567 ut
751 2520 895 2567 cum
926 2508 1260 2587 presentes
1291 2501 1378 2567 ad
1413 2520 1529 2567 nos
1562 2505 1883 2585 reportate
1916 2500 2186 2585 fuerint,
2235 2506 2524 2566 nostrum

286 2608 699 2695 priuilegium
737 2630 934 2695 super
972 2607 1091 2677 hoc
1122 2610 1263 2677 dari
1295 2608 1628 2676 faciemus,
1677 2609 1915 2676 Datum
1953 2606 2131 2676 Bude
2179 2608 2247 2674 in
2297 2605 2522 2693 vigilia

284 2717 528 2786 Mathei
561 2718 860 2804 Apostoli
890 2739 1058 2785 anno
1091 2719 1357 2785 Domini
1397 2719 1486 2783 M⁰
1519 2718 1646 2784 00⁰
1679 2717 2136 2803 octuagesimo.

289 2896 558 2963 (Eredetie
584 2896 934 2966 bssrhartyam
977 2916 1011 2951 a
1036 2896 1193 2952 hatul
1229 2900 1332 2951 oda
1356 2904 1604 2965 nyomott
1626 2896 1811 2967 pecset
1835 2899 2125 2963 elveszett3
2163 2912 2198 2949 a
2223 2897 2388 2949 budai
2416 2897 2519 2949 kir.

1078 2990 1322 3041 kamarai
1351 2985 1730 3056 leveltarban.)

1182 3243 1363 3250 .----,

1340 3618 1480 3686 198.

288 3824 465 3888 Pe'ter
511 3844 702 3889 comes
739 3820 1230 3906 msqubirdnak
1274 3821 1528 3886 Tdrnok
1564 3827 1722 3884 nevil
1735 3818 1952 3906 fbldet
1987 3821 2294 3905 tdrqyazd
2327 3819 2524 3883 ite'lete

376 3932 634 3999 scindor
665 3932 727 3996 63
756 3929 1007 4015 Jobaqh
1036 3952 1067 3995 s
1097 3955 1139 3994 a
1168 3930 1546 4016 nyvilsziyeti
1574 3928 2023 4016 apdczazdrda
2041 3927 2200 3991 ko'zt.
2236 3928 2431 3995 1280.

495 4127 631 4195 Nos
681 4113 910 4194 Comes
960 4127 1188 4193 Petrus
1235 4126 1451 4194 Judex
1500 4126 1690 4193 Curie
1721 4125 1963 4193 domini
1995 4123 2190 4208 Regis
2222 4123 2522 4190 memorie

285 4237 812 4308 commendantes
859 4236 1293 4322 significamus
1342 4236 1574 4319 quibus
1626 4235 1889 4321 expedit
1935 4233 2291 4316 vninersis;
2351 4232 2524 4316 quod

286 4343 650 4413 Alexander
685 4348 854 4413 filius
883 4347 1142 4413 Nicolai
1163 4398 1182 4433 ‚
1232 4350 1296 4411 et
1331 4344 1587 4428 Jobagh
1617 4346 1791 4411 filius
1822 4341 2136 4411 Borlouch
2170 4341 2523 4434 personali·

288 4465 380 4523 ter
409 4461 701 4522 astantes
724 4505 744 4539 ,
823 4455 1008 4520 iuxta
1057 4475 1216 4538 quos
1267 4456 1498 4521 Petrus
1547 4453 1719 4520 filius
1755 4453 1921 4537 Elye
1959 4451 2040 4518 de
2073 4450 2284 4516 Touth
2315 4449 2524 4517 astitit

288 4564 541 4632 nomine
572 4561 1002 4650 proteceionis
1036 4562 1126 4651 (P)
1180 4583 1296 4648 per
1346 4562 1677 4629 dominnm
1717 4562 1959 4646 Regem
1996 4559 2375 4627 Ladizlaum
2409 4558 2518 4626 de-
