3319 5249
1393 273 1523 353 333

318 495 650 548 cessornm
685 490 1049 550 nostrorum
1079 483 1426 551 illustrium
1457 484 1708 566 Regum
1727 479 2073 568 Hungarie,
2096 501 2287 565 quam
2321 482 2559 550 nostris

313 590 718 673 temporibus
755 592 1232 675 quomodolibet
1282 599 1753 678 processerunt,
1805 593 1907 657 nel
1940 594 2006 658 in
2038 601 2359 678 posterum
2394 614 2560 659 ema·

311 705 577 784 nar-ent,
608 719 768 783 quas
801 707 862 766 et
894 722 1018 786 que
1048 702 1433 768 auctoritate
1466 700 1889 786 presencium,
1910 720 1991 767 nc
2022 699 2329 786 premisse
2363 702 2559 768 colla·

305 804 481 871 cioni
539 816 758 875 nostre
810 809 1232 895 preiudicium
1263 815 1574 893 generent
1606 810 1710 876 uel
1744 828 2118 893 grauamen‚
2154 827 2553 891 reuocamuS,

305 931 677 1000 cassamu8‚
732 925 795 983 et
842 918 1086 1002 pariter
1132 919 1477 986 irritamus.
1511 920 1590 983 In
1622 918 1804 984 cuius
1835 919 1929 983 rei
1961 918 2332 984 memoriam
2364 915 2553 983 firmi·

303 1028 653 1108 tatemque
685 1033 1056 1112 perpetuam
1109 1035 1433 1110 presentes
1486 1026 1916 1092 concessimus
1980 1026 2230 1092 litteras
2276 1024 2554 1109 duplicis

301 1130 516 1213 sigilli
549 1135 752 1199 nostri
784 1135 1011 1201 robore
1042 1139 1485 1201 communitas.
1538 1136 1780 1201 Datum
1814 1154 1928 1219 per
1959 1152 2188 1200 manus
2226 1132 2558 1199 venerabi·

300 1237 387 1306 lis
439 1240 577 1306 uiri
637 1240 929 1324 Magistri
979 1241 1418 1309 Bartholomei
1471 1241 1622 1308 aule
1682 1249 1903 1309 nostre
1965 1240 2539 1325 vice-Cancellarij
2612 1271 2629 1278 ⁶

302 1346 540 1413 dilecti
592 1355 657 1417 et
703 1349 916 1416 fidelis
968 1351 1193 1435 nostri,
1242 1372 1414 1418 anno
1466 1351 1726 1418 Domini
1789 1352 1878 1417 Μο
1929 1348 2057 1418 00⁰
2108 1348 2380 1415 LXXX⁰
2428 1348 2541 1413 11⁰.

301 1455 526 1541 Regni
562 1462 780 1523 autem
813 1458 1014 1525 nostri
1044 1477 1214 1526 anno
1247 1459 1513 1526 decimo.

299 1651 595 1719 (Eredetie
627 1652 976 1723 biirhartyaim
1018 1654 1244 1722 melyrdl
1291 1673 1325 1708 a
1347 1653 1524 1724 kin-aly
1550 1658 1727 1708 ketto's
1752 1655 2099 1724 pensetjenek
2124 1655 2383 1709 toredeke
2409 1656 2555 1708 zold-

508 1750 670 1796 voros
695 1745 1142 1813 selyemzsinoron
1170 1745 1324 1814 fiigg,
1350 1762 1385 1797 a
1409 1749 1571 1800 budai
1598 1748 1701 1800 kir.
1725 1748 1968 1799 kamarai
1994 1743 2369 1814 leveltzirban.)

1221 2063 1641 2083 w.

1368 2574 1517 2645 237.

311 2774 430 2841 IV.
489 2774 727 2841 Ldszzd
773 2776 986 2862 kirdly
1034 2778 1387 2861 meyerc'isc'ti
1436 2776 1697 2861 Boqdai
1726 2778 1877 2842 Ille's
1907 2780 2219 2843 comesnek
2250 2779 2553 2865 Kurkych

392 2893 563 2949 nevil-
575 2883 790 2970 fo'ldet
819 2885 1123 2970 tdrqyazo
1171 2882 1554 2966 adomdnydt
1589 2883 1812 2949 Simon
1843 2889 1901 2948 e's
1933 2885 2113 2949 Peter
2142 2889 2466 2954 serviensei

1164 2997 1478 3058 szdmdra.
1514 2994 1708 3060 1282.

523 3207 879 3274 Ladizlaus
929 3208 1055 3274 Dei
1101 3206 1329 3291 gracia
1355 3209 1494 3275 Rex
1529 3209 1863 3294 Hungarie
1896 3209 2198 3276 memorie
2228 3228 2548 3275 commen-

308 3314 539 3381 dantes
590 3315 1032 3400 significamus
1083 3317 1314 3399 quibus
1355 3316 1610 3402 expedit
1640 3317 1957 3383 vniuersis
1990 3315 2393 3400 presencium
2430 3338 2542 3401 per

309 3429 630 3490 tenorem:
680 3424 852 3508 quod
903 3424 1131 3491 Comes
1181 3424 1383 3511 Elyas
1425 3423 1504 3490 de
1535 3424 1763 3509 Bogda
1795 3426 1880 3491 ad
1910 3432 2197 3493 nostram
2231 3425 2545 3492 accedens

305 3531 708 3615 presenciam
760 3530 941 3617 dixit,
992 3529 1164 3615 quod
1214 3532 1536 3616 quandam
1575 3539 1814 3600 terram
1847 3553 2030 3600 suam
2060 3531 2406 3618 Kuskyrch
2439 3552 2545 3598 uo-

310 3649 540 3727 catam,
574 3660 766 3724 quam
801 3662 882 3708 ex
915 3640 1270 3706 collacione
1318 3639 1559 3705 domini
1590 3642 1789 3725 Regis
1822 3642 2133 3727 Stephani
2170 3643 2275 3727 pie
2308 3659 2544 3706 memo-

306 3748 394 3815 rie
426 3750 633 3835 patris
666 3751 867 3817 nostri
897 3748 1229 3816 karissimi
1262 3767 1335 3816 se
1365 3747 1622 3815 dicebat
1651 3750 2003 3836 possidere,
2037 3749 2122 3816 ad
2157 3751 2284 3816 duo
2318 3754 2539 3815 aratra

307 3858 750 3941 sufficientem,
800 3858 868 3923 in
920 3855 1244 3923 Comitatu
1287 3856 1367 3923 de
1397 3857 1648 3923 Borsua
1681 3857 2089 3938 existentem,
2124 3865 2381 3945 propter
2413 3877 2540 3923 me·

313 3963 430 4033 rita
480 3967 898 4034 seruiciorum
949 3965 1251 4051 Symonis
1304 3966 1419 4051 filij
1475 3968 1685 4034 Ywan
1718 3974 1782 4034 et
1816 3968 1990 4034 Petri
2021 3968 2134 4054 filij
2171 3967 2541 4053 Prybyzlai‚

310 4092 426 4155 que
459 4074 672 4142 eidem
703 4073 983 4141 fideliter
1015 4073 1484 4159 impenderunt,
1507 4072 1798 4142 dedisset
1818 4080 1879 4140 ct
1902 4075 2279 4142 contulisset
2299 4073 2540 4142 eisdem

309 4179 563 4265 Symoni
615 4189 679 4249 et
727 4181 919 4249 Petro
970 4182 1401 4249 seruientibus
1453 4181 1608 4266 suis,
1645 4190 1710 4248 et
1743 4202 1854 4267 per
1886 4200 2029 4248 eum
2064 4180 2235 4271 (igy)
2269 4183 2402 4249 suis
2437 4180 2539 4245 he-

309 4290 562 4357 redibus
594 4289 1038 4373 heredumque
1069 4310 1326 4357 suorum
1377 4290 1859 4388 successoribus
1891 4291 1955 4356 in
1986 4297 2364 4377 perpetuum
2398 4309 2534 4373 pos-

308 4398 674 4484 sidendam3
709 4418 786 4467 eo
818 4398 1027 4483 modo,
1064 4418 1270 4483 eaque
1320 4393 1740 4482 plenitudine,
1772 4397 2121 4465 secundum
2154 4397 2323 4479 quod
2356 4396 2526 4462 idem

309 4504 517 4577 Comes
569 4509 776 4594 Elyas
824 4528 907 4574 ex
956 4507 1314 4574 collacione
1365 4505 1656 4574 eiusdem
1707 4505 1911 4592 patris
1961 4506 2160 4573 nostri
2209 4505 2416 4571 tenuit
2465 4510 2526 4570 et

312 4616 621 4699 possedit:
668 4622 896 4703 petens
951 4636 1097 4685 cum
1145 4615 1505 4699 instancia,
1557 4621 1628 4681 vt
1677 4635 1795 4683 nos
1844 4614 2057 4699 ipsam
2104 4613 2528 4683 collacionem
