3319 5249
1840 931 1999 999 249.

803 1157 847 1228 1
861 1155 931 1226 V.
983 1156 1212 1227 Mula
1258 1153 1610 1240 kircilynak
1659 1151 1926 1228 mm,
1973 1148 2277 1233 Adory'aeiu
2327 1150 2549 1225 fidncik
2598 1159 2794 1216 ὅκκα
2814 1151 3042 1234 jacuit

809 1267 1123 1357 tdryyazd
1152 1265 1522 1349 adomdnya
1565 1260 1794 1327 Tamds
1828 1262 2012 1324 vdczi
2032 1259 2283 1346 pic‘spb’k
2313 1261 2377 1325 ἐι
2406 1261 2696 1325 ίωίυένεί
2721 1262 3043 1327 ειάπιάνα.

1831 1364 2025 1434 1283.

1019 1587 1369 1658 Ladizlaus
1429 1585 1554 1654 Dei
1615 1586 1839 1670 gracia
1900 1583 2261 1670 Hungarie,
2325 1584 2682 1670 Dalmacie‚
2746 1584 3043 1669 croacie,

813 1699 1033 1785 Rame,
1081 1696 1326 1778 Sei-uie,
1395 1693 1685 1778 Gallicie,
1752 1693 2154 1778 Lodomerie,
2206 1690 2537 1778 Cumanie,
2604 1693 3046 1777 Bulgarieque

815 1808 950 1873 Rex
1000 1805 1292 1872 omnibus
1339 1801 1576 1870 Christi
1630 1798 1929 1868 fidelibus
1982 1810 2112 1868 tam
2143 1802 2549 1887 presentibus
2582 1822 2773 1884 quam
2807 1801 3047 1866 suturis

815 1921 1177 1998 presentem
1210 1911 1518 1998 paginam
1552 1909 1937 1995 inspecturis
1969 1909 2243 1977 salutem
2277 1910 2345 1976 in
2376 1909 2656 1976 omnium
2687 1909 3042 1976 saluatore.

815 2018 1014 2106 Regie
1046 2018 1476 2088 Sublimitatis
1508 2018 1788 2103 exquirit
1820 2017 2122 2106 officinm,
2174 2019 2264 2085 ibi
2301 2020 2529 2086 molem
2580 2017 2888 2105 inponere
2917 2017 3048 2083 lar-

814 2129 1086 2215 gicionis
1135 2137 1199 2197 et
1250 2128 1484 2216 gracie,
1537 2128 1644 2195 vbi
1683 2127 2014 2196 fidelitatis
2047 2127 2282 2195 eximie
2311 2129 2621 2196 exuberat
2653 2127 2959 2194 meritum·
2981 2137 3048 2193 et

819 2239 1125 2326 procedit.
1159 2236 1442 2306 Proinde
1472 2237 1559 2306 ad
1590 2237 2039 2306 uniuersorum
2070 2236 2371 2304 noticiam
2404 2237 2630 2304 harum
2660 2236 2829 2304 serie
2862 2232 3046 2303 uolu-

821 2367 960 2416 mus
993 2344 1369 2434 peruenire:
1407 2344 1581 2432 quod
1616 2365 1756 2413 cum
1786 2345 2038 2413 Zaheus
2086 2344 2258 2413 filius
2306 2345 2582 2413 Adriani
2639 2346 2722 2414 de
2753 2341 3050 2430 partibus

822 2454 1166 2524 Solanonie
1196 2452 1363 2521 inter
1396 2454 1705 2522 intestina
1743 2453 1947 2539 prelia
1968 2460 2034 2521 et
2050 2452 2268 2521 hostes
2287 2462 2624 2540 congestos
2644 2459 3054 2538 nocumenta,

824 2561 1142 2632 maleficia
1174 2569 1238 2631 et
1267 2562 1478 2649 spolia
1509 2561 1789 2650 plurima
1839 2561 2279 2651 commisisset,
2332 2570 2403 2631 ut
2451 2563 2635 2649 quasi
2666 2562 3054 2651 promiscuo·

823 2691 958 2739 rum
1012 2670 1466 2739 maleficiorum
1517 2652 1926 2757 perpetracio
1959 2670 2123 2739 inter
2155 2671 2320 2739 alios
2348 2672 2609 2739 malicie
2638 2679 2893 2739 actores
2924 2668 3052 2736 sibi

822 2787 1102 2863 nequeat
1148 2778 1520 2866 specialiter
1566 2779 1894 2865 inputari3
1947 2780 2014 2847 in
2065 2781 2639 2866 exaggeracionem
2673 2781 2878 2847 eciam
2933 2799 3054 2846 sue

824 2886 1181 2971 iniquitatis
1234 2895 1297 2956 et
1349 2886 1665 2974 nequicie,
1718 2895 1931 2975 preter
1978 2887 2290 2956 indictum
2339 2897 2705 2976 preceptum
2754 2887 3058 2974 Regium,

820 3015 968 3083 ymo
998 2995 1221 3083 pocius
1254 3000 1480 3063 contra
1510 2994 1788 3064 edictum
1822 2996 2064 3083 pariter
2083 3004 2147 3064 et
2164 2997 2495 3079 indictum,
2520 2998 2605 3066 ad
2627 2995 3054 3066 obsidendum

827 3111 891 3170 et
924 3102 1421 3190 expugnandum
1474 3123 1552 3171 ac
1599 3105 2016 3190 optinendum
2046 3113 2325 3174 castrum
2358 3106 2621 3175 Comitis
2653 3106 2959 3174 Germani
2993 3112 3060 3172 et

826 3210 1091 3279 fratrum
1129 3230 1383 3280 suorum
1417 3210 1702 3279 fidelium
1734 3219 2112 3301 nostrorum,
2154 3235 2271 3284 suo
2302 3222 2477 3283 motu
2509 3214 2766 3303 proprio
2798 3214 3056 3283 eleuato

824 3319 1163 3389 temerarie
1196 3319 1456 3406 uexillo,
1488 3328 1620 3388 tam
1651 3321 2089 3391 inhumaniter
2140 3344 2332 3410 quam
2368 3323 2712 3391 infideliter
2742 3344 2883 3390 cum
2915 3322 3055 3390 suis

830 3427 1248 3516 complicibus
1280 3428 1404 3498 sibi
1437 3426 1742 3498 adunatis
1774 3430 1841 3499 in
1873 3432 2120 3500 scelere
2171 3433 2610 3518 processisset,
2639 3433 2860 3518 ibique
2887 3432 3058 3500 inter

825 3545 1155 3606 consertos
1204 3545 1268 3606 et
1316 3536 1811 3609 defendencium
1864 3562 2094 3611 manus
2142 3563 2262 3612 sue
2309 3541 2807 3631 perniciositatis
2837 3543 3057 3628 noxijs

831 3643 1182 3731 obligatus,
1231 3645 1396 3714 sicut
1443 3649 1694 3733 meruit,
1747 3648 1959 3718 fuerat
2009 3650 2496 3739 interhemptus‚
2551 3650 2727 3719 nullo
2767 3652 2833 3717 in
2865 3653 3060 3717 rebus

829 3753 1129 3823 humanis
1177 3751 1483 3824 heredum
1534 3758 1780 3827 solacio
1838 3759 2124 3845 legitime
2157 3758 2477 3848 derelicto,
2510 3761 2732 3846 sicque
2762 3758 3059 3826 omnibns

829 3860 1013 3930 bonis
1048 3863 1211 3952 eius,
1241 3865 1757 3951 possessionibus
1789 3868 1856 3936 in
1885 3869 2077 3938 rebus
2108 3871 2511 3939 mouentibus
2540 3868 2716 3958 (igy)
2746 3876 2810 3935 et
2838 3888 2910 3935 se
2928 3890 3059 3934 mo-

833 3966 1152 4054 uentibus,
1183 3972 1390 4040 seruis
1418 3971 1728 4042 videlicet
1747 3983 1812 4043 et
1829 3976 2109 4064 ancillis,
2129 3977 2649 4065 possessionibus
2667 3977 3059 4064 prediorum,

831 4074 1376 4164 bereditarium,
1424 4083 1886 4172 empticiarum,
1933 4086 2411 4171 acquisitarum,
2460 4105 2573 4154 seu
2604 4085 2895 4170 quolibet
2924 4085 3059 4152 alio

830 4183 1017 4253 titulo
1047 4184 1131 4253 ad
1162 4207 1306 4257 eum
1337 4191 1828 4279 pertinencium,
1878 4192 1961 4261 de
1991 4194 2132 4262 iure
2160 4202 2335 4266 etex
2364 4194 2566 4280 Regni
2604 4195 3059 4263 cousuetudine

830 4294 1193 4381 approbata
1237 4294 1324 4363 ad
1374 4318 1604 4369 manus
1655 4313 1914 4371 nostras
1961 4305 2201 4391 Regias
2233 4305 2688 4373 vninarsaliter
2715 4303 3058 4385 deuolutis,

829 4420 946 4469 uos
991 4412 1330 4475 censentes
1379 4428 1462 4475 ex
1509 4409 1750 4499 animo,
1800 4413 1967 4480 sicut
2014 4412 2202 4482 decet
2249 4423 2315 4483 et
2345 4414 2628 4503 expedit,
2661 4412 2814 4497 quid
2846 4413 3053 4479 dene

831 4518 1048 4580 rentur
1097 4511 1501 4585 infidelitatis
1547 4519 1878 4605 socordia,
1929 4521 2166 4606 quidue
2212 4527 2559 4615 perspicua
2604 4527 2883 4595 fidelius
2928 4549 3049 4595 ne

829 4626 1082 4690 rentur:
1133 4622 1469 4694 vainei-aas
1518 4631 1960 4716 possessiones
2009 4631 2168 4699 dicti
2218 4634 2440 4724 Zahey
2498 4640 2744 4724 absque
2793 4637 3050 4706 heredi·
