3319 5249
1708 327 1716 330 >
1775 284 1904 350 236

705 483 793 551 ad
823 481 1154 551 meridiem
1187 482 1272 548 ad
1307 489 1589 569 puteum,
1630 489 1694 548 et
1724 478 1957 547 transit
1989 479 2074 546 ad
2107 478 2430 564 paludem,
2463 483 2527 546 et
2559 478 2626 544 in
2660 477 2960 546 iunctura

705 593 977 659 duarum
1010 611 1346 676 aquarum,
1398 610 1524 673 que
1574 588 1753 655 vadit
1790 587 1869 654 de
1901 587 2131 655 Koeuk
2187 593 2251 653 et
2299 585 2378 651 de
2418 587 2674 669 Vegsar
2704 593 2957 665 vocata,

706 708 804 767 661
837 708 1010 766 meta
1040 696 1313 780 antiqua
1343 703 1406 761 et
1437 718 1625 781 noua,
1678 695 1788 761 vbi
1839 702 2008 760 mete
2060 693 2340 780 Capituli
2390 694 2695 761 Albensis
2728 695 2955 762 finiun-

704 815 842 891 tur,
893 828 1020 891 que
1069 804 1329 888 quidem
1387 823 1576 887 aque,
1627 802 1930 870 videlicet
1963 802 2216 886 Vegsar
2252 822 2370 887 per
2407 800 2690 867 medium
2723 800 2955 866 diuidi·

707 924 814 983 tur
844 916 911 982 in
945 920 1129 1002 prato
1162 915 1330 981 inter
1364 914 1639 1000 populos
1673 912 1755 979 de
1787 911 2039 997 Kosnk,
2090 916 2154 977 et
2195 912 2471 998 populos
2503 910 2851 993 Reginales
2875 910 2956 974 de

705 1027 899 1108 Busu,
936 1030 1000 1089 et
1030 1024 1126 1090 610
1158 1031 1325 1089 mete
1358 1021 1739 1107 populorum
1763 1018 1843 1086 (16
1865 1020 2064 1086 Β6666
2097 1019 2438 1101 finiuntur3
2475 1015 2710 1083 abhinc
2741 1037 2957 1102 proce·

705 1131 865 1198 dens
886 1132 972 1197 ad
986 1130 1352 1213 aquilonem
1376 1135 1440 1196 61
1458 1149 1572 1213 per
1592 1127 1873 1195 medium
1893 1146 2060 1209 aque
2079 1126 2327 1209 Vegsar
2345 1127 2674 1211 perueniet
2686 1125 2772 1190 ad
2787 1125 2955 1211 capi·

705 1239 906 1307 talem
939 1245 1181 1305 metam
1214 1236 1294 1303 de
1325 1237 1502 1321 Bele‚
1555 1242 1620 1305 et
1669 1234 1763 1301 610
1811 1243 1979 1300 mete
2027 1234 2314 1318 ipsarum
2349 1231 2617 1298 duarum
2652 1233 2956 1300 villarum

706 1346 1024 1413 inclusiue
1074 1346 1511 1414 terminantur.
1582 1345 1684 1411 He
1747 1349 1897 1411 sunt
1946 1347 2115 1409 mete
2163 1342 2548 1427 populorum
2598 1338 2679 1408 de
2729 1342 2958 1408 Kosuk

705 1453 978 1520 Chakan
1008 1458 1273 1521 vocate:
1339 1452 1556 1519 Prima
1617 1451 1849 1537 incipit
1898 1472 1940 1517 a
1990 1454 2176 1536 parte
2228 1449 2530 1516 orientali
2584 1450 2665 1515 de
2716 1447 2957 1533 palude

704 1561 957 1644 Vegsar
1003 1582 1046 1627 a
1097 1561 1239 1627 loco
1289 1558 1648 1625 molendini
1682 1556 2148 1625 cruciferorum
2183 1556 2265 1623 de
2296 1556 2522 1641 Dada3
2573 1557 2728 1624 inde
2781 1556 2961 1623 vadit

704 1669 790 1736 ad
820 1667 1260 1752 occidentemf,
1324 1668 1435 1733 vbi
1499 1668 1684 1733 iuxta
1737 1666 1908 1733 uiam
1951 1672 2050 1732 661
2082 1673 2255 1731 meta
2284 1686 2460 1732 noua
2479 1716 2496 1749 ,
2569 1671 2632 1730 et
2664 1664 2757 1731 610
2790 1670 2960 1730 mete

703 1777 905 1862 ipsius
941 1774 1251 1843 Cruciferi
1284 1774 1608 1859 finiuntur,
1645 1782 1709 1840 et
1744 1774 1970 1858 incipit
2017 1780 2238 1838 tenere
2277 1779 2485 1839 metas
2519 1793 2659 1839 cum
2695 1772 2956 1858 populis

704 1882 1081 1966 Monasterij
1132 1882 1212 1948 de
1258 1881 1458 1967 Zelyz
1512 1881 1594 1948 (16
1653 1882 1820 1947 villa
1879 1883 2131 1964 Tatun3
2201 1880 2353 1945 inde
2432 1900 2661 1945 versus
2711 1878 2957 1963 aquilo·

704 2010 849 2056 nem
923 1989 1280 2075 procedens'
1354 2007 1473 2074 per
1536 1994 1742 2055 metas
1821 1989 2160 2055 continuas
2201 1996 2204 1997 ’
2241 1989 2548 2072 antiquas
2620 1994 2682 2054 et
2750 2008 2958 2054 nouas

705 2095 1045 2182 perueniet
1077 2096 1162 2161 ad
1196 2095 1510 2179 angulum
1544 2095 1732 2180 silue,
1782 2101 1845 2161 et
1887 2101 2039 2162 sunt
2089 2093 2212 2161 due
2248 2100 2501 2161 veteres
2536 2102 2703 2159 mete
2736 2102 2800 2160 et
2829 2116 2960 2161 vna

703 2224 911 2289 noua,
960 2202 1070 2270 vbi
1122 2209 1290 2268 mete
1339 2202 1721 2287 populorum
1773 2203 2150 2286 Monasterij
2186 2202 2464 2287 predicti
2497 2201 2845 2284 finiuntur,
2895 2211 2959 2268 et

701 2314 1050 2395 iunguntur
1082 2309 1270 2377 metis
1305 2309 1573 2376 Comitis
1604 2309 1944 2395 Lanrencij
1984 2307 2065 2377 de
2097 2308 2329 2394 Dada;
2376 2310 2548 2375 vnde
2600 2309 2958 2395 procedens

703 2419 774 2484 in
806 2418 916 2485 via
946 2438 1059 2503 per
1090 2416 1371 2486 medium
1406 2416 1687 2483 nemoris
1738 2414 1915 2483 cadit
1957 2417 2042 2482 ad
2075 2415 2384 2502 paludem
2433 2415 2681 2501 Vegsar
2703 2469 2721 2502 ,
2767 2424 2832 2484 et
2865 2420 2961 2484 sic

702 2525 1023 2595 veniendo
1054 2547 1167 2612 per
1200 2523 1478 2593 mediam
1540 2524 1848 2610 paludem
1914 2525 2089 2590 cadit
2142 2523 2228 2590 ad
2279 2531 2517 2591 metam
2581 2525 2859 2608 priorem
2893 2525 2957 2591 in

704 2638 849 2704 loco
882 2633 1254 2724 molendini,
1302 2642 1365 2703 et
1398 2636 1489 2702 ibi
1524 2633 1928 2700 terminatur.
1994 2636 2153 2700 Item
2208 2653 2437 2701 cursus
2469 2642 2783 2702 metarum
2819 2656 2956 2721 pre·

706 2745 875 2812 dicte
911 2752 1080 2811 terre
1131 2742 1308 2811 Eche
1339 2743 1461 2810 hoc
1493 2740 1716 2809 ordine
1749 2741 2224 2826 distinguntur:
2274 2741 2490 2807 Prima
2521 2747 2695 2809 meta
2727 2743 2960 2826 incipit

705 2874 747 2919 a
777 2859 967 2937 parte
998 2848 1408 2918 meridionali
1462 2852 1824 2935 in0magna
1872 2850 2020 2937 via,
2069 2872 2193 2934 que
2230 2850 2523 2937 procedit
2556 2872 2670 2936 per
2700 2859 2959 2936 pontem

705 2959 1023 3027 iacentem
1075 2960 1143 3024 in
1197 2958 1397 3025 fluuio
1448 2959 1694 3044 KopuS,
1741 2958 1947 3026 tendit
1998 2979 2200 3042 vsqne
2250 2959 2464 3043 niam,
2518 2978 2643 3043 que
2693 2966 2964 3027 vocatur

708 3069 1140 3153 Beseneunta,
1192 3087 1312 3151 que
1342 3065 1771 3149 relinquitur;
1827 3066 2056 3133 exinde
2095 3086 2287 3151 super
2319 3067 2594 3135 eandem
2621 3069 2793 3136 viam
2827 3086 2958 3134 ma·

707 3193 905 3260 gnam
938 3173 1361 3261 progrediens
1405 3174 1491 3240 ad
1522 3178 1775 3259 partem
1826 3173 2319 3240 meridionalem
2372 3176 2617 3243 directe
2668 3175 2756 3241 ad
2796 3174 2965 3242 duas

707 3285 935 3366 metas,
988 3301 1112 3363 que
1146 3287 1357 3348 erecte
1396 3288 1547 3348 6001
1580 3281 1762 3347 iuxta
1794 3280 2006 3366 ipsam
2040 3281 2210 3347 viam
2245 3284 2422 3347 circa
2453 3282 2714 3350 arbores
2746 3284 2961 3365 Rusci,

708 3388 961 3455 scilicet
990 3389 1417 3476 gyurtyamfa
1455 3408 1535 3454 ex
1567 3396 1838 3473 vtraque
1878 3397 2065 3473 parte
2095 3389 2162 3454 in
2196 3396 2374 3457 terra
2404 3389 2706 3457 custodis
2740 3390 2961 3458 Eccle-

707 3494 803 3561 sie
833 3492 1140 3560 Albensis
1193 3515 1233 3559 a
1271 3500 1459 3579 parte
1493 3495 1833 3580 orientali,
1883 3514 1966 3562 ex
2021 3495 2161 3562 alia
2212 3495 2278 3560 in
2329 3496 2479 3579 ipsa
2509 3504 2684 3562 terra
2714 3497 2886 3562 Eche
2921 3518 2964 3564 a

708 3611 894 3688 parte
926 3602 1354 3687 occidentali;
1403 3601 1642 3669 deinde
1691 3602 1873 3670 vadit
1929 3622 2126 3697 super
2165 3600 2434 3670 eandem
2467 3602 2642 3671 viam
2675 3600 2763 3669 ad
2794 3604 2961 3672 duas

708 3715 913 3776 metas
946 3708 1031 3777 ad
1063 3715 1344 3776 montem
1379 3710 1792 3778 ascendendo
1824 3709 2102 3796 directe,
2149 3729 2274 3794 (106
2314 3718 2527 3779 erecte
2557 3718 2708 3779 6001
2740 3712 2960 3778 simili·

708 3823 807 3884 ter
866 3818 1042 3884 circa
1092 3815 1255 3883 duas
1310 3818 1574 3884 arbores
1624 3817 1786 3904 fagy
1848 3818 1916 3884 in
1965 3825 2140 3886 terra
2188 3817 2532 3904 Custodia,
2578 3825 2646 3884 et
2693 3819 2855 3907 tylie
2889 3819 2954 3885 in

706 3932 877 3992 terra
908 3923 1122 4007 Eche;
1173 3923 1342 3990 vnde
1403 3925 1814 4010 progreditur
1863 3925 1950 3994 ad
2000 3926 2165 3994 duas
2215 3931 2448 3994 metae‘
2475 3926 2714 3995 directe
2764 3947 2962 4013 supra

710 4032 984 4101 eandem
1017 4031 1230 4116 viam,
1283 4052 1405 4116 que
1457 4042 1607 4101 sunt
1658 4043 1869 4104 erecte
1912 4036 1981 4104 in
2013 4037 2188 4103 exitu
2239 4036 2405 4104 silue
2455 4034 2627 4103 circa
2665 4037 2961 4104 arborem

705 4140 864 4228 fagy
897 4159 1204 4225 magnam
1238 4139 1305 4205 in
1338 4148 1518 4209 terra
1546 4142 1848 4210 Custodis
1888 4144 2199 4230 predicti,
2278 4151 2342 4210 et
2402 4144 2652 4212 arboris
2699 4144 2861 4210 Rusi
2894 4144 2961 4211 in

707 4256 883 4317 terra
913 4247 1126 4313 Eche:
1176 4247 1345 4313 vnde
1376 4268 1573 4334 super
1604 4247 1962 4336 predictam
2009 4251 2184 4320 viam
2242 4250 2576 4319 descendit
2629 4250 2714 4316 ad
2764 4270 2959 4336 quen-

707 4356 857 4422 dam
891 4354 1180 4441 fluuium,
1239 4353 1478 4442 (iuxta)
1512 4377 1703 4441 quem
1736 4358 2024 4443 fluuium,
2071 4367 2140 4426 vt
2178 4357 2423 4427 dictum
2456 4364 2575 4443 est,
2610 4363 2743 4427 6161
2771 4358 2963 4424 arbor

712 4483 837 4546 (106
866 4469 1139 4542 ,vocatur
1165 4467 1687 4554 yyumulchenfa,
1733 4465 1842 4531 vbi
1880 4465 2253 4551 distingitur
2289 4466 2435 4552 ipsa
2466 4474 2642 4535 terta
2672 4463 2851 4533 Eche
2879 4463 2963 4532 de

713 4579 894 4638 terra
955 4570 1283 4659 Stephani
1320 4571 1435 4658 filij
1488 4571 1793 4661 Lydork,
1855 4592 1981 4659 que
2030 4581 2129 4643 661
2178 4580 2357 4642 meta
2404 4574 2745 4660 capitalis;
2807 4572 2963 4640 inde
