3319 5249
1373 280 1504 347 247

310 483 489 568 parui
538 481 826 566 Danubij
849 530 868 565 ,
917 487 982 547 et
1028 479 1436 565 postmodum
1485 482 1673 549 iuxta
1706 477 1980 549 eundem
2012 480 2387 549 Danubium
2423 501 2567 566 par-

314 610 459 656 uum
489 588 966 675 protenduntur
993 587 1252 654 termini
1286 608 1492 675 usque
1527 588 1614 656 ad
1646 588 1909 656 domum
1942 588 2280 675 Laurencij
2305 589 2566 677 sutoris,

309 701 491 765 sitam
523 696 591 764 in
626 715 785 765 area
815 697 1205 782 Monasterij
1260 698 1344 764 de
1374 697 1577 784 Moyk
1607 698 2230 766 Premonstratensis
2262 696 2562 781 Ordinis;

309 811 369 873 et
398 804 494 872 sic
528 811 944 873 reuertuntur
995 804 1251 873 termini
1304 812 1369 871 et
1418 805 1852 874 limitaciones
1907 825 2114 890 usque
2143 802 2228 871 ad
2261 823 2564 889 magnam

307 915 590 996 plateam
631 912 792 997 sori3
842 919 906 980 et
935 913 1030 980 sic
1061 921 1589 983 reuertuntuntur
1621 915 1853 982 iterum
1887 914 1968 981 ad
2003 914 2301 982 strictum
2333 913 2566 998 vicum,

310 1020 384 1088 de
416 1042 545 1106 quo
578 1023 876 1106 superius
928 1029 1027 1088 est
1057 1024 1486 1108 premissum;
1536 1041 1679 1088 cum
1715 1021 2012 1089 omnibus
2047 1021 2315 1105 iuribus,
2349 1022 2558 1089 accio-

306 1130 490 1196 nibus
509 1182 527 1214 ‚
608 1128 1029 1214 ingressibus,
1096 1130 1484 1218 egressibus,
1549 1115 1965 1214 utilitatibus,
2017 1128 2390 1217 commodis,
2457 1150 2560 1195 ac·

309 1238 598 1305 cessibus
634 1244 696 1303 et
729 1237 1154 1322 pertinencijs
1186 1239 1364 1324 suis,
1415 1259 1615 1321 usque
1669 1239 1732 1303 in
1786 1238 1929 1305 uias
1962 1245 2026 1305 et
2062 1239 2320 1324 plateas
2353 1235 2562 1320 publi-

310 1365 418 1411 cas
479 1364 594 1413 seu
660 1364 1072 1430 communes,
1124 1344 1207 1410 ad
1242 1344 1632 1431 habendum,
1669 1345 2039 1430 tenendum,
2087 1343 2564 1430 possidendum,

311 1452 732 1539 uendendum,
764 1455 1282 1539 permutandum,
1320 1451 1687 1538 locandum,
1729 1453 2088 1539 fruendum,
2123 1451 2559 1537 alienandum,

312 1561 882 1628 usufructuandum
922 1568 986 1627 et
1017 1558 1324 1645 quicquid
1356 1561 1485 1645 ipsi
1521 1561 1822 1646 Capitulo
1857 1562 2196 1647 placuerit,
2245 1567 2563 1646 perpetuo

310 1676 368 1735 et
397 1670 846 1755 temporaliter
880 1667 1281 1751 faciendum,
1358 1689 1473 1754 pro
1525 1668 1744 1755 precio
1799 1675 1860 1735 et
1892 1669 2221 1736 solucione
2254 1667 2593 1734 ducenta-'

309 1799 443 1844 rum
474 1797 839 1844 marcarum
871 1776 986 1842 fini
1020 1777 1313 1859 argenti,
1392 1795 1555 1860 quas
1608 1776 1924 1844 ducentas
1959 1795 2212 1843 marcas
2243 1774 2560 1842 discretus

308 1887 400 1952 vir
429 1886 746 1969 Magister
778 1885 1111 1969 Nycolaus
1136 1885 1312 1951 filius
1344 1884 1672 1969 quondam
1704 1882 2000 1950 Ladizlai
2031 1884 2219 1970 Bani,
2266 1882 2560 1965 clericus,

310 1993 461 2060 dare
514 2001 577 2059 ct
623 1994 882 2060 soluere
933 1991 1209 2060 debebat
1248 2000 1314 2060 et
1346 1996 1692 2059 tenebatur
1725 1992 2054 2060 nominate
2093 1989 2561 2076 strigoniensis

307 2100 593 2169 Ecclesie
628 2101 950 2185 Capitulo,
991 2098 1340 2167 secundum
1376 2108 1664 2167 nostram
1695 2099 2108 2166 diffinitiuam
2142 2098 2559 2183 sentenciam,

308 2211 482 2276 nulla
513 2208 964 2295 appellacione
1026 2207 1130 2275 uel
1182 2206 1671 2293 supplicacione
1723 2227 2128 2293 suspensam,
2190 2228 2308 2293 pro
2371 2207 2558 2274 satis·

308 2317 595 2385 saccione
656 2324 720 2381 ct
780 2315 1096 2381 interesse
1146 2313 1527 2381 iniuriarum
1582 2314 1900 2382 factarum
1953 2320 2020 2382 et
2066 2314 2401 2382 illatarum
2436 2334 2556 2400 per

306 2424 511 2509 ipsum
574 2423 953 2508 Magistrum
1005 2422 1348 2491 Nicolaum
1383 2421 1729 2490 Canonieis
1793 2429 1857 2490 et
1907 2421 2212 2510 Capitulo
2263 2422 2558 2489 Ecclesie

306 2533 662 2617 antedicte,
714 2531 1161 2598 estimatarum
1213 2530 1293 2595 de
1344 2531 1668 2597 communi
1720 2530 2070 2598 concordia
2109 2536 2185 2598 -et
2221 2530 2556 2598 uoluntate

306 2643 588 2725 parcium
651 2639 737 2706 ad
798 2640 1239 2723 quantitatem
1291 2639 1792 2723 quingentarum
1847 2660 2214 2708 marcarum
2266 2639 2412 2725 puri
2455 2661 2551 2706 ar-

307 2752 516 2835 genti3
599 2769 717 2833 pro
765 2748 1000 2832 quibus
1053 2746 1347 2814 ducentis
1382 2746 1619 2815 marcis
1651 2747 2028 2814 nominatus
2059 2749 2342 2834 Vgrinus
2377 2746 2559 2814 dedit

305 2867 364 2923 et
394 2856 716 2924 concessit
749 2875 826 2922 ac
859 2852 1126 2922 tradidit
1186 2854 1580 2922 antedictum
1630 2855 1959 2940 palacium
1999 2875 2144 2923 cum
2179 2855 2317 2921 suis
2355 2854 2550 2941 perti-

306 2965 552 3048 nencijs
600 2973 665 3030 et
714 2963 946 3030 finibus
999 2965 1064 3030 in
1118 2964 1399 3029 solutum
1432 2982 1549 3030 seu
1584 2961 1993 3030 uendicionis
2026 2964 2216 3031 titulo
2248 3014 2267 3048 ,
2354 2965 2425 3027 ut
2457 2969 2555 3029 est

306 3072 562 3138 dictum.
610 3073 710 3138 De
743 3069 979 3155 quibus
1009 3070 1305 3138 ducentis
1339 3071 1575 3137 marcis
1606 3070 1767 3138 fecit
1814 3092 1930 3157 per
1981 3091 2052 3138 se
2092 3077 2155 3137 et
2187 3086 2341 3137 suos
2376 3069 2550 3138 here-

303 3181 432 3266 des,
483 3179 579 3246 eis
618 3180 1081 3266 recipientibus
1114 3187 1179 3246 et
1210 3181 1714 3265 stipulantibus,
1766 3199 1883 3265 pro
1926 3179 2225 3264 Capitulo
2259 3176 2556 3244 Ecclesie

303 3289 626 3357 antedicte
657 3290 850 3356 finem
883 3297 949 3357 et
981 3289 1448 3357 refutacionem
1483 3341 1501 3376 ,
1560 3288 2050 3356 absolucionem
2100 3296 2163 3355 et
2211 3285 2550 3354 liberacio-

305 3417 444 3464 nem
476 3405 885 3483 perpetuam,
936 3404 1002 3463 et
1051 3416 1421 3483 expressum
1462 3403 1722 3482 pactum
1765 3397 1845 3463 de
1878 3396 2147 3464 ulterius
2173 3416 2299 3462 non
2333 3400 2552 3479 peten-

306 3503 420 3588 do;
470 3506 860 3572 renuncians
890 3504 1263 3590 excepcioni
1296 3526 1426 3572 non
1460 3503 1712 3570 uenditi
1746 3511 1810 3571 et
1841 3502 2082 3589 traditi,
2119 3503 2406 3570 concessi
2438 3521 2556 3569 seu

304 3612 486 3699 cessi,
524 3613 661 3679 siue
691 3613 757 3679 in
792 3613 1069 3680 solutum
1107 3612 1243 3678 dati
1277 3612 1434 3680 dicti
1466 3612 1703 3699 palacij
1742 3632 1869 3678 non
1905 3611 2123 3679 debite
2154 3610 2326 3677 dicte
2348 3629 2554 3694 quan-

305 3720 508 3787 titatis
542 3721 964 3789 ducentarum
1000 3742 1369 3788 marcarum
1409 3724 1495 3789 ab
1526 3722 1673 3807 ipso
1706 3721 2026 3806 Magistro
2057 3719 2332 3787 Nicolao
2365 3718 2553 3803 Capi-

302 3830 434 3894 tulo
467 3835 824 3908 memorato
845 3882 862 3915 ,
907 3828 1045 3916 doli
1079 3829 1275 3916 mali,
1339 3830 1486 3895 sine
1517 3848 1738 3913 causa,
1787 3836 1850 3895 et
1902 3829 1985 3896 ob
2017 3848 2281 3896 causam
2315 3833 2377 3894 et
2410 3827 2553 3893 sine

291 3941 470 4024 justa
500 3959 733 4028 causa,
786 3936 1197 4022 decepcionis
1232 3939 1404 4003 ultra
1439 3935 1779 4004 dimidium
1813 3937 1962 4003 insti
1995 3935 2220 4023 precii,
2258 3943 2322 4001 et
2357 3934 2552 4002 lesio-

304 4050 401 4115 nis
433 4046 740 4130 cnormis,
790 4051 853 4111 et
913 4046 1089 4110 omni
1142 4044 1256 4129 alij
1292 4042 1688 4130 excepcioni,
1739 4044 2014 4123 accioni,
2094 4041 2457 4109 defensioni
2492 4050 2556 4109 et

298 4157 388 4221 rei
422 4152 717 4240 generali
781 4161 846 4220 et
906 4153 1203 4240 speciali,
1273 4154 1435 4221 reali
1492 4158 1556 4220 et
1585 4151 1916 4238 personali
1949 4204 1966 4236 ,
2045 4158 2108 4218 et
2142 4150 2408 4217 cuilibet
2439 4149 2554 4232 alij

303 4266 478 4348 iuris,
525 4261 1031 4345 consuetudinis,
1083 4262 1567 4328 constitucionis
1599 4266 1666 4326 et
1699 4260 1950 4346 statuti,
1980 4260 2139 4326 facti
2172 4267 2235 4327 et
2267 4256 2555 4325 faciendi

304 4371 569 4457 auxilio,
619 4369 1079 4458 appellacioni,
1156 4368 1650 4456 supplicacioni,
1688 4375 1752 4435 et
1783 4367 2234 4453 imploracioni
2298 4367 2553 4433 restitu-

305 4481 509 4549 cionis
541 4479 607 4544 iu
640 4478 957 4560 integrum
980 4529 999 4562 ,
1061 4475 1327 4544 militari
1360 4485 1424 4544 et
1458 4498 1535 4544 ex
1569 4476 1866 4543 clausula
1897 4474 2190 4559 generali
2221 4526 2240 4560 ,
2305 4473 2362 4539 si
2425 4492 2557 4557 qua

304 4592 475 4657 iusta
505 4607 707 4655 causa
747 4584 1088 4675 uidebitur,
1127 4593 1188 4653 et
1222 4586 1393 4653 omni
1427 4585 1744 4655 beneficio
1776 4591 1839 4650 et
1861 4582 2099 4651 auxilio
2137 4582 2316 4650 Juris
2349 4580 2554 4649 Oano-
