3319 5249
1387 414 1516 480 219

334 611 600 697 Damsa,
648 609 833 676 iuxta
865 630 1061 696 quam
1094 629 1374 695 uergens
1408 630 1634 680 uersus
1665 611 1989 696 occidens,
2027 618 2089 678 et
2118 611 2184 677 in
2217 611 2445 680 cadem
2477 612 2587 679 via

332 715 695 803 procedens
726 716 1036 803 contingit
1084 729 1293 786 metas
1325 726 1492 786 terre
1541 718 1702 786 ville
1733 717 1988 786 Berend
2010 770 2028 805 ,
2080 727 2143 786 et
2191 718 2312 787 hoc
2346 740 2424 787 cx
2454 741 2588 786 vna

336 833 554 909 parte3
608 845 686 891 ex
736 832 924 911 parte
973 846 1132 894 vero
1183 825 1395 893 altera
1429 826 1661 912 incipit
1689 825 1878 894 iuxta
1910 826 2210 912 capanile
2243 825 2412 915 (igy)
2445 848 2584 913 pre·

336 933 504 999 dicte
538 934 826 1019 ecclesie,
861 942 922 1001 ct
954 934 1311 1021 procedens
1337 937 1570 1002 transit
1598 935 1864 1002 fluuium
1897 937 2159 1004 Tornna
2190 933 2588 1004 antedictum

340 1040 511 1106 infra
560 1042 994 1109 molendinum
1046 1043 1319 1133 Boltha,
1398 1052 1463 1111 ct
1513 1043 1830 1130 contingit
1891 1044 2219 1128 quandam
2269 1047 2440 1113 viam
2471 1066 2588 1132 per

339 1172 532 1235 quam
564 1152 695 1217 itur
726 1149 811 1216 ad
843 1151 1101 1218 domum
1133 1150 1378 1238 Hunth,
1426 1159 1489 1219 et
1519 1152 1586 1219 in
1619 1149 1848 1222 cadem
1886 1154 1997 1219 via
2038 1153 2397 1239 procedens
2443 1172 2586 1220 con·

339 1258 530 1343 tingit
579 1257 742 1326 duas
772 1266 981 1327 metas
1039 1261 1218 1326 iuxta
1268 1259 1543 1328 eandem
1583 1263 1754 1329 viam
1790 1260 2139 1329 collocatas
2175 1283 2256 1329 ex
2290 1262 2588 1349 opposito

341 1364 696 1434 molendini
729 1368 1035 1453 ccclesie;
1085 1366 1163 1435 de
1196 1369 1426 1452 quibus
1459 1369 1819 1455 procedens
1850 1388 2076 1437 uersus
2111 1370 2407 1438 occidens
2441 1390 2587 1436 con-

342 1476 533 1560 tingit
580 1476 844 1542 arbores
878 1476 1264 1564 ‘fructiferas
1316 1477 1628 1545 Zomboth
1656 1530 1673 1562 ‚
1718 1477 1830 1544 ubi
1878 1477 1944 1543 in
1984 1476 2268 1561 quadam
2309 1497 2472 1563 pyro
2503 1480 2589 1545 ab

342 1584 650 1669 aquilone
680 1584 986 1651 existenti
1022 1589 1173 1650 sunt
1203 1584 1326 1651 due
1358 1591 1545 1669 mete,
1588 1586 1656 1651 in
1689 1587 1924 1670 qulbus
1955 1585 2358 1654 terminatur.
2409 1586 2590 1672 Gyli-

340 1711 505 1759 anns
536 1698 753 1760 autem
786 1698 851 1758 et
881 1693 1122 1760 Boltha
1160 1693 1474 1779 sepedicti
1502 1693 1865 1779 predictum
1897 1693 2346 1762 concambium
2380 1699 2588 1760 ratum

342 1803 694 1886 habentes,
745 1809 1235 1887 assumpserunt
1279 1801 1493 1887 ipsum
1542 1801 1856 1870 Comitem
1896 1804 2171 1870 Paulum
2204 1822 2405 1889 super
2435 1803 2589 1870 dno-

342 1908 552 1975 decim
584 1907 915 1991 iugeribus
947 1915 1119 1975 terre
1147 1908 1305 1995 filijs
1335 1910 1553 1975 Pousa
1580 1915 1644 1976 et
1674 1911 1936 1977 Lucach
1956 1909 2373 1995 assignandis
2392 1917 2591 1994 atquc

343 2017 584 2085 dandis
636 2016 719 2083 de
765 2016 1049 2103 ipsorum
1093 2016 1510 2101 porcionibus
1563 2017 1889 2104 expedire.
1938 2015 2335 2085 Adiecerunt
2385 2017 2587 2085 eciam

342 2126 482 2213 ipse
514 2131 755 2212 partes,
802 2125 977 2210 quod
1010 2127 1066 2191 si
1104 2146 1228 2210 que
1256 2126 1544 2211 ipsarum
1578 2124 1746 2193 hanc
1780 2126 2261 2193 ordinacionem
2291 2146 2592 2196 successu

342 2242 700 2320 temporum
773 2239 1127 2301 retractare
1189 2242 1563 2319 conaretur,
1641 2241 1798 2301 ante
1858 2234 1994 2302 litis
2043 2234 2406 2319 ingressum
2459 2242 2589 2303 tres

343 2361 595 2408 marcas
646 2342 821 2426 parti
870 2341 1057 2408 alteri
1106 2344 1356 2411 soluere
1403 2346 1767 2427 teneretur,
1843 2342 2057 2428 ipsam
2108 2342 2587 2411 ordinacionem
2685 2352 2692 2355 “

338 2449 704 2519 sustinenti.
777 2450 1155 2517 Petiuerunt
1204 2455 1506 2537 preterea
1558 2470 1704 2518 cum
1754 2451 2111 2536 instancia,
2161 2449 2335 2535 quod
2374 2457 2589 2519 nostro

336 2559 684 2645 priuilegio
735 2578 1003 2643 presens
1055 2558 1294 2627 factum
1344 2558 1597 2626 munire
1628 2556 2078 2644 dignaremur;
2129 2557 2302 2645 quod
2335 2577 2452 2624 nos
2493 2557 2585 2623 sa-

330 2677 546 2737 cturos
593 2667 1013 2753 promisimus
1042 2720 1061 2754 ,
1131 2669 1187 2734 si
1240 2672 1573 2751 presentes
1623 2667 1811 2734 nobis
1845 2672 2265 2753 reportentur.
2345 2669 2586 2735 Datum

327 2796 499 2844 anno
531 2775 799 2843 Domini
831 2774 1267 2842 M⁰CC⁰LXX⁰
1302 2780 1566 2860 octauo,
1606 2775 1673 2841 in
1707 2773 1872 2842 sesto
1903 2774 2091 2843 Beati
2122 2774 2588 2844 Panthaleonis

332 2884 641 2950 martiris.

331 3082 606 3144 (Et-edetis
656 3079 1005 3149 bssthfirtyfin,
1066 3100 1100 3135 a
1152 3078 1345 3135 hetam
1391 3089 1639 3148 nyomott
1688 3080 1878 3149 pecsbt
1903 3081 2196 3164 clfeszctm
2238 3081 2384 3134 kozli
2411 3084 2588 3150 Thaly

1319 3169 1593 3237 ulman.)
