<?xml version="1.0" encoding="UTF-8"?>
<!DOCTYPE html PUBLIC "-//W3C//DTD XHTML 1.0 Transitional//EN"
    "http://www.w3.org/TR/xhtml1/DTD/xhtml1-transitional.dtd">
<html xmlns="http://www.w3.org/1999/xhtml" xml:lang="en" lang="en">
 <head>
  <title>
</title>
<meta http-equiv="Content-Type" content="text/html;charset=utf-8" />
  <meta name='ocr-system' content='tesseract 3.04.00' />
  <meta name='ocr-capabilities' content='ocr_page ocr_carea ocr_par ocr_line ocrx_word'/>
</head>
<body>
  <div class='ocr_page' id='page_1' title='image "./rpdkorijokmnytr00wenzgoog_0174.png"; bbox 0 0 3319 5249; ppageno 0'>
   <div class='ocr_carea' id='block_1_1' title="bbox 1759 304 1885 368">
    <p class='ocr_par' dir='ltr' id='par_1_1' title="bbox 1759 304 1885 368">
     <span class='ocr_line' id='line_1_1' title="bbox 1759 304 1885 368; baseline -0.008 0"><span class='ocrx_word' id='word_1_1' title='bbox 1759 304 1885 368; x_wconf 78' lang='lat'><strong>120</strong></span> 
     </span>
    </p>
   </div>
   <div class='ocr_carea' id='block_1_2' title="bbox 1651 389 1970 404">
    <p class='ocr_par' dir='ltr' id='par_1_2' title="bbox 1651 389 1970 404">
     <span class='ocr_line' id='line_1_2' title="bbox 1651 389 1970 404; baseline 0 4845"><span class='ocrx_word' id='word_1_2' title='bbox 1651 389 1970 404; x_wconf 95' lang='lat' dir='ltr'><strong> </strong></span> 
     </span>
    </p>
   </div>
   <div class='ocr_carea' id='block_1_3' title="bbox 1763 834 1867 901">
    <p class='ocr_par' dir='ltr' id='par_1_3' title="bbox 1763 834 1867 901">
     <span class='ocr_line' id='line_1_3' title="bbox 1763 834 1867 901; baseline 0.01 -1"><span class='ocrx_word' id='word_1_3' title='bbox 1763 834 1867 901; x_wconf 78' lang='lat'><strong>75.</strong></span> 
     </span>
    </p>
   </div>
   <div class='ocr_carea' id='block_1_4' title="bbox 676 1032 2950 1231">
    <p class='ocr_par' dir='ltr' id='par_1_4' title="bbox 676 1032 2950 1231">
     <span class='ocr_line' id='line_1_4' title="bbox 676 1032 2950 1122; baseline -0.002 -20"><span class='ocrx_word' id='word_1_4' title='bbox 676 1038 796 1104; x_wconf 82' lang='lat' dir='ltr'><strong>IV.</strong></span> <span class='ocrx_word' id='word_1_5' title='bbox 833 1038 1062 1102; x_wconf 58' lang='lat' dir='ltr'><strong>Leiszlo&#39;</strong></span> <span class='ocrx_word' id='word_1_6' title='bbox 1091 1037 1438 1122; x_wconf 61' lang='lat' dir='ltr'><strong>kin-cilynak</strong></span> <span class='ocrx_word' id='word_1_7' title='bbox 1473 1033 1923 1120; x_wconf 46' lang='lat' dir='ltr'><strong>illisa-Icu-sftilde</strong></span> <span class='ocrx_word' id='word_1_8' title='bbox 1956 1042 2108 1097; x_wconf 71' lang='lat' dir='ltr'><strong>nerii</strong></span> <span class='ocrx_word' id='word_1_9' title='bbox 2148 1032 2420 1098; x_wconf 66' lang='lat' dir='ltr'><strong>biv-tokot</strong></span> <span class='ocrx_word' id='word_1_10' title='bbox 2453 1038 2766 1119; x_wconf 71' lang='lat' dir='ltr'><strong>td2·9yazd</strong></span> <span class='ocrx_word' id='word_1_11' title='bbox 2793 1034 2950 1098; x_wconf 81' lang='lat' dir='ltr'><strong>ado—</strong></span> 
     </span>
     <span class='ocr_line' id='line_1_5' title="bbox 985 1140 2634 1231; baseline -0.003 -22"><span class='ocrx_word' id='word_1_12' title='bbox 985 1149 1225 1231; x_wconf 73' lang='lat' dir='ltr'><strong>mcinya</strong></span> <span class='ocrx_word' id='word_1_13' title='bbox 1265 1144 1554 1223; x_wconf 74' lang='lat' dir='ltr'><strong>Heraml,</strong></span> <span class='ocrx_word' id='word_1_14' title='bbox 1618 1141 1909 1208; x_wconf 70' lang='lat' dir='ltr'><strong>Urosnak</strong></span> <span class='ocrx_word' id='word_1_15' title='bbox 1931 1140 2039 1223; x_wconf 82' lang='lat' dir='ltr'><strong>fia</strong></span> <span class='ocrx_word' id='word_1_16' title='bbox 2068 1145 2386 1207; x_wconf 73' lang='lat' dir='ltr'><strong>ezdmcira.</strong></span> <span class='ocrx_word' id='word_1_17' title='bbox 2440 1144 2634 1206; x_wconf 85' lang='lat'><strong><em>1275.</em></strong></span> 
     </span>
    </p>
   </div>
   <div class='ocr_carea' id='block_1_5' title="bbox 666 1353 2954 4656">
    <p class='ocr_par' dir='ltr' id='par_1_5' title="bbox 666 1353 2954 4656">
     <span class='ocr_line' id='line_1_6' title="bbox 888 1353 2946 1438; baseline -0.002 -17"><span class='ocrx_word' id='word_1_18' title='bbox 888 1354 1239 1421; x_wconf 85' lang='lat' dir='ltr'><strong>Ladizlaus</strong></span> <span class='ocrx_word' id='word_1_19' title='bbox 1298 1355 1421 1421; x_wconf 91' lang='lat' dir='ltr'><strong>Dei</strong></span> <span class='ocrx_word' id='word_1_20' title='bbox 1485 1355 1718 1438; x_wconf 82' lang='lat' dir='ltr'>gracia</span> <span class='ocrx_word' id='word_1_21' title='bbox 1778 1353 2152 1438; x_wconf 85' lang='lat' dir='ltr'><strong>Hungarie‚</strong></span> <span class='ocrx_word' id='word_1_22' title='bbox 2221 1354 2576 1437; x_wconf 89' lang='lat' dir='ltr'><strong>Dalmacie‚</strong></span> <span class='ocrx_word' id='word_1_23' title='bbox 2644 1354 2946 1436; x_wconf 87' lang='lat' dir='ltr'><strong>Croacie‚.</strong></span> 
     </span>
     <span class='ocr_line' id='line_1_7' title="bbox 671 1460 2940 1549; baseline -0.001 -19"><span class='ocrx_word' id='word_1_24' title='bbox 671 1466 911 1547; x_wconf 87' lang='lat' dir='ltr'><strong>Rame,</strong></span> <span class='ocrx_word' id='word_1_25' title='bbox 957 1461 1220 1546; x_wconf 87' lang='lat' dir='ltr'><strong>Seruie,</strong></span> <span class='ocrx_word' id='word_1_26' title='bbox 1267 1460 1584 1547; x_wconf 85' lang='lat' dir='ltr'><strong>Gallicie,</strong></span> <span class='ocrx_word' id='word_1_27' title='bbox 1628 1460 2054 1549; x_wconf 85' lang='lat' dir='ltr'><strong>Lodomerie,</strong></span> <span class='ocrx_word' id='word_1_28' title='bbox 2123 1460 2430 1529; x_wconf 85' lang='lat' dir='ltr'><strong>Cumanie</strong></span> <span class='ocrx_word' id='word_1_29' title='bbox 2491 1461 2940 1545; x_wconf 84' lang='lat' dir='ltr'><strong>Bulgarieque</strong></span> 
     </span>
     <span class='ocr_line' id='line_1_8' title="bbox 674 1568 2946 1654; baseline -0.002 -15"><span class='ocrx_word' id='word_1_30' title='bbox 674 1573 816 1639; x_wconf 85' lang='lat' dir='ltr'><strong>Rex</strong></span> <span class='ocrx_word' id='word_1_31' title='bbox 851 1570 1150 1636; x_wconf 91' lang='lat' dir='ltr'><strong>omnibus</strong></span> <span class='ocrx_word' id='word_1_32' title='bbox 1175 1588 1443 1653; x_wconf 82' lang='lat' dir='ltr'>presens</span> <span class='ocrx_word' id='word_1_33' title='bbox 1475 1569 1791 1654; x_wconf 87' lang='lat' dir='ltr'><strong>scriptum</strong></span> <span class='ocrx_word' id='word_1_34' title='bbox 1822 1571 2235 1637; x_wconf 79' lang='lat' dir='ltr'><strong>cernentibus</strong></span> <span class='ocrx_word' id='word_1_35' title='bbox 2253 1569 2531 1635; x_wconf 86' lang='lat' dir='ltr'><strong>salutem</strong></span> <span class='ocrx_word' id='word_1_36' title='bbox 2563 1568 2630 1634; x_wconf 91' lang='lat' dir='ltr'><strong>in</strong></span> <span class='ocrx_word' id='word_1_37' title='bbox 2651 1568 2946 1634; x_wconf 63' lang='lat' dir='ltr'><strong>omnium⁴</strong></span> 
     </span>
     <span class='ocr_line' id='line_1_9' title="bbox 675 1675 2941 1770; baseline -0.001 -26"><span class='ocrx_word' id='word_1_38' title='bbox 675 1679 1026 1745; x_wconf 73' lang='lat' dir='ltr'><strong>saluatore.</strong></span> <span class='ocrx_word' id='word_1_39' title='bbox 1104 1676 1712 1756; x_wconf 68' lang='lat' dir='ltr'><strong>Advniuersorum</strong></span> <span class='ocrx_word' id='word_1_40' title='bbox 1775 1677 2087 1770; x_wconf 66' lang='lat' dir='ltr'><strong>noticiam</strong></span> <span class='ocrx_word' id='word_1_41' title='bbox 2138 1675 2366 1741; x_wconf 87' lang='lat' dir='ltr'><strong>harum</strong></span> <span class='ocrx_word' id='word_1_42' title='bbox 2419 1677 2589 1742; x_wconf 88' lang='lat' dir='ltr'><strong>serie</strong></span> <span class='ocrx_word' id='word_1_43' title='bbox 2637 1676 2941 1741; x_wconf 82' lang='lat' dir='ltr'><strong>volumus</strong></span> 
     </span>
     <span class='ocr_line' id='line_1_10' title="bbox 673 1782 2941 1872; baseline -0.002 -21"><span class='ocrx_word' id='word_1_44' title='bbox 673 1785 1038 1870; x_wconf 86' lang='lat' dir='ltr'><strong>peruenire,</strong></span> <span class='ocrx_word' id='word_1_45' title='bbox 1094 1782 1262 1872; x_wconf 88' lang='lat' dir='ltr'><strong>quod</strong></span> <span class='ocrx_word' id='word_1_46' title='bbox 1315 1803 1456 1850; x_wconf 89' lang='lat' dir='ltr'><strong>cum</strong></span> <span class='ocrx_word' id='word_1_47' title='bbox 1505 1782 1886 1849; x_wconf 91' lang='lat' dir='ltr'><strong>Herrandus</strong></span> <span class='ocrx_word' id='word_1_48' title='bbox 1938 1782 2114 1851; x_wconf 89' lang='lat' dir='ltr'><strong>filius</strong></span> <span class='ocrx_word' id='word_1_49' title='bbox 2165 1784 2327 1851; x_wconf 88' lang='lat' dir='ltr'><strong>Vros</strong></span> <span class='ocrx_word' id='word_1_50' title='bbox 2377 1782 2587 1850; x_wconf 89' lang='lat' dir='ltr'><strong>fidelis</strong></span> <span class='ocrx_word' id='word_1_51' title='bbox 2640 1789 2856 1849; x_wconf 88' lang='lat' dir='ltr'><strong>noster</strong></span> <span class='ocrx_word' id='word_1_52' title='bbox 2897 1801 2941 1847; x_wconf 86' lang='lat' dir='ltr'><strong>a</strong></span> 
     </span>
     <span class='ocr_line' id='line_1_11' title="bbox 677 1889 2943 1978; baseline -0.001 -21"><span class='ocrx_word' id='word_1_53' title='bbox 677 1892 992 1977; x_wconf 90' lang='lat' dir='ltr'><strong>primeuis</strong></span> <span class='ocrx_word' id='word_1_54' title='bbox 1043 1911 1159 1956; x_wconf 88' lang='lat' dir='ltr'><strong>sue</strong></span> <span class='ocrx_word' id='word_1_55' title='bbox 1227 1889 1679 1956; x_wconf 85' lang='lat' dir='ltr'><strong>adolescencie</strong></span> <span class='ocrx_word' id='word_1_56' title='bbox 1730 1892 2164 1978; x_wconf 79' lang='lat' dir='ltr'><strong>temporibus,</strong></span> <span class='ocrx_word' id='word_1_57' title='bbox 2229 1891 2439 1977; x_wconf 87' lang='lat' dir='ltr'><strong>primo</strong></span> <span class='ocrx_word' id='word_1_58' title='bbox 2490 1890 2662 1975; x_wconf 82' lang='lat' dir='ltr'><strong>patri</strong></span> <span class='ocrx_word' id='word_1_59' title='bbox 2716 1898 2943 1957; x_wconf 87' lang='lat' dir='ltr'><strong>nostro</strong></span> 
     </span>
     <span class='ocr_line' id='line_1_12' title="bbox 678 1996 2940 2083; baseline -0.001 -19"><span class='ocrx_word' id='word_1_60' title='bbox 678 1997 1021 2065; x_wconf 88' lang='lat' dir='ltr'><strong>karissimo</strong></span> <span class='ocrx_word' id='word_1_61' title='bbox 1071 1996 1331 2064; x_wconf 92' lang='lat' dir='ltr'><strong>domino</strong></span> <span class='ocrx_word' id='word_1_62' title='bbox 1388 1996 1719 2082; x_wconf 82' lang='lat' dir='ltr'><strong>Stephano</strong></span> <span class='ocrx_word' id='word_1_63' title='bbox 1771 1998 1935 2081; x_wconf 83' lang='lat' dir='ltr'><strong>Regi</strong></span> <span class='ocrx_word' id='word_1_64' title='bbox 1985 1998 2323 2083; x_wconf 87' lang='lat' dir='ltr'><strong>Hungarie</strong></span> <span class='ocrx_word' id='word_1_65' title='bbox 2375 1999 2599 2064; x_wconf 87' lang='lat' dir='ltr'><strong>inclite</strong></span> <span class='ocrx_word' id='word_1_66' title='bbox 2638 1998 2940 2066; x_wconf 86' lang='lat' dir='ltr'><strong>recorda·</strong></span> 
     </span>
     <span class='ocr_line' id='line_1_13' title="bbox 679 2103 2939 2190; baseline -0.001 -18"><span class='ocrx_word' id='word_1_67' title='bbox 679 2105 923 2190; x_wconf 89' lang='lat' dir='ltr'><strong>cionis,</strong></span> <span class='ocrx_word' id='word_1_68' title='bbox 972 2112 1036 2171; x_wconf 90' lang='lat' dir='ltr'><strong>et</strong></span> <span class='ocrx_word' id='word_1_69' title='bbox 1066 2125 1183 2189; x_wconf 92' lang='lat' dir='ltr'><strong>per</strong></span> <span class='ocrx_word' id='word_1_70' title='bbox 1232 2122 1631 2187; x_wconf 88' lang='lat' dir='ltr'><strong>consequens</strong></span> <span class='ocrx_word' id='word_1_71' title='bbox 1683 2103 1873 2172; x_wconf 91' lang='lat' dir='ltr'><strong>nobis</strong></span> <span class='ocrx_word' id='word_1_72' title='bbox 1922 2113 2180 2189; x_wconf 86' lang='lat' dir='ltr'><strong>gratum</strong></span> <span class='ocrx_word' id='word_1_73' title='bbox 2233 2125 2488 2190; x_wconf 81' lang='lat' dir='ltr'><strong>semper</strong></span> <span class='ocrx_word' id='word_1_74' title='bbox 2533 2104 2939 2173; x_wconf 80' lang='lat' dir='ltr'><strong>exhibuisset</strong></span> 
     </span>
     <span class='ocr_line' id='line_1_14' title="bbox 678 2211 2937 2299; baseline -0.002 -18"><span class='ocrx_word' id='word_1_75' title='bbox 678 2212 1028 2281; x_wconf 89' lang='lat' dir='ltr'><strong>seruicium</strong></span> <span class='ocrx_word' id='word_1_76' title='bbox 1079 2221 1144 2277; x_wconf 88' lang='lat' dir='ltr'><strong>et</strong></span> <span class='ocrx_word' id='word_1_77' title='bbox 1176 2212 1475 2279; x_wconf 89' lang='lat' dir='ltr'><strong>sedulum</strong></span> <span class='ocrx_word' id='word_1_78' title='bbox 1510 2211 1940 2299; x_wconf 87' lang='lat' dir='ltr'><strong>famulatum,</strong></span> <span class='ocrx_word' id='word_1_79' title='bbox 1989 2220 2249 2299; x_wconf 87' lang='lat' dir='ltr'><strong>propter</strong></span> <span class='ocrx_word' id='word_1_80' title='bbox 2300 2233 2427 2295; x_wconf 90' lang='lat' dir='ltr'><strong>que</strong></span> <span class='ocrx_word' id='word_1_81' title='bbox 2464 2236 2508 2280; x_wconf 92' lang='lat' dir='ltr'><strong>a</strong></span> <span class='ocrx_word' id='word_1_82' title='bbox 2537 2213 2767 2296; x_wconf 82' lang='lat' dir='ltr'><strong>Regali</strong></span> <span class='ocrx_word' id='word_1_83' title='bbox 2798 2211 2937 2276; x_wconf 87' lang='lat' dir='ltr'><strong>Ma·</strong></span> 
     </span>
     <span class='ocr_line' id='line_1_15' title="bbox 675 2319 2939 2407; baseline -0.001 -21"><span class='ocrx_word' id='word_1_84' title='bbox 675 2320 1063 2407; x_wconf 85' lang='lat' dir='ltr'><strong>gnificencia</strong></span> <span class='ocrx_word' id='word_1_85' title='bbox 1112 2319 1504 2386; x_wconf 88' lang='lat' dir='ltr'><strong>refouendus</strong></span> <span class='ocrx_word' id='word_1_86' title='bbox 1576 2320 1784 2386; x_wconf 78' lang='lat' dir='ltr'><strong>fuerat</strong></span> <span class='ocrx_word' id='word_1_87' title='bbox 1833 2320 2012 2387; x_wconf 90' lang='lat' dir='ltr'><strong>omni</strong></span> <span class='ocrx_word' id='word_1_88' title='bbox 2063 2321 2271 2406; x_wconf 88' lang='lat' dir='ltr'><strong>bono;</strong></span> <span class='ocrx_word' id='word_1_89' title='bbox 2338 2340 2457 2387; x_wconf 91' lang='lat' dir='ltr'><strong>nos</strong></span> <span class='ocrx_word' id='word_1_90' title='bbox 2508 2319 2939 2387; x_wconf 82' lang='lat' dir='ltr'><strong>consideratis</strong></span> 
     </span>
     <span class='ocr_line' id='line_1_16' title="bbox 679 2425 2941 2513; baseline -0.001 -18"><span class='ocrx_word' id='word_1_91' title='bbox 679 2427 816 2495; x_wconf 83' lang='lat' dir='ltr'><strong>suis</strong></span> <span class='ocrx_word' id='word_1_92' title='bbox 867 2425 1162 2510; x_wconf 85' lang='lat' dir='ltr'><strong>seruicijs</strong></span> <span class='ocrx_word' id='word_1_93' title='bbox 1214 2428 1580 2513; x_wconf 86' lang='lat' dir='ltr'><strong>meritorijs,</strong></span> <span class='ocrx_word' id='word_1_94' title='bbox 1631 2429 1929 2495; x_wconf 89' lang='lat' dir='ltr'><strong>uolentes</strong></span> <span class='ocrx_word' id='word_1_95' title='bbox 1971 2426 2093 2495; x_wconf 86' lang='lat' dir='ltr'><strong>sibi</strong></span> <span class='ocrx_word' id='word_1_96' title='bbox 2124 2437 2317 2511; x_wconf 85' lang='lat' dir='ltr'><strong>grata</strong></span> <span class='ocrx_word' id='word_1_97' title='bbox 2355 2427 2804 2496; x_wconf 88' lang='lat' dir='ltr'><strong>uicissitudine</strong></span> <span class='ocrx_word' id='word_1_98' title='bbox 2833 2447 2941 2494; x_wconf 88' lang='lat' dir='ltr'><strong>rc-</strong></span> 
     </span>
     <span class='ocr_line' id='line_1_17' title="bbox 679 2533 2939 2627; baseline -0 -24"><span class='ocrx_word' id='word_1_99' title='bbox 679 2533 1021 2620; x_wconf 86' lang='lat' dir='ltr'><strong>spondere,</strong></span> <span class='ocrx_word' id='word_1_100' title='bbox 1070 2533 1398 2617; x_wconf 86' lang='lat' dir='ltr'><strong>quandam</strong></span> <span class='ocrx_word' id='word_1_101' title='bbox 1439 2543 1680 2600; x_wconf 91' lang='lat' dir='ltr'><strong>terram</strong></span> <span class='ocrx_word' id='word_1_102' title='bbox 1716 2536 1929 2600; x_wconf 89' lang='lat' dir='ltr'><strong>Castri</strong></span> <span class='ocrx_word' id='word_1_103' title='bbox 1961 2535 2166 2621; x_wconf 81' lang='lat' dir='ltr'><strong>nostri</strong></span> <span class='ocrx_word' id='word_1_104' title='bbox 2199 2535 2613 2627; x_wconf 79' lang='lat' dir='ltr'><strong>Zaladiensis</strong></span> <span class='ocrx_word' id='word_1_105' title='bbox 2643 2534 2939 2602; x_wconf 74' lang='lat' dir='ltr'><strong>Markus-</strong></span> 
     </span>
     <span class='ocr_line' id='line_1_18' title="bbox 676 2641 2943 2728; baseline 0.001 -21"><span class='ocrx_word' id='word_1_106' title='bbox 676 2641 860 2728; x_wconf 78' lang='lat' dir='ltr'><strong>feldy</strong></span> <span class='ocrx_word' id='word_1_107' title='bbox 891 2648 1214 2728; x_wconf 88' lang='lat' dir='ltr'><strong>uocatam,</strong></span> <span class='ocrx_word' id='word_1_108' title='bbox 1261 2642 1386 2725; x_wconf 90' lang='lat' dir='ltr'><strong>que</strong></span> <span class='ocrx_word' id='word_1_109' title='bbox 1418 2641 1674 2725; x_wconf 89' lang='lat' dir='ltr'><strong>quidem</strong></span> <span class='ocrx_word' id='word_1_110' title='bbox 1728 2650 1902 2709; x_wconf 85' lang='lat' dir='ltr'><strong>terra</strong></span> <span class='ocrx_word' id='word_1_111' title='bbox 1933 2642 2082 2709; x_wconf 88' lang='lat' dir='ltr'><strong>usui</strong></span> <span class='ocrx_word' id='word_1_112' title='bbox 2121 2644 2408 2725; x_wconf 89' lang='lat' dir='ltr'><strong>quinque</strong></span> <span class='ocrx_word' id='word_1_113' title='bbox 2441 2651 2800 2710; x_wconf 84' lang='lat' dir='ltr'><strong>aratrorum</strong></span> <span class='ocrx_word' id='word_1_114' title='bbox 2832 2642 2943 2710; x_wconf 76' lang='lat' dir='ltr'><strong>uel</strong></span> 
     </span>
     <span class='ocr_line' id='line_1_19' title="bbox 679 2747 2938 2837; baseline -0.001 -21"><span class='ocrx_word' id='word_1_115' title='bbox 679 2748 855 2816; x_wconf 88' lang='lat' dir='ltr'><strong>circa</strong></span> <span class='ocrx_word' id='word_1_116' title='bbox 900 2748 1040 2834; x_wconf 88' lang='lat' dir='ltr'><strong>hoc,</strong></span> <span class='ocrx_word' id='word_1_117' title='bbox 1094 2747 1262 2815; x_wconf 87' lang='lat' dir='ltr'><strong>sicut</strong></span> <span class='ocrx_word' id='word_1_118' title='bbox 1310 2748 1460 2815; x_wconf 86' lang='lat' dir='ltr'><strong>uisu</strong></span> <span class='ocrx_word' id='word_1_119' title='bbox 1511 2750 1909 2817; x_wconf 87' lang='lat' dir='ltr'><strong>considerari</strong></span> <span class='ocrx_word' id='word_1_120' title='bbox 1957 2751 2193 2837; x_wconf 87' lang='lat' dir='ltr'><strong>potuit,</strong></span> <span class='ocrx_word' id='word_1_121' title='bbox 2243 2750 2693 2835; x_wconf 83' lang='lat' dir='ltr'><strong>sufficientem,</strong></span> <span class='ocrx_word' id='word_1_122' title='bbox 2742 2749 2938 2816; x_wconf 90' lang='lat' dir='ltr'><strong>simul</strong></span> 
     </span>
     <span class='ocr_line' id='line_1_20' title="bbox 677 2854 2954 2944; baseline 0.001 -22"><span class='ocrx_word' id='word_1_123' title='bbox 677 2876 824 2922; x_wconf 91' lang='lat' dir='ltr'><strong>cum</strong></span> <span class='ocrx_word' id='word_1_124' title='bbox 876 2854 1067 2921; x_wconf 83' lang='lat' dir='ltr'><strong>vinea</strong></span> <span class='ocrx_word' id='word_1_125' title='bbox 1120 2857 1184 2921; x_wconf 87' lang='lat' dir='ltr'><strong>in</strong></span> <span class='ocrx_word' id='word_1_126' title='bbox 1240 2856 1466 2939; x_wconf 85' lang='lat' dir='ltr'><strong>eadem</strong></span> <span class='ocrx_word' id='word_1_127' title='bbox 1527 2857 1872 2944; x_wconf 86' lang='lat' dir='ltr'><strong>existenti,</strong></span> <span class='ocrx_word' id='word_1_128' title='bbox 1932 2858 2005 2923; x_wconf 92' lang='lat' dir='ltr'><strong>in</strong></span> <span class='ocrx_word' id='word_1_129' title='bbox 2055 2877 2186 2941; x_wconf 88' lang='lat' dir='ltr'><strong>qua</strong></span> <span class='ocrx_word' id='word_1_130' title='bbox 2237 2866 2512 2941; x_wconf 88' lang='lat' dir='ltr'><strong>quatuor</strong></span> <span class='ocrx_word' id='word_1_131' title='bbox 2567 2860 2954 2927; x_wconf 41' lang='lat' dir='ltr'><strong>mansiones&lt;</strong></span> 
     </span>
     <span class='ocr_line' id='line_1_21' title="bbox 678 2961 2936 3051; baseline 0.002 -24"><span class='ocrx_word' id='word_1_132' title='bbox 678 2962 1105 3029; x_wconf 82' lang='lat' dir='ltr'><strong>castrensium</strong></span> <span class='ocrx_word' id='word_1_133' title='bbox 1140 2961 1295 3029; x_wconf 90' lang='lat' dir='ltr'><strong>dicti</strong></span> <span class='ocrx_word' id='word_1_134' title='bbox 1333 2962 1544 3029; x_wconf 88' lang='lat' dir='ltr'><strong>Castri</strong></span> <span class='ocrx_word' id='word_1_135' title='bbox 1578 2962 1969 3051; x_wconf 85' lang='lat' dir='ltr'><strong>residebant,</strong></span> <span class='ocrx_word' id='word_1_136' title='bbox 2015 2985 2163 3030; x_wconf 89' lang='lat' dir='ltr'><strong>cum</strong></span> <span class='ocrx_word' id='word_1_137' title='bbox 2194 2966 2493 3032; x_wconf 88' lang='lat' dir='ltr'><strong>omnibns</strong></span> <span class='ocrx_word' id='word_1_138' title='bbox 2523 2965 2659 3031; x_wconf 85' lang='lat' dir='ltr'><strong>suis</strong></span> <span class='ocrx_word' id='word_1_139' title='bbox 2690 2986 2936 3051; x_wconf 88' lang='lat' dir='ltr'><strong>appen-</strong></span> 
     </span>
     <span class='ocr_line' id='line_1_22' title="bbox 678 3068 2943 3156; baseline 0 -21"><span class='ocrx_word' id='word_1_140' title='bbox 678 3069 871 3153; x_wconf 77' lang='lat' dir='ltr'><strong>diciJs</strong></span> <span class='ocrx_word' id='word_1_141' title='bbox 904 3074 968 3133; x_wconf 91' lang='lat' dir='ltr'><strong>et</strong></span> <span class='ocrx_word' id='word_1_142' title='bbox 999 3068 1390 3136; x_wconf 87' lang='lat' dir='ltr'><strong>utilitatibus</strong></span> <span class='ocrx_word' id='word_1_143' title='bbox 1421 3069 1743 3136; x_wconf 85' lang='lat' dir='ltr'><strong>vniuersis</strong></span> <span class='ocrx_word' id='word_1_144' title='bbox 1763 3121 1782 3156; x_wconf 99' lang='lat'><strong>,</strong></span> <span class='ocrx_word' id='word_1_145' title='bbox 1832 3071 1959 3156; x_wconf 88' lang='lat' dir='ltr'><strong>ipsi</strong></span> <span class='ocrx_word' id='word_1_146' title='bbox 1991 3070 2351 3156; x_wconf 87' lang='lat' dir='ltr'><strong>Herrando,</strong></span> <span class='ocrx_word' id='word_1_147' title='bbox 2408 3078 2473 3137; x_wconf 91' lang='lat' dir='ltr'><strong>et</strong></span> <span class='ocrx_word' id='word_1_148' title='bbox 2520 3070 2658 3138; x_wconf 84' lang='lat' dir='ltr'><strong>suis</strong></span> <span class='ocrx_word' id='word_1_149' title='bbox 2690 3069 2943 3137; x_wconf 86' lang='lat' dir='ltr'><strong>heredi-</strong></span> 
     </span>
     <span class='ocr_line' id='line_1_23' title="bbox 674 3172 2943 3263; baseline 0.001 -21"><span class='ocrx_word' id='word_1_150' title='bbox 674 3177 798 3243; x_wconf 91' lang='lat' dir='ltr'><strong>bus</strong></span> <span class='ocrx_word' id='word_1_151' title='bbox 849 3174 1289 3258; x_wconf 86' lang='lat' dir='ltr'><strong>heredumque</strong></span> <span class='ocrx_word' id='word_1_152' title='bbox 1341 3195 1601 3241; x_wconf 86' lang='lat' dir='ltr'><strong>suorum</strong></span> <span class='ocrx_word' id='word_1_153' title='bbox 1641 3172 2123 3245; x_wconf 82' lang='lat' dir='ltr'><strong>successoribus</strong></span> <span class='ocrx_word' id='word_1_154' title='bbox 2158 3177 2587 3263; x_wconf 89' lang='lat' dir='ltr'><strong>contulimus,</strong></span> <span class='ocrx_word' id='word_1_155' title='bbox 2639 3176 2943 3245; x_wconf 84' lang='lat' dir='ltr'><strong>dedimus</strong></span> 
     </span>
     <span class='ocr_line' id='line_1_24' title="bbox 675 3280 2942 3372; baseline 0.001 -24"><span class='ocrx_word' id='word_1_156' title='bbox 675 3287 743 3348; x_wconf 88' lang='lat' dir='ltr'><strong>et</strong></span> <span class='ocrx_word' id='word_1_157' title='bbox 776 3280 1159 3348; x_wconf 87' lang='lat' dir='ltr'><strong>donauimus</strong></span> <span class='ocrx_word' id='word_1_158' title='bbox 1191 3290 1501 3367; x_wconf 88' lang='lat' dir='ltr'><strong>perpetuo</strong></span> <span class='ocrx_word' id='word_1_159' title='bbox 1523 3283 2120 3350; x_wconf 88' lang='lat' dir='ltr'><strong>etirreuocabiliter</strong></span> <span class='ocrx_word' id='word_1_160' title='bbox 2151 3283 2420 3368; x_wconf 86' lang='lat' dir='ltr'><strong>pacifice</strong></span> <span class='ocrx_word' id='word_1_161' title='bbox 2449 3283 2942 3372; x_wconf 87' lang='lat' dir='ltr'><strong>possidendam,</strong></span> 
     </span>
     <span class='ocr_line' id='line_1_25' title="bbox 676 3385 2947 3475; baseline 0.001 -21"><span class='ocrx_word' id='word_1_162' title='bbox 676 3396 742 3454; x_wconf 88' lang='lat' dir='ltr'><strong>et</strong></span> <span class='ocrx_word' id='word_1_163' title='bbox 774 3385 1050 3455; x_wconf 89' lang='lat' dir='ltr'><strong>eundem</strong></span> <span class='ocrx_word' id='word_1_164' title='bbox 1075 3386 1483 3455; x_wconf 85' lang='lat' dir='ltr'><strong>Herrandum</strong></span> <span class='ocrx_word' id='word_1_165' title='bbox 1515 3389 1584 3454; x_wconf 90' lang='lat' dir='ltr'><strong>in</strong></span> <span class='ocrx_word' id='word_1_166' title='bbox 1616 3390 2020 3474; x_wconf 83' lang='lat' dir='ltr'><strong>corporalem</strong></span> <span class='ocrx_word' id='word_1_167' title='bbox 2052 3389 2530 3475; x_wconf 86' lang='lat' dir='ltr'><strong>possessionem</strong></span> <span class='ocrx_word' id='word_1_168' title='bbox 2564 3389 2736 3456; x_wconf 88' lang='lat' dir='ltr'><strong>dicte</strong></span> <span class='ocrx_word' id='word_1_169' title='bbox 2765 3398 2947 3456; x_wconf 75' lang='lat' dir='ltr'><strong>terre</strong></span> 
     </span>
     <span class='ocr_line' id='line_1_26' title="bbox 675 3493 2937 3582; baseline 0.001 -20"><span class='ocrx_word' id='word_1_170' title='bbox 675 3515 793 3582; x_wconf 86' lang='lat' dir='ltr'><strong>per</strong></span> <span class='ocrx_word' id='word_1_171' title='bbox 824 3493 1032 3560; x_wconf 89' lang='lat' dir='ltr'><strong>Keled</strong></span> <span class='ocrx_word' id='word_1_172' title='bbox 1064 3494 1268 3561; x_wconf 87' lang='lat' dir='ltr'><strong>filium</strong></span> <span class='ocrx_word' id='word_1_173' title='bbox 1299 3495 1508 3563; x_wconf 86' lang='lat' dir='ltr'><strong>Keled</strong></span> <span class='ocrx_word' id='word_1_174' title='bbox 1540 3494 1865 3563; x_wconf 90' lang='lat' dir='ltr'><strong>hominem</strong></span> <span class='ocrx_word' id='word_1_175' title='bbox 1900 3504 2189 3564; x_wconf 84' lang='lat' dir='ltr'><strong>nostrum</strong></span> <span class='ocrx_word' id='word_1_176' title='bbox 2231 3495 2351 3562; x_wconf 88' lang='lat' dir='ltr'><strong>sub</strong></span> <span class='ocrx_word' id='word_1_177' title='bbox 2386 3497 2755 3564; x_wconf 84' lang='lat' dir='ltr'><strong>testimonio</strong></span> <span class='ocrx_word' id='word_1_178' title='bbox 2783 3496 2937 3564; x_wconf 90' lang='lat' dir='ltr'><strong>fide·</strong></span> 
     </span>
     <span class='ocr_line' id='line_1_27' title="bbox 671 3600 2938 3689; baseline 0.001 -23"><span class='ocrx_word' id='word_1_179' title='bbox 671 3601 828 3668; x_wconf 91' lang='lat' dir='ltr'><strong>lium</strong></span> <span class='ocrx_word' id='word_1_180' title='bbox 893 3607 1258 3667; x_wconf 87' lang='lat' dir='ltr'><strong>nostrorum</strong></span> <span class='ocrx_word' id='word_1_181' title='bbox 1320 3600 1691 3669; x_wconf 82' lang='lat' dir='ltr'><strong>Conuentus</strong></span> <span class='ocrx_word' id='word_1_182' title='bbox 1761 3602 2176 3670; x_wconf 87' lang='lat' dir='ltr'><strong>Zaladiensis</strong></span> <span class='ocrx_word' id='word_1_183' title='bbox 2241 3602 2513 3670; x_wconf 83' lang='lat' dir='ltr'><strong>fecimus</strong></span> <span class='ocrx_word' id='word_1_184' title='bbox 2592 3603 2938 3689; x_wconf 86' lang='lat' dir='ltr'><strong>introduci,</strong></span> 
     </span>
     <span class='ocr_line' id='line_1_28' title="bbox 669 3706 2944 3796; baseline -0 -19"><span class='ocrx_word' id='word_1_185' title='bbox 669 3708 1082 3796; x_wconf 87' lang='lat' dir='ltr'><strong>presentibus</strong></span> <span class='ocrx_word' id='word_1_186' title='bbox 1146 3706 1447 3775; x_wconf 91' lang='lat' dir='ltr'><strong>omnibus</strong></span> <span class='ocrx_word' id='word_1_187' title='bbox 1510 3709 1968 3778; x_wconf 85' lang='lat' dir='ltr'><strong>commetaneis</strong></span> <span class='ocrx_word' id='word_1_188' title='bbox 2029 3717 2095 3776; x_wconf 88' lang='lat' dir='ltr'><strong>et</strong></span> <span class='ocrx_word' id='word_1_189' title='bbox 2144 3709 2425 3790; x_wconf 89' lang='lat' dir='ltr'><strong>uicinis,</strong></span> <span class='ocrx_word' id='word_1_190' title='bbox 2494 3717 2559 3776; x_wconf 91' lang='lat' dir='ltr'><strong>et</strong></span> <span class='ocrx_word' id='word_1_191' title='bbox 2607 3730 2735 3776; x_wconf 91' lang='lat' dir='ltr'><strong>non</strong></span> <span class='ocrx_word' id='word_1_192' title='bbox 2784 3730 2944 3778; x_wconf 79' lang='lat' dir='ltr'><strong>con·</strong></span> 
     </span>
     <span class='ocr_line' id='line_1_29' title="bbox 673 3814 2947 3899; baseline 0.001 -17"><span class='ocrx_word' id='word_1_193' title='bbox 673 3814 1183 3899; x_wconf 85' lang='lat' dir='ltr'><strong>tradicentibus;</strong></span> <span class='ocrx_word' id='word_1_194' title='bbox 1234 3814 1400 3882; x_wconf 87' lang='lat' dir='ltr'><strong>sicut</strong></span> <span class='ocrx_word' id='word_1_195' title='bbox 1448 3816 1517 3882; x_wconf 91' lang='lat' dir='ltr'><strong>in</strong></span> <span class='ocrx_word' id='word_1_196' title='bbox 1570 3815 1919 3883; x_wconf 86' lang='lat' dir='ltr'><strong>eorundem</strong></span> <span class='ocrx_word' id='word_1_197' title='bbox 1951 3817 2331 3884; x_wconf 87' lang='lat' dir='ltr'><strong>Conuentus</strong></span> <span class='ocrx_word' id='word_1_198' title='bbox 2363 3817 2603 3884; x_wconf 85' lang='lat' dir='ltr'><strong>litteris</strong></span> <span class='ocrx_word' id='word_1_199' title='bbox 2653 3817 2947 3885; x_wconf 75' lang='lat' dir='ltr'><strong>uidimus</strong></span> 
     </span>
     <span class='ocr_line' id='line_1_30' title="bbox 669 3920 2934 4009; baseline 0.001 -19"><span class='ocrx_word' id='word_1_200' title='bbox 669 3923 1008 3992; x_wconf 89' lang='lat' dir='ltr'><strong>contineri.</strong></span> <span class='ocrx_word' id='word_1_201' title='bbox 1078 3920 1275 3990; x_wconf 82' lang='lat' dir='ltr'><strong>Cuius</strong></span> <span class='ocrx_word' id='word_1_202' title='bbox 1329 3920 1589 4005; x_wconf 89' lang='lat' dir='ltr'><strong>quidem</strong></span> <span class='ocrx_word' id='word_1_203' title='bbox 1640 3928 1809 3990; x_wconf 84' lang='lat' dir='ltr'><strong>terre</strong></span> <span class='ocrx_word' id='word_1_204' title='bbox 1842 3922 2302 4009; x_wconf 86' lang='lat' dir='ltr'><strong>Markusfeldy</strong></span> <span class='ocrx_word' id='word_1_205' title='bbox 2356 3929 2527 3991; x_wconf 88' lang='lat' dir='ltr'><strong>mete</strong></span> <span class='ocrx_word' id='word_1_206' title='bbox 2559 3930 2624 3989; x_wconf 91' lang='lat' dir='ltr'><strong>et</strong></span> <span class='ocrx_word' id='word_1_207' title='bbox 2654 3926 2934 4009; x_wconf 83' lang='lat' dir='ltr'><strong>termini,</strong></span> 
     </span>
     <span class='ocr_line' id='line_1_31' title="bbox 672 4028 2947 4116; baseline 0.001 -18"><span class='ocrx_word' id='word_1_208' title='bbox 672 4031 839 4100; x_wconf 86' lang='lat' dir='ltr'><strong>sicut</strong></span> <span class='ocrx_word' id='word_1_209' title='bbox 887 4050 1002 4116; x_wconf 92' lang='lat' dir='ltr'><strong>per</strong></span> <span class='ocrx_word' id='word_1_210' title='bbox 1033 4029 1285 4096; x_wconf 89' lang='lat' dir='ltr'><strong>litteras</strong></span> <span class='ocrx_word' id='word_1_211' title='bbox 1337 4028 1469 4095; x_wconf 90' lang='lat' dir='ltr'><strong>iam</strong></span> <span class='ocrx_word' id='word_1_212' title='bbox 1520 4029 1838 4096; x_wconf 87' lang='lat' dir='ltr'><strong>dictorum</strong></span> <span class='ocrx_word' id='word_1_213' title='bbox 1891 4031 2262 4099; x_wconf 77' lang='lat' dir='ltr'><strong>conuentus</strong></span> <span class='ocrx_word' id='word_1_214' title='bbox 2294 4030 2701 4098; x_wconf 86' lang='lat' dir='ltr'><strong>Zaladiensis</strong></span> <span class='ocrx_word' id='word_1_215' title='bbox 2746 4033 2947 4100; x_wconf 88' lang='lat' dir='ltr'><strong>nobis</strong></span> 
     </span>
     <span class='ocr_line' id='line_1_32' title="bbox 671 4136 2951 4224; baseline 0.003 -23"><span class='ocrx_word' id='word_1_216' title='bbox 671 4137 983 4220; x_wconf 81' lang='lat' dir='ltr'><strong>constitit,</strong></span> <span class='ocrx_word' id='word_1_217' title='bbox 1031 4138 1158 4204; x_wconf 88' lang='lat' dir='ltr'><strong>hoc</strong></span> <span class='ocrx_word' id='word_1_218' title='bbox 1207 4136 1430 4205; x_wconf 89' lang='lat' dir='ltr'><strong>ordine</strong></span> <span class='ocrx_word' id='word_1_219' title='bbox 1483 4138 1970 4224; x_wconf 87' lang='lat' dir='ltr'><strong>distinguntur:</strong></span> <span class='ocrx_word' id='word_1_220' title='bbox 2020 4139 2259 4224; x_wconf 87' lang='lat' dir='ltr'><strong>Incipit</strong></span> <span class='ocrx_word' id='word_1_221' title='bbox 2310 4139 2484 4206; x_wconf 90' lang='lat' dir='ltr'><strong>enim</strong></span> <span class='ocrx_word' id='word_1_222' title='bbox 2519 4140 2733 4224; x_wconf 86' lang='lat' dir='ltr'><strong>prima</strong></span> <span class='ocrx_word' id='word_1_223' title='bbox 2764 4147 2951 4207; x_wconf 15' lang='lat' dir='ltr'><strong>meta*</strong></span> 
     </span>
     <span class='ocr_line' id='line_1_33' title="bbox 666 4243 2944 4335; baseline 0.001 -24"><span class='ocrx_word' id='word_1_224' title='bbox 666 4247 854 4319; x_wconf 83' lang='lat' dir='ltr'><strong>iuxta</strong></span> <span class='ocrx_word' id='word_1_225' title='bbox 903 4252 1146 4311; x_wconf 87' lang='lat' dir='ltr'><strong>terram</strong></span> <span class='ocrx_word' id='word_1_226' title='bbox 1177 4243 1501 4332; x_wconf 85' lang='lat' dir='ltr'><strong>Ladyzlai</strong></span> <span class='ocrx_word' id='word_1_227' title='bbox 1548 4246 1665 4332; x_wconf 87' lang='lat' dir='ltr'><strong>filij</strong></span> <span class='ocrx_word' id='word_1_228' title='bbox 1703 4246 1878 4313; x_wconf 89' lang='lat' dir='ltr'><strong>Petri</strong></span> <span class='ocrx_word' id='word_1_229' title='bbox 1926 4247 1998 4312; x_wconf 91' lang='lat' dir='ltr'><strong>in</strong></span> <span class='ocrx_word' id='word_1_230' title='bbox 2050 4247 2333 4335; x_wconf 82' lang='lat' dir='ltr'><strong>quodam</strong></span> <span class='ocrx_word' id='word_1_231' title='bbox 2382 4246 2604 4332; x_wconf 88' lang='lat' dir='ltr'><strong>fluui0‚</strong></span> <span class='ocrx_word' id='word_1_232' title='bbox 2639 4254 2704 4314; x_wconf 87' lang='lat' dir='ltr'><strong>et</strong></span> <span class='ocrx_word' id='word_1_233' title='bbox 2751 4267 2944 4330; x_wconf 72' lang='lat' dir='ltr'><strong>egre-</strong></span> 
     </span>
     <span class='ocr_line' id='line_1_34' title="bbox 673 4351 2944 4440; baseline 0.002 -23"><span class='ocrx_word' id='word_1_234' title='bbox 673 4353 848 4418; x_wconf 87' lang='lat' dir='ltr'><strong>ditur</strong></span> <span class='ocrx_word' id='word_1_235' title='bbox 901 4352 987 4418; x_wconf 87' lang='lat' dir='ltr'><strong>ad</strong></span> <span class='ocrx_word' id='word_1_236' title='bbox 1037 4351 1408 4435; x_wconf 90' lang='lat' dir='ltr'><strong>aquilonem</strong></span> <span class='ocrx_word' id='word_1_237' title='bbox 1477 4373 1592 4438; x_wconf 88' lang='lat' dir='ltr'><strong>per</strong></span> <span class='ocrx_word' id='word_1_238' title='bbox 1643 4354 1855 4440; x_wconf 90' lang='lat' dir='ltr'><strong>ipsum</strong></span> <span class='ocrx_word' id='word_1_239' title='bbox 1908 4354 2219 4439; x_wconf 86' lang='lat' dir='ltr'><strong>fluuium,</strong></span> <span class='ocrx_word' id='word_1_240' title='bbox 2281 4354 2582 4440; x_wconf 86' lang='lat' dir='ltr'><strong>peruenit</strong></span> <span class='ocrx_word' id='word_1_241' title='bbox 2632 4354 2721 4420; x_wconf 86' lang='lat' dir='ltr'><strong>ad</strong></span> <span class='ocrx_word' id='word_1_242' title='bbox 2770 4352 2944 4422; x_wconf 77' lang='lat' dir='ltr'><strong>duas</strong></span> 
     </span>
     <span class='ocr_line' id='line_1_35' title="bbox 671 4459 2944 4549; baseline 0 -23"><span class='ocrx_word' id='word_1_243' title='bbox 671 4467 878 4528; x_wconf 84' lang='lat' dir='ltr'><strong>metas</strong></span> <span class='ocrx_word' id='word_1_244' title='bbox 927 4459 995 4524; x_wconf 94' lang='lat' dir='ltr'><strong>in</strong></span> <span class='ocrx_word' id='word_1_245' title='bbox 1045 4460 1384 4526; x_wconf 83' lang='lat' dir='ltr'><strong>arboribus</strong></span> <span class='ocrx_word' id='word_1_246' title='bbox 1436 4462 1531 4528; x_wconf 82' lang='lat' dir='ltr'><strong>tul</strong></span> <span class='ocrx_word' id='word_1_247' title='bbox 1584 4469 1651 4527; x_wconf 85' lang='lat' dir='ltr'><strong>et</strong></span> <span class='ocrx_word' id='word_1_248' title='bbox 1703 4467 1847 4529; x_wconf 82' lang='lat' dir='ltr'><strong>cher</strong></span> <span class='ocrx_word' id='word_1_249' title='bbox 1863 4486 1889 4545; x_wconf 89' lang='lat'><em>;</em></span> <span class='ocrx_word' id='word_1_250' title='bbox 1935 4462 2089 4531; x_wconf 90' lang='lat' dir='ltr'><strong>inde</strong></span> <span class='ocrx_word' id='word_1_251' title='bbox 2139 4462 2408 4529; x_wconf 90' lang='lat' dir='ltr'><strong>uertitur</strong></span> <span class='ocrx_word' id='word_1_252' title='bbox 2460 4461 2547 4528; x_wconf 87' lang='lat' dir='ltr'><strong>ad</strong></span> <span class='ocrx_word' id='word_1_253' title='bbox 2598 4460 2944 4549; x_wconf 81' lang='lat' dir='ltr'><strong>orientem,</strong></span> 
     </span>
     <span class='ocr_line' id='line_1_36' title="bbox 671 4566 2945 4656; baseline 0 -21"><span class='ocrx_word' id='word_1_254' title='bbox 671 4568 858 4635; x_wconf 86' lang='lat' dir='ltr'><strong>uadit</strong></span> <span class='ocrx_word' id='word_1_255' title='bbox 906 4586 1109 4652; x_wconf 85' lang='lat' dir='ltr'><strong>usque</strong></span> <span class='ocrx_word' id='word_1_256' title='bbox 1157 4566 1245 4634; x_wconf 89' lang='lat' dir='ltr'><strong>ad</strong></span> <span class='ocrx_word' id='word_1_257' title='bbox 1296 4568 1476 4634; x_wconf 81' lang='lat' dir='ltr'><strong>uiam</strong></span> <span class='ocrx_word' id='word_1_258' title='bbox 1534 4567 1844 4654; x_wconf 86' lang='lat' dir='ltr'><strong>Edelich,</strong></span> <span class='ocrx_word' id='word_1_259' title='bbox 1891 4570 2074 4636; x_wconf 82' lang='lat' dir='ltr'><strong>iuxta</strong></span> <span class='ocrx_word' id='word_1_260' title='bbox 2127 4589 2322 4654; x_wconf 85' lang='lat' dir='ltr'><strong>quam</strong></span> <span class='ocrx_word' id='word_1_261' title='bbox 2375 4579 2529 4637; x_wconf 85' lang='lat' dir='ltr'><strong>sunt</strong></span> <span class='ocrx_word' id='word_1_262' title='bbox 2577 4577 2711 4636; x_wconf 87' lang='lat' dir='ltr'><strong>tres</strong></span> <span class='ocrx_word' id='word_1_263' title='bbox 2745 4579 2945 4656; x_wconf 84' lang='lat' dir='ltr'><strong>mete,</strong></span> 
     </span>
    </p>
   </div>
  </div>
 </body>
</html>
