3319 5249
1719 293 1850 358 282

678 491 883 558 nostri
914 491 1267 557 munimine
1297 491 1652 557 roboratas.
1693 491 1930 555 Datnm
1968 509 2140 556 anno
2170 486 2432 555 Domini
2463 488 2552 552 M⁰
2585 485 2714 553 00⁰
2745 490 2912 551 octo-

677 601 943 685 gesimo,
991 598 1293 665 kalendis
1325 598 1499 682 Maij.

676 796 745 862 (A
791 799 957 850 budai
1002 795 1381 866 kaptalannak
1431 797 1652 848 1280·ki
1703 794 2304 864 bizouysaglevelebb'l,
2340 799 2477 848 mint
2513 811 2548 847 a
2571 798 2694 850 200.
2719 813 2793 852 sz.
2819 811 2914 859 a.;

1279 901 1313 936 a
1337 888 1503 941 budai
1530 890 1634 941 kir.
1663 889 1911 940 kamarai
1950 885 2307 953 leveltArban)

1727 1704 1877 1770 200.

678 1905 740 1972 A
788 1906 986 1970 buda-i
1035 1903 1482 1990 kciptalannak
1512 1904 2060 1989 bizonysciqlevele,
2097 1907 2262 1991 hoyy
2293 1906 2522 1970 Erdcw
2556 1927 2749 1971 comes
2780 1927 2918 1969 ezen

786 2015 1243 2097 aclomcinynak
1274 2013 1735 2079 kovetkezte'ben
1768 2014 1995 2077 Pethen
2027 2015 2356 2079 biv-tokdba
2388 2016 2822 2080 beiktattatott.

1208 2214 1268 2279 A
1786 2213 1837 2277 B
2330 2208 2380 2275 C

889 2320 1252 2406 Capitulum
1304 2320 1617 2387 Budensis
1656 2320 1946 2387 Ecclesie
1979 2321 2274 2386 omnibus
2339 2319 2572 2388 Christi
2609 2320 2912 2387 fidelibus

681 2429 910 2514 quibus
964 2435 1296 2513 presentes
1349 2426 1771 2494 ostenduntur
1819 2428 2096 2493 salutem
2146 2429 2212 2494 in
2247 2429 2527 2493 omnium
2561 2428 2914 2494 saluatore.

676 2538 779 2604 Ad
810 2537 1256 2603 vniuersorum
1307 2535 1611 2602 noticiam
1663 2542 1886 2601 tenore
1925 2535 2331 2620 presencium
2363 2534 2662 2602 uolumus
2693 2539 2915 2620 perfie-

678 2646 855 2731 nire‚
903 2644 1075 2729 quod
1125 2643 1212 2709 ad
1262 2650 1546 2710 nostram
1599 2645 1919 2710 accedens
1957 2645 2366 2727 presenciam
2405 2644 2643 2710 nobilis
2675 2646 2773 2709 vir
2805 2644 2920 2711 Co-

679 2774 813 2819 mes
876 2753 1110 2819 Erdew
1169 2751 1340 2817 filius
1404 2752 1672 2818 Comitis
1737 2751 2043 2837 Sybrydy
2106 2769 2382 2816 unacum
2452 2750 2721 2818 Otowch
2782 2751 2918 2819 filio

681 2859 943 2927 Comitis
976 2859 1219 2927 Detrici
1255 2859 1512 2925 homine
1543 2858 1794 2943 Wgrini
1829 2859 2124 2943 Magistri
2146 2859 2654 2926 Tauarnicorum
2675 2859 2917 2925 domini

679 2967 876 3051 Regis
938 2967 1225 3035 exhibuit
1275 2968 1462 3034 nobis
1512 2967 1764 3034 litteras
1826 2967 2034 3052 ipsius
2084 2967 2379 3050 Magistri
2445 2968 2696 3053 Wgrini
2748 2968 2918 3034 hunc

678 3084 960 3143 tenorem
998 3078 1433 3142 continentes:

893 3184 1063 3251 Viris
1098 3184 1410 3268 discretis,
1450 3183 1676 3249 amicis
1711 3184 1844 3251 suis
1875 3183 2269 3251 Reuerendis
2308 3184 2606 3270 Capitulo
2629 3185 2921 3253 Budensi

683 3293 986 3378 Wgrinus
1049 3292 1355 3377 Magister
1414 3291 1915 3359 inclinacionem
1980 3299 2043 3357 et
2102 3292 2395 3359 amicicie
2455 3295 2918 3360 constanciam.

683 3403 840 3469 Cum
890 3421 1005 3468 nos
1061 3401 1368 3487 respectis
1419 3401 1838 3468 societatibus
1893 3409 1954 3467 et
2006 3400 2317 3486 amicicijs
2366 3403 2599 3470 Erdew
2647 3403 2917 3470 Comitis

678 3511 994 3597 quasdam
1046 3510 1239 3576 uillas
1288 3516 1540 3576 nostras
1587 3508 1837 3576 Pethen
1884 3514 2151 3576 uocatas
2202 3511 2410 3576 eidem
2463 3510 2920 3578 contulerimus

681 3628 987 3707 perpetuo
1038 3616 1503 3704 possidendaS,
1554 3616 1914 3683 amiciciam
1967 3623 2249 3684 uestram
2300 3619 2680 3701 requirimus
2732 3620 2918 3686 confi·

683 3731 939 3814 denter3
987 3734 1304 3811 quatenus
1358 3725 1600 3792 homini
1651 3732 1871 3791 nostro
1924 3725 2201 3792 Ocowch
2253 3728 2511 3793 nomine
2542 3727 2709 3794 detis
2742 3728 2918 3794 testi·

682 3837 999 3919 monium,
1064 3854 1278 3902 coram
1326 3854 1452 3917 quo
1506 3832 1678 3898 idem
1730 3832 1919 3899 homo
1972 3842 2188 3900 noster
2239 3835 2438 3901 vadat
2469 3842 2532 3901 et
2566 3836 2924 3902 reambulet

683 3954 890 4013 terras
923 3943 1008 4011 ad
1037 3943 1213 4030 ipsas
1244 3943 1440 4009 uillas
1469 3943 1900 4026 pertinentes,
1952 3949 2015 4009 et
2056 3944 2287 4009 erectis
2319 3945 2506 4009 metis
2530 3943 2723 4026 juxta
2754 3943 2920 4009 anti·

683 4074 863 4138 quas,
912 4059 976 4119 et
1004 4057 1249 4117 statuat
1278 4050 1508 4116 Erdew
1541 4057 1901 4135 prenotato.
1935 4053 2220 4117 Petimus
2245 4053 2470 4137 eciam,
2506 4051 2675 4134 quod
2709 4058 2919 4118 uestro

680 4161 1019 4248 priuilegio
1049 4158 1230 4244 ipsas
1264 4157 1552 4224 debeatis
1583 4157 1982 4242 confirmare,
2033 4164 2217 4243 prout
2267 4156 2333 4224 in
2368 4165 2582 4226 nostro
2616 4159 2918 4226 uidebitis

685 4268 1022 4337 contineri.

893 4380 1027 4446 Nos
1076 4375 1507 4461 igitur²³ipsius
1540 4375 1728 4443 iustis
1759 4375 2183 4461 peticionibus
2214 4378 2530 4464 inclinati,
2565 4398 2710 4444 cum
2743 4376 2917 4443 dicto

688 4486 953 4554 Otowch
1005 4487 1260 4554 homine
1310 4507 1427 4553 suo
1477 4487 1764 4554 misimus
1818 4509 2012 4553 unum
2053 4508 2131 4553 ex
2161 4489 2348 4554 nobis
2379 4488 2705 4574 ydoneum
2740 4495 2802 4554 et
2832 4485 2920 4552 di·

686 4601 956 4663 scretum
982 4646 1001 4680 ,
1049 4595 1427 4679 Magistrum
1478 4595 1859 4679 Gregorium
1911 4594 2356 4663 karissismum
2407 4596 2650 4664 socium
2682 4603 2744 4662 et
2774 4617 2921 4663 con·
