3319 5249
1400 375 1527 442 169

315 583 548 664 gnaret
575 574 727 643 filiis
778 574 965 642 Baan
1014 579 1080 641 et
1128 572 1282 642 filiis
1334 573 1566 643 Oosme
1614 570 2027 659 supradictis,
2077 570 2582 642 contradictores

317 684 739 753 nihilominus
771 684 859 751 ad
889 690 1178 752 nostram
1231 684 1640 770 presenciam
1672 682 2024 757 euocando.
2071 680 2262 762 Quod
2314 678 2579 765 quidem

319 792 700 880 Capitulum
729 789 986 858 demum
1019 791 1352 877 rescripsit
1382 791 1590 876 nobis,
1624 791 1832 877 ipsam
1866 797 2104 858 terram
2136 807 2283 858 esse
2302 808 2579 856 vacuam

318 909 382 973 et
413 906 636 969 nostre
670 897 1013 966 collacioni
1045 898 1498 984 pertinentem,
1550 905 1613 964 et
1653 897 1824 980 quod
1855 896 1922 964 in
1955 897 2249 965 eiusdem
2283 895 2577 964 reambu-

314 1010 571 1079 lacione
606 1016 671 1076 et
702 1009 1065 1076 statucione
1097 1006 1315 1075 nullus
1347 1007 1672 1076 extitisset
1703 1008 2154 1076 contradictor.
2184 1008 2321 1074 Nos
2353 1003 2579 1091 itaque

318 1117 808 1186 considerantes
870 1115 1096 1183 fidelia
1172 1116 1484 1200 obsequia
1552 1111 1829 1199 predicti
1880 1114 2180 1199 Magistri
2229 1113 2451 1181 Barlai
2510 1114 2578 1179 in

315 1225 616 1295 omnibus
651 1221 1181 1309 expedicionibns
1217 1227 1281 1289 et
1309 1222 1535 1289 arduis
1568 1221 1766 1289 sactis
1802 1224 2026 1307 Regno
2066 1221 2347 1288 fideliter
2387 1221 2564 1289 exhi·

317 1335 478 1420 bita,
527 1331 937 1402 attendentes
985 1331 1192 1398 eciam
1245 1328 1741 1415 promissionem
1781 1327 2055 1414 predicti
2077 1361 2084 1370 ·
2103 1314 2349 1397 domini
2380 1329 2581 1414 Regis

316 1442 424 1507 aui
456 1441 666 1508 nostri
695 1440 864 1526 ipsis
898 1439 1160 1526 factam,
1211 1444 1635 1507 memoratam
1685 1446 1928 1506 terram
1978 1439 2230 1506 Bossan
2280 1437 2409 1525 ipsi
2441 1439 2573 1505 Ma·

316 1550 522 1634 gistro
561 1550 817 1634 Barleo‚
864 1569 984 1616 nec
1034 1568 1163 1615 non
1217 1545 1595 1634 Budimero,
1638 1548 1964 1633 Jeruslao,
2014 1546 2324 1630 Gregorio
2363 1545 2578 1613 fratri-

315 1660 435 1727 bus
468 1657 628 1744 suis,
662 1679 741 1725 ac
774 1657 978 1723 eciam
1021 1656 1175 1723 filiis
1210 1655 1440 1724 Cosme
1492 1655 1803 1723 auunculi
1855 1656 1956 1722 sui
1990 1654 2349 1741 supradicti
2380 1661 2444 1721 et
2477 1672 2578 1720 eo·

318 1788 458 1834 rum
494 1765 775 1852 posteris
807 1785 886 1831 ac
917 1764 1401 1832 successoribus
1433 1763 1497 1830 in
1532 1762 1979 1831 concambium
2020 1763 2162 1831 sine
2192 1760 2576 1848 permutaci-

316 1895 507 1941 onem
569 1879 883 1940 terrarum
946 1891 1204 1939 suarum
1242 1873 1422 1956 ipsos
1471 1871 1537 1937 in
1585 1876 1763 1938 terra
1812 1870 2124 1937 Sarkowz
2176 1877 2241 1937 et
2288 1868 2440 1936 aliis
2492 1866 2578 1935 ad

316 1980 642 2067 Visegrad
670 1970 1114 2067 spectantibus
1164 1980 1686 2064 contingent-ium
1737 1999 1883 2047 cum
1934 1979 2229 2047 omnibus
2280 1977 2574 2046 vtilitati-

319 2091 438 2157 bus
491 2107 572 2155 ac
624 2087 943 2154 vniuersis
995 2081 1510 2155 circumstaneiis
1561 2086 1698 2155 suis
1754 2086 2055 2155 dedimus
2098 2088 2484 2155 donauimus
2516 2093 2580 2154 et

320 2196 715 2265 contulimus
736 2195 889 2281 jure
919 2203 1232 2283 perpetuo
1269 2202 1333 2262 et
1365 2195 1885 2264 irreuocabiliter
1922 2194 2403 2282 possidendam,
2452 2196 2576 2262 sub

306 2304 546 2387 *iisdem
579 2304 769 2370 metis
801 2308 866 2370 et
896 2301 1206 2386 terminis,
1245 2302 1476 2386 quibus
1506 2302 1721 2388 ipsum
1753 2304 2054 2371 Castrum
2074 2302 2326 2388 habuit,
2361 2301 2569 2370 tenuit

317 2420 381 2480 et
414 2410 733 2498 possedit.
780 2398 868 2479 Vt
889 2410 1088 2494 igitur
1119 2408 1311 2477 huius
1344 2417 1566 2478 nostre
1598 2411 1985 2480 donacionis
2010 2412 2215 2480 series
2247 2414 2442 2480 robur
2473 2411 2577 2478 ob·

321 2521 531 2590 tineat
562 2524 881 2605 perpetue
911 2517 1256 2603 firmitatis,
1304 2536 1424 2584 nec
1456 2538 1764 2603 processu
1813 2526 2177 2606 temporum
2209 2541 2328 2606 per
2360 2540 2577 2605 qnem-

321 2628 502 2716 piam
534 2629 758 2695 valeat
787 2627 854 2693 in
883 2627 1134 2693 irritum
1165 2627 1475 2716 reuocari,
1509 2634 1843 2713 presentes
1875 2627 2111 2696 iisdem
2143 2628 2578 2698 concessimus

318 2739 572 2805 litteras
623 2734 952 2821 dupplicis
1005 2733 1211 2820 sigilli
1264 2734 1465 2802 nostri
1519 2719 2284 2805 munimine'roboratas.
2332 2737 2579 2805 Datum

319 2865 435 2931 per
467 2863 701 2911 manus
730 2842 1126 2910 venerabilis
1158 2841 1280 2909 viri
1311 2843 1559 2912 Thome
1592 2845 1807 2911 Electi
1846 2845 2150 2913 Albensis
2182 2848 2334 2914 aule
2354 2853 2574 2913 nostre

317 2951 900 3022 Vim-cancellarii
919 2949 1138 3020 dilecti
1160 2958 1224 3019 et
1245 2952 1456 3020 fidelis
1480 2955 1719 3035 nostri,
1755 2975 1925 3021 anno
1946 2953 2211 3022 Domini
2231 2953 2577 3022 millesimo

321 3060 456 3127 00⁰
490 3059 978 3145 septuagesimo
1008 3062 1302 3147 septimo,
1350 3063 1557 3146 Regni
1589 3067 1807 3131 autem
1840 3064 2044 3131 nostri
2079 3084 2251 3130 anno
2283 3068 2487 3130 sexto.

320 3242 394 3304 (Δ
425 3238 633 3307 ὶίτέίγί
660 3238 823 3293 fiscus
851 3238 907 3293 es
934 3238 1431 3309 neuterczebatnya
1480 3241 1639 3295 varos
1682 3243 1829 3296 kozti
1875 3243 2102 3310 egykori
2121 3242 2425 3312 jogpernek
2447 3243 2577 3294 mel·

1310 3331 1559 3399 leklete.)
