3319 5249
1331 327 1462 397 393

1303 975 1456 1043 280.

273 1195 558 1260 Erum
611 1192 820 1280 ifjabh
870 1193 1310 1278 kirdlyne'nak
1362 1216 1439 1257 az
1485 1193 1646 1281 Εμι
1678 1191 1932 1259 manati
1959 1195 2290 1278 kirdlync'i
2304 1193 2523 1280 faedat
2600 1175 2615 1185 ’

359 1305 670 1388 tdrqyazo
704 1299 1069 1386 adomdnya
1099 1323 1176 1366 az
1209 1304 1587 1389 eszteryami
1619 1303 1861 1389 ethdz
1891 1305 2209 1367 szdmdra.
2248 1300 2444 1365 1284.

486 1515 824 1582 Elisabeth
857 1514 979 1582 Dei
1013 1513 1243 1601 gracia
1265 1513 1522 1598 'Regina
1553 1513 1892 1601 Hungarie
1925 1515 2223 1582 omnibus
2274 1513 2517 1582 Christi

269 1621 568 1690 fidelihus
619 1630 754 1689 tam
803 1625 1217 1709 presentibus
1271 1642 1466 1707 quam
1498 1623 1737 1690 futuris
1768 1629 2103 1708 presentes
2136 1622 2394 1690 litteras
2430 1622 2524 1689 in·

270 1730 599 1798 tuentibus
648 1731 927 1797 salutem
962 1731 1028 1797 in
1062 1751 1215 1800 uero
1248 1729 1546 1797 salutari.
1582 1733 1680 1797 De
1713 1729 2118 1815 singulorum
2153 1729 2525 1815 prouisione

271 1835 555 1922 solliciti,
609 1836 779 1904 circa
827 1844 1098 1904 matrem
1147 1837 1454 1904 Sanctam
1503 1837 1883 1923 Ecclesiam,
1933 1856 2126 1921 quarn
2178 1837 2352 1904 cultu
2386 1858 2526 1922 pre·

270 1945 465 2030 cipuo
486 1963 889 2028 ueneramur,
909 1964 1132 2011 curam
1153 1946 1461 2011 debemus
1483 1943 1852 2031 impendere
1874 1944 2244 2033 specialem,
2264 1951 2341 2010 ut
2387 1946 2527 2034 Deo

272 2051 686 2134 famulantes,
736 2049 941 2137 Regio
993 2052 1239 2120 inducti
1291 2052 1620 2137 beneflcio,
1672 2053 1890 2136 quiete
1925 2053 2170 2134 uiuant,
2208 2060 2270 2119 et
2302 2051 2527 2136 placa·

274 2159 474 2224 bilem
508 2159 743 2226 ostiam
776 2161 1004 2238 offerre
1038 2162 1301 2229 ualeant
1333 2181 1548 2229 coram
1584 2162 1723 2227 Deo
1774 2154 2048 2227 Proinde
2081 2160 2167 2226 ad
2200 2160 2527 2226 vninerso-

274 2287 417 2333 rum
470 2268 777 2335 notio³am
826 2274 958 2334 tam
1011 2270 1415 2354 presencium
1467 2289 1659 2353 quam
1707 2266 2063 2334 futurorum
2100 2267 2324 2334 harum
2361 2265 2530 2334 serie

276 2374 580 2442 uolumus
628 2376 993 2461 peruenire,
1032 2376 1203 2460 quod
1254 2396 1399 2442 cnm
1434 2381 1582 2459 post
1614 2376 2110 2442 coronacionem
2145 2382 2430 2442 nostram
2463 2375 2530 2441 in

276 2483 489 2569 primo
519 2481 812 2550 introitus
842 2483 1043 2551 nostri
1076 2484 1145 2550 in
1178 2484 1523 2551 ecclesiam
1556 2482 2085 2569 Strigouiensem,
2120 2485 2202 2550 ob
2235 2482 2530 2549 deuocio·

279 2611 445 2673 nem,
469 2609 662 2676 quam
695 2589 802 2677 pie
822 2590 1057 2658 mentis
1078 2591 1315 2659 affeetu
1348 2591 1633 2677 gerimus
1670 2610 1827 2676 erga
1855 2592 2164 2659 Sanctum
2199 2590 2525 2659 martirem

278 2696 723 2785 Adalbertum,
773 2698 1298 2783 promisissemus
1352 2699 1609 2765 nomine
1641 2700 1969 2768 offertorio
2002 2699 2249 2786 prefate
2284 2697 2528 2782 Strigo·

280 2806 495 2873 niensi
516 2805 895 2873 Ecclesiein
916 2806 1170 2873 decenti
1211 2807 1622 2893 possessione
1656 2807 2057 2889 benignitate
2090 2805 2279 2873 solita
2312 2808 2528 2893 proui-

285 2914 477 2999 dere3
529 2933 847 2981 memores
905 2914 1274 2981 huiusmodi
1311 2914 1756 3001 promissionis
1808 2924 2066 2998 nostre3
2124 2912 2531 2981 attendentes

284 3022 768 3110 nichilominus,
797 3021 891 3087 nil
924 3028 1059 3088 tam
1118 3041 1264 3089 esse
1324 3022 1584 3089 salubre
1614 3030 1876 3106 tamque
1907 3024 2105 3108 pium,
2141 3041 2533 3106 quamquam

285 3132 458 3221 (igy)
483 3133 798 3219 EcclesiJs
821 3133 1053 3217 Dei‚ct
1072 3134 1370 3219 personis
1404 3133 1469 3198 in
1504 3132 1746 3201 eisdem
1783 3135 1919 3201 Deo
1954 3134 2187 3216 iugiter
2219 3129 2537 3196 famulan-

284 3242 483 3330 tibus,
527 3243 956 3325 prouisionem
990 3241 1203 3309 facere
1234 3243 1617 3327 specialem:
1651 3241 1772 3308 hac
1805 3240 2325 3308 consideracione
2359 3236 2536 3303 indu-

286 3356 407 3432 cte,
438 3348 769 3433 quandam
802 3357 1040 3423 terram
1076 3357 1358 3418 nostram
1391 3349 1796 3433 Reginalem,
1835 3369 1978 3415 cum
2011 3356 2186 3413 terra
2217 3347 2383 3413 dicte
2418 3345 2532 3411 Ec·

286 3455 492 3522 elesie
542 3456 1006 3541 strigoniensis
1059 3459 1219 3544 Epel
1276 3464 1508 3524 uocata
1546 3457 1796 3524 mixtim
1831 3455 2257 3540 adiacentem,
2292 3453 2377 3519 ad
2409 3451 2534 3517 dno

285 3569 511 3632 aratra
558 3565 1004 3653 sufficientem,
1061 3585 1254 3652 super
1297 3587 1427 3650 qua
1473 3565 1901 3634 exercituales
1933 3562 2155 3649 populi
2187 3560 2541 3644 Reginales*

288 3671 684 3757 residebant,
741 3673 804 3737 in
844 3681 1220 3759 perpetuam
1254 3673 1696 3758 elemosinam,
1728 3679 1791 3739 et
1819 3673 1900 3739 ob
1938 3667 2285 3738 remedium
2320 3668 2535 3735 anime

286 3781 702 3848 Serenissimi
741 3779 985 3848 domini
1019 3782 1218 3866 Regis
1249 3782 1562 3869 Stephani
1594 3779 1771 3849 clare
1806 3776 2279 3847 recordacionis
2332 3776 2540 3843 soceri

285 3887 515 3974 nostri,
566 3886 775 3956 eidem
826 3887 1118 3956 Ecclesie
1167 3888 1600 3972 Strigoniensi
1632 3888 1714 3954 de
1746 3886 2151 3973 plenidutine
2182 3884 2403 3969 gracie
2431 3904 2539 3950 no-

290 4004 443 4083 stre,
467 4014 547 4064 ex
566 4004 745 4063 certa
765 3996 1045 4064 sciencia
1074 4004 1139 4064 et
1170 4018 1351 4064 mera
1379 3995 1793 4079 liberalitate,
1827 3994 2143 4078 dedimus,
2157 3991 2542 4059 donauimus

293 4112 359 4172 ct
390 4104 781 4172 contulimus
812 4100 1123 4192 perpetuo
1154 4104 1420 4191 pacifice
1452 4102 1937 4191 possidendam,
1972 4104 2056 4170 ab
2085 4120 2204 4168 usu
2258 4104 2322 4166 et
2368 4104 2543 4184 potc-

295 4219 467 4281 statc
499 4212 846 4280 eorundem
880 4212 1262 4299 populorum
1315 4210 1809 4279 exercitualium
1860 4230 2020 4296 pure
2067 4214 2133 4276 et
2162 4206 2565 4295 simpliciter'

295 4318 657 4390 eximendo.
701 4320 789 4388 Ut
816 4319 1017 4407 igitur
1044 4318 1166 4387 hec
1205 4325 1431 4388 nostra
1462 4317 1740 4387 donacio
1788 4317 1980 4385 robur
2010 4320 2322 4402 perpetue
2352 4312 2540 4382 firmi·

293 4429 452 4497 tatis
509 4428 821 4517 obtineat,
870 4448 993 4497 nec
1041 4426 1177 4495 ullo
1227 4448 1510 4513 unquam
1564 4433 1853 4513 tempore
1904 4425 2127 4492 ualeat
2159 4422 2545 4508 retractari3

297 4543 630 4624 presentes
684 4535 981 4604 dedimus
1031 4534 1302 4623 litteras,
1354 4533 1681 4623 dupplicis
1713 4530 1923 4620 sigilli
1952 4529 2156 4601 nostri
2189 4527 2540 4600 munimine

298 4649 655 4717 roboratas.
707 4646 951 4713 Datum
1003 4664 1121 4733 per
1171 4664 1401 4711 manus
1447 4640 1845 4710 uenerabilis
1876 4639 2081 4725 patris
2115 4636 2364 4706 'rhome
2396 4633 2545 4720 Epi·
