3319 5249
1757 292 2068 388 „2⁵24-

770 488 958 552 mina
977 485 1316 553 Elisabeth
1339 492 1564 553 nostra
1597 507 1780 554 soror
1799 486 2174 573 karissima,
2209 487 2382 571 quod
2403 507 2519 556 vos
2538 488 2857 571 quosdam
2881 512 3035 557 mer·

773 600 1026 661 catores
1053 594 1135 660 de
1154 595 1602 661 Zolunkemen
1621 601 1686 660 et
1705 593 1787 659 de
1799 594 2068 661 Zemlen
2086 615 2216 662 non
2235 594 2448 662 soluto
2466 596 2713 664 tributo
2732 606 3036 667 consueto

773 702 958 769 abire
990 702 1398 787 permisistis.
1431 699 1619 767 Vnde
1652 721 1797 767 cum
1829 720 1950 786 per
1979 701 2103 767 hoc
2131 702 2262 768 iuri
2293 703 2500 788 ipsius
2532 704 2793 772 domine
2822 705 3035 773 Elisa-

773 810 930 877 beth
995 830 1130 877 non
1179 809 1503 876 modicum
1554 808 1937 893 derogetur3
1993 807 2292 876 fidelitati
2347 818 2559 878 vestre
2612 813 3030 899 precipiendo

772 919 1183 1005 mandamus,
1249 924 1569 1002 quatenus
1630 917 1850 985 statim
1903 916 2063 985 uisis
2124 918 2534 1003 presentibus
2596 920 2680 987 ab
2743 921 3036 988 omnibus

778 1027 1156 1094 mercatoris
1180 1023 1354 1113 (igy)
1389 1026 1471 1092 de
1530 1026 1979 1093 Zolunkemen
2012 1032 2079 1092 et
2137 1026 2221 1093 de
2280 1026 2569 1094 Zemlem
2629 1048 2710 1094 ac
2741 1028 2829 1095 ab
2889 1029 3036 1114 alijs

774 1133 1281 1217 quibuscumque
1312 1133 1616 1201 tributum
1649 1141 2027 1203 consuetum
2059 1133 2200 1201 dari
2234 1140 2301 1201 et
2337 1135 2622 1220 persolui
2641 1136 2905 1205 faciatis
2956 1157 3033 1203 ex

776 1244 1056 1330 integro,
1086 1263 1215 1310 non
1247 1243 1665 1310 obstantibus
1695 1244 1936 1310 litteris
2008 1243 2268 1330 nostris,
2319 1246 2376 1311 si
2426 1265 2556 1327 que
2604 1264 2719 1328 per
2773 1243 3033 1311 eosdem

779 1356 1170 1417 mercatores
1202 1348 1442 1417 fuerint
1473 1354 1868 1435 presentate.
1904 1349 2202 1416 Ceterum
2235 1351 2558 1436 uolumus,
2594 1351 2769 1434 quod
2802 1352 2886 1417 de
2923 1351 3027 1416 tri·

787 1457 938 1523 buto
957 1507 978 1541 ,
1032 1455 1208 1540 quod
1240 1478 1358 1542 per
1409 1465 1698 1524 uestram
1748 1457 2228 1542 negligenciam
2279 1478 2412 1524 non
2463 1465 2564 1525 est
2612 1455 3031 1544 persolutum,

784 1564 1171 1632 officialibus
1221 1563 1508 1633 eiusdem
1541 1564 1801 1632 domine
1835 1564 2171 1633 Elisabeth
2233 1563 2673 1632 omnimodam
2736 1565 3031 1632 satisfac·

786 1670 1037 1736 cionem
1069 1672 1483 1757 impendatis,
1518 1672 1780 1739 remotis
1812 1691 2032 1739 amore
2052 1724 2070 1755 ,
2128 1672 2357 1738 timore
2389 1673 2498 1739 uel
2533 1671 2758 1739 fauore
2790 1674 3031 1755 aliquo-

784 1800 965 1864 rum;
998 1779 1151 1864 quia
1181 1780 1503 1868 uolumus,
1568 1782 1739 1864 quod
1787 1800 2008 1855 omnes
2040 1786 2431 1849 mercatores
2462 1782 2772 1851 tributum
2824 1781 3032 1847 karis-

781 1887 946 1957 sime
975 1889 1183 1956 sorori
1212 1896 1432 1955 nostre
1465 1887 1751 1956 debitum
1783 1890 2162 1974 persoluant
2180 1890 2366 1954 iuxta
2401 1887 2936 1956 consuetudinem
2957 1889 3035 1954 ab

786 1996 1054 2081 antiquo
1086 1999 1519 2064 obseruatam.
1584 1999 1823 2064 Datum
1888 1998 2070 2064 Bude
2130 1997 2199 2064 in
2231 2000 2479 2065 octauis
2527 1997 2703 2065 Petri
2760 2006 2826 2065 et
2854 2000 3033 2065 Pauli

782 2103 1243 2190 Apostolorum
1276 2125 1449 2173 anno
1482 2105 1744 2173 Domini
1774 2104 2017 2171 M⁰CC⁰
2045 2106 2441 2190 octagesimo
2473 2108 2770 2193 septimo.

784 2303 1063 2368 (Eredetie
1112 2299 1461 2370 b6rhssrtyan,
1521 2300 1764 2370 pecsetje
1820 2302 2096 2363 elveszett,
2147 2317 2182 2353 ι
2218 2304 2385 2355 budai
2435 2306 2539 2356 kir.
2577 2307 2825 2361 kamarai
2873 2302 3030 2356 level·

1792 2389 2027 2457 tarban.)

1703 2663 2127 2676 ———-—·

1855 3213 2002 3280 325.

790 3416 837 3478 Ι
840 3413 908 3477 V.
943 3413 1177 3478 Ldszld
1207 3397 1443 3496 kirdly,
1505 3414 1670 3497 hoyy
1703 3437 1744 3475 a
1778 3413 2164 3498 nyz'clsziyeti
2223 3413 2674 3495 apdczaza'rda
2722 3411 3032 3498 joyaiban

788 3525 1072 3604 hdtra'my
1105 3542 1181 3584 ne
1211 3521 1554 3603 tb'rte‘njen,
1589 3519 2006 3604 meqtayadja
2045 3518 2240 3582 Buda
2279 3520 2556 3582 vcirdstdl
2587 3542 2626 3581 α
2660 3521 2798 3582 ke'rt
2831 3518 3038 3581 vcisciri

1557 3628 2022 3711 joyosae'tvcinyt.
2059 3625 2254 3688 1287.

1003 3825 1138 3891 Nos
1158 3822 1507 3891 Ladizlaus
1528 3824 1651 3889 Dei
1683 3820 1904 3905 gracia
1923 3824 2063 3888 Rex
2088 3822 2374 3905 Vngarie
2393 3825 2705 3890 memorie
2727 3844 3037 3891 commen·

794 3932 1024 4000 damus
1058 3932 1503 4014 significantes
1537 3932 1774 4016 quibus
1808 3930 2072 4015 expedit
2106 3928 2447 4016 vniuersis,
2480 3930 2653 4013 quod
2688 3932 2847 3997 licet
2868 3933 3040 3997 ciues

800 4041 1011 4108 nostri
1043 4040 1126 4106 de
1159 4040 1389 4107 Castro
1422 4039 1710 4107 Budensi
1741 4062 1783 4106 a
1823 4041 2006 4106 nobis
2041 4039 2425 4125 petiuissent
2462 4041 2840 4106 annuantim
2889 4060 3038 4106 nun·

793 4149 985 4215 (linas
1017 4149 1375 4231 celebrari3
1410 4154 1647 4230 tamen,
1684 4148 1838 4232 quia
1869 4146 2426 4215 considerauimus
2462 4148 2790 4214 sororibus
2825 4146 2906 4213 de
2950 4150 3039 4214 In-

791 4258 939 4323 sula
968 4255 1258 4339 Virginis
1292 4253 1589 4323 Gloriose
1620 4254 1968 4340 dampnum
2002 4275 2116 4339 per
2167 4255 2291 4322 hoc
2340 4254 2407 4320 in
2457 4255 2695 4322 tributo
2752 4275 2868 4321 suo
2922 4276 3038 4321 non

793 4364 1117 4431 modicum
1152 4365 1471 4448 generari,
1525 4364 1612 4430 ad
1673 4363 2063 4449 peticionem
2094 4372 2157 4430 et
2204 4361 2596 4431 instanciam
2628 4362 2887 4429 domine
2918 4363 3041 4430 Eli·

792 4471 1026 4538 sabeth
1055 4472 1296 4538 sororis
1343 4479 1563 4539 nostre
1612 4472 1960 4539 karissime
1994 4471 2451 4556 concessimus,
2485 4476 2554 4536 ut
2584 4471 2729 4554 ipse
2758 4470 3040 4537 nundine

797 4601 928 4650 nou
960 4578 1240 4648 debeant
1270 4579 1627 4661 celebrari,
1694 4586 1883 4666 prout
1932 4579 2176 4647 eisdem
2225 4578 2475 4646 ciuibus
2513 4596 2888 4645 concessum
2917 4599 3039 4645 non
