3319 5249
1432 352 1558 421 197

354 553 787 641 predictorum
819 554 1096 620 filiorum
1129 552 1318 620 Pauli
1351 551 1640 638 Comitis,
1689 552 1757 619 in
1791 569 1980 636 quem
2016 572 2143 618 non
2165 551 2376 617 solum
2400 550 2620 618 inclite

358 662 832 729 recordacionis
873 660 1117 728 domini
1145 660 1464 745 Stephani
1486 659 1694 746 patris
1716 659 1942 738 nostri,
1975 659 2391 726 Serenissimi
2420 642 2620 745 Regis

355 770 726 857 Hungarie,
777 789 999 838 verum
1052 771 1259 837 eciam
1311 768 1709 856 temporibus
1743 773 1982 837 nostris
2035 789 2106 835 se
2155 769 2620 836 miserabiliter

355 879 798 964 ingesserunt3
849 880 999 945 dum
1033 878 1208 946 idem
1241 879 1540 965 Gregen,
1586 885 1656 945 vt
1707 875 2138 965 predictorum
2178 876 2443 943 fratrum
2475 894 2620 943 suo·

356 1010 495 1055 rum
528 987 787 1054 Nicolai
820 997 884 1054 et
920 986 1237 1074 Stephani
1287 984 1464 1054 sacta
1516 986 1796 1053 attrocia
1847 988 2026 1053 velut
2056 985 2349 1069 notoria,
2397 989 2620 1051 nostre

354 1117 421 1162 se
451 1095 779 1162 Maiestati
829 1116 974 1163 cum
1027 1097 1164 1163 suis
1199 1115 1387 1181 comp
1405 1094 1638 1161 licibus
1689 1113 2014 1179 opponere
2065 1113 2230 1160 ausu
2277 1092 2620 1159 temerario

354 1225 478 1269 non
514 1202 898 1291 formidans,
929 1210 1155 1271 vastus
1192 1211 1258 1269 et
1287 1201 1590 1269 incendia
1634 1223 1752 1287 per
1784 1203 2088 1286 Regnum
2120 1208 2411 1269 nostrum
2444 1201 2624 1267 velut

356 1312 563 1379 hostis
596 1312 898 1397 publicus
932 1311 1219 1380 exercuit
1250 1312 1674 1395 incessanter,
1723 1309 1833 1392 qui
1879 1309 2143 1376 tandem
2179 1317 2425 1395 captus,
2458 1316 2523 1375 et
2555 1308 2622 1373 in

356 1427 577 1488 nostra
605 1421 906 1486 redactus
939 1418 1237 1505 vincula‘,
1291 1418 1842 1504 dampnacionem
1896 1417 2201 1484 sustinuit
2253 1416 2479 1484 mortis
2508 1436 2624 1502 per

355 1536 571 1596 nostre
605 1527 936 1595 sentencie
969 1529 1290 1596 calculum
1333 1526 1516 1593 iuxta
1566 1546 1830 1593 suorum
1855 1526 2265 1611 exigenciam
2302 1522 2625 1613 (de)meri-

356 1645 583 1703 torum.
635 1637 795 1703 Cum
829 1633 1065 1703 decens
1131 1635 1217 1701 sit
1269 1641 1333 1702 et
1385 1636 1784 1701 conueniens
1836 1635 2027 1701 bonis
2060 1636 2309 1720 premia
2340 1633 2622 1718 elargiri,

357 1745 538 1811 malis
574 1763 726 1811 vero
763 1743 1088 1829 supplicia
1115 1741 1335 1809 debita
1364 1741 1675 1827 irrogari3
1716 1742 2149 1826 volentesque
2181 1742 2419 1829 prefati
2448 1740 2620 1808 Petri

356 1851 786 1939 peticionibus
822 1871 1165 1936 assurgere
1204 1858 1389 1933 grato
1424 1872 1569 1917 cum
1606 1848 1881 1933 fauore,
1930 1850 2040 1932 qui
2089 1853 2152 1917 in
2205 1852 2485 1936 quadam
2520 1870 2625 1917 ex-

357 1960 694 2047 pedicione
745 1961 1019 2047 predicti
1077 1960 1344 2045 gloriosi
1399 1959 1594 2044 Regis
1653 1959 1983 2044 Stephani
2034 1961 2238 2046 patris
2270 1958 2471 2026 nostri
2501 1961 2623 2026 sub

355 2066 624 2153 Budum,
655 2068 1088 2136 relacionibus
1139 2068 1467 2155 veridicis,
1512 2069 1716 2133 t'crtur
1757 2065 1958 2134 letale
2014 2069 2221 2135 wlnus
2255 2066 2624 2137 dimicando

359 2199 496 2244 eum
531 2177 820 2245 hostibus
854 2178 1231 2263 excepisse:
1283 2176 1521 2243 dictam
1578 2184 1824 2243 terram
1875 2175 2215 2261 Zekulhyd
2250 2196 2391 2242 cum
2425 2175 2625 2243 omni-

359 2288 474 2353 bus
509 2286 903 2353 Vtilitatibus
956 2286 1091 2353 suis
1145 2292 1208 2351 et
1257 2286 1688 2372 pertinencijs
1744 2284 1953 2351 eidem
1995 2287 2185 2351 Petro
2218 2291 2283 2351 et
2314 2283 2626 2353 fratribus

358 2397 488 2463 suis
522 2396 872 2463 nominatis
926 2416 1004 2462 ac
1055 2415 1275 2462 eorum
1327 2394 1699 2462 heredibus
1750 2396 1817 2461 in
1853 2394 2167 2481 premium
2198 2391 2624 2460 laudabilium

356 2505 750 2591 meritorum,
784 2526 861 2572 ac
896 2503 963 2571 in
997 2507 1678 2590 recompensacionem
1722 2503 2151 2592 dampnorum
2173 2509 2238 2570 et
2256 2502 2625 2571 destructio·

350 2634 498 2680 num
531 2613 1013 2699 possessionum
1047 2613 1412 2701 eorundem,
1448 2634 1575 2697 que
1608 2612 1819 2681 dictus
1853 2610 2112 2696 Gregen
2147 2613 2240 2680 eis
2271 2610 2625 2684 fecisseet

360 2721 648 2790 intulisse
680 2721 920 2787 dicitur
941 2773 957 2804 ,
1007 2721 1157 2788 dum
1190 2723 1317 2808 ipsi
1353 2724 1419 2788 in
1454 2722 1762 2809 predicto
1816 2729 2035 2790 nostro
2069 2731 2287 2789 essent
2319 2721 2622 2807 exercitu,

357 2831 650 2897 dedimus
686 2837 750 2896 et
783 2829 1183 2917 contulimus,
1223 2831 1382 2914 quin
1407 2831 1649 2916 pocius
1672 2830 2071 2898 restituimus
2105 2836 2170 2897 et
2199 2828 2623 2905 reddidimus,

365 2940 530 3005 velut
562 2938 871 3022 ipsorum,
908 2945 979 3005 vt
1011 2937 1286 3026 dicitur,
1341 2938 1818 3006 hereditariam
1870 2945 2185 3026 perpetuo
2219 2946 2282 3006 et
2312 2940 2625 3007 irreuoca-

357 3048 573 3114 biliter
624 3046 1102 3132 possidendam.
1176 3049 1251 3113 In
1305 3048 1488 3114 cuius
1545 3048 1639 3114 rei
1696 3046 2072 3114 memoriam
2123 3048 2626 3133 firmitatemque

252 3141 259 3156 ’
358 3163 729 3241 perpetuam
792 3161 1126 3239 presentes
1193 3155 1629 3223 concessimus
1706 3155 1964 3221 litteras
2026 3155 2354 3241 dupplicis
2424 3156 2627 3242 sigilli

358 3265 552 3331 nostri
584 3263 941 3330 munimine
971 3264 1201 3329 robore
1236 3261 1699 3330 communitas.
1752 3264 1996 3330 Datum
2029 3282 2144 3348 per
2177 3283 2406 3330 manus
2438 3282 2625 3331 vene·

358 3372 579 3438 rabilis
612 3370 737 3438 viri
768 3371 1065 3455 Magistri
1098 3370 1417 3438 Johannis
1450 3371 1755 3438 Doctoris
1811 3372 2249 3455 Decretorum,
2301 3372 2623 3457 Prepositi

356 3479 693 3564 Budensis,
744 3481 950 3547 Electi
999 3479 1292 3548 Ecclesie
1324 3480 1629 3547 Albensis
1686 3479 1846 3546 aule
1901 3488 2120 3546 nostre
2178 3480 2623 3548 Vim-Cancel-

357 3589 497 3673 larij
540 3587 766 3655 dilecti
801 3595 864 3655 et
896 3588 1106 3655 fidelis
1139 3589 1343 3655 nostri
1378 3609 1552 3657 anno
1574 3587 1839 3656 Domini
1877 3588 2110 3655 M⁰CC⁰
2141 3593 2623 3676 septuagesimo

358 3704 605 3782 octauo,
640 3694 947 3763 kalendis
982 3695 1403 3784 Septembris,
1438 3697 1644 3782 Regni
1670 3704 1886 3763 autern
1911 3697 2113 3764 nostri
2136 3717 2306 3764 anno
2328 3697 2623 3783 septimo·

357 3879 577 3940 §.Robert
607 3876 815 3943 Kziroly
854 3876 1147 3943 kirailynak
1203 3880 1357 3928 1317.
1410 3880 1571 3928 tertio
1610 3879 1729 3927 idus
1757 3879 2076 3930 Decembris
2103 3879 2314 3930 kiadott
2339 3879 2623 3945 privilegi-

356 3969 592 4032 umabdh
634 3970 832 4034 melyet
866 3970 1142 4034 „Magistri
1167 3967 1395 4018 Iwahun
1440 3973 1493 4017 ct
1531 3967 1726 4018 Petrus
1769 3967 1869 4018 filli
1875 3967 1900 4032 j
1929 3969 2184 4033 Magistri
2209 3970 2356 4020 Petri
2385 3967 2483 4032 filij
2515 3970 2625 4020 Do·

353 4062 489 4126 rugh
518 4061 581 4111 de
609 4077 803 4127 genere
831 4058 1169 4111 Guthkeled‘·
1223 4055 1507 4122 kinyertek
1533 4078 1548 4125 ς
1606 4076 1629 4109 s
1683 4059 1825 4124 mely
1867 4075 2062 4124 ugyan
2086 4059 2288 4109 Robcrt
2312 4056 2518 4124 Kitroly
2544 4061 2624 4111 ki-

354 4147 729 4215 ralyt611323.
781 4156 961 4218 „sexto
988 4149 1107 4199 idus
1136 4148 1478 4199 Decembris·
1537 4147 1710 4212 ujabb
1738 4149 1980 4215 pecsetje
2017 4150 2173 4214 alatt,
2225 4151 2280 4202 (is
2331 4152 2624 4216 Zsigmond

355 4238 613 4305 kiralytol
645 4241 799 4290 1401.
859 4241 1170 4300 „vndecimo
1224 4239 1487 4289 kalendas
1514 4241 1711 4289 mensis
1739 4240 1905 4289 Mttii‘⁴
1970 4241 2167 4304 melyet
2209 4242 2511 4308 „Egregius
2536 4244 2622 4293 vir

352 4331 613 4397 Magister
661 4330 847 4380 Dauid
898 4329 1042 4380 filius
1091 4330 1313 4380 Martini
1342 4329 1408 4380 de
1436 4329 1639 4380 Albeus
1693 4330 1882 4382 Comes
1935 4336 2115 4382 noster
2140 4331 2420 4397 Zolyensis
2444 4333 2502 4382 in
2529 4348 2626 4383 sua
2705 4341 2712 4348 ·

352 4437 449 4470 nec
475 4437 585 4471 non
613 4419 1000 4485 Magistrorum
1028 4417 1323 4482 Laurencij
1365 4416 1545 4470 fratris
1571 4421 1657 4470 sui
1685 4420 2052 4481 concarnatus,
2107 4425 2160 4471 et
2205 4421 2355 4471 Petri
2379 4420 2477 4486 filij
2504 4422 2622 4486 My·

353 4511 557 4562 chaelis
586 4510 650 4560 de
678 4511 800 4560 Dob
828 4511 1096 4577 personis“
1140 4508 1262 4562 kert
1289 4509 1653 4576 privilegialis
1683 4506 1968 4562 formaban
1993 4529 2006 4573 ς
2047 4524 2082 4559 a
2110 4510 2277 4561 budai
2304 4511 2405 4562 kir.
2433 4512 2622 4564 kama-

1236 4602 1316 4651 rai
1342 4596 1724 4667 leveltdrban.)
