3319 5249
1309 297 1442 365 505

258 500 507 562 nostras
540 495 981 562 concessimus
1017 494 1271 561 litteras
1306 492 1506 578 sigilli
1537 493 1738 561 nostri
1773 491 2122 561 munimine
2144 494 2500 562 roboratas.

255 603 440 669 Anno
473 601 735 669 Domini
765 602 831 667 M
846 599 968 668 ⁰00
985 600 1259 667 “LXXX
1276 614 1296 646 ⁰
1326 622 1518 668 nono.

619 761 677 827 A
1109 763 1165 827 B
1596 762 1645 828 O
2080 762 2139 826 D

574 922 673 987 (Az
701 924 906 976 eredeti
932 921 1065 975 utari
1088 944 1100 986 ;
1131 924 1276 976 kozli
1303 925 1362 975 T.
1393 924 1563 990 Dei-gi
1595 927 1856 991 Somogyi
1883 923 2050 976 Antal
2079 924 2180 987 ur.)

1149 1212 1491 1223 ’.ο-,Η
1508 1212 1582 1225 ”

1288 1731 1442 1800 364.

251 1931 307 1991 Α
356 1928 777 2013 nayyvciradi
838 1930 1291 2014 kdptalannak
1322 1953 1365 1995 a
1426 1928 1737 1996 Gutkeled
1790 1936 2133 2016 nemzetse'y
2167 1927 2489 1996 Szabolcc-

250 2038 488 2121 meyyei
503 2038 729 2121 javait
788 2037 1095 2123 tcirqyazo'
1158 2033 1516 2123 osztdlydra
1581 2040 1926 2103 vonatkozd
1954 2037 2496 2123 bizonysdylevele.

1278 2145 1469 2211 1289.
2061 2159 2066 2162 ’

717 2269 775 2333 Α
1360 2271 1411 2334 Β
1953 2268 2002 2333 C

454 2429 822 2517 Capitulum
852 2429 1146 2498 Ecclesie
1195 2430 1275 2493 W
1279 2429 1638 2497 aradiensis
1674 2430 1970 2498 omnibus
2006 2431 2252 2499 Christi
2283 2431 2495 2499 fideli·

239 2535 354 2604 bus
386 2558 657 2623 presens
689 2537 998 2623 scriptum
1028 2535 1418 2621 inspecturis
1466 2537 1745 2603 salutem
1801 2536 1867 2601 in
1921 2537 2198 2605 Domino
2256 2539 2494 2626 sempi-

232 2653 501 2713 ternam.
535 2645 637 2711 Ad
668 2645 1113 2712 vniuersorum
1135 2645 1443 2711 noticiam
1475 2651 1609 2710 tam
1644 2647 2055 2731 presencium
2089 2665 2286 2728 quam
2320 2646 2496 2713 futu-

236 2773 448 2819 rorum
479 2753 707 2820 harum
740 2753 909 2821 serie
941 2754 1241 2819 uolumus
1272 2750 1654 2837 peruenire:
1710 2751 1881 2833 quod
1916 2751 2166 2819 Comite
2198 2753 2495 2820 Lauren-

165 2938 178 2949 ·
233 2859 330 2926 cio
364 2860 501 2927 filio
534 2861 725 2927 Pauli
756 2861 838 2927 de
869 2880 1106 2946 genere
1139 2859 1508 2927 Guthkeled
1557 2860 1639 2925 ab
1672 2879 1801 2927 vna
1852 2866 2056 2945 parte,
2110 2861 2381 2948 Mathya
2430 2869 2497 2928 et

229 2969 434 3036 Paulo
470 2968 619 3053 filijs
652 2968 920 3036 Comitis
953 2968 1197 3034 Detrici
1230 2967 1343 3051 filij
1411 2965 1564 3034 dicti
1598 2966 1807 3049 Pauli,
1841 2969 2010 3034 sicut
2043 2967 2371 3055 dixerunt,
2406 2971 2493 3037 ab

228 3077 436 3144 altera
467 3095 684 3143 coram
720 3077 905 3143 nobis
938 3074 1369 3160 personaliter
1413 3075 1801 3161 constitutis,
1834 3074 2077 3143 dictum
2131 3081 2197 3142 et
2246 3096 2485 3161 propo·

228 3185 423 3251 situm
458 3185 672 3252 extitit
701 3205 821 3270 per
841 3185 1123 3268 eosdem,
1161 3181 1331 3267 quod
1364 3184 1432 3249 in
1466 3183 1785 3251 vniuersis
1825 3183 2345 3268 possessionibus
2369 3203 2487 3251 seu

231 3295 419 3359 terris
454 3290 608 3379 suis,
633 3291 1050 3375 hereditarijs
1082 3290 1352 3377 scilicet,
1375 3291 1701 3376 empticijs
1737 3298 1800 3356 et
1820 3290 2181 3377 acquisitis,
2207 3309 2492 3359 commu-

231 3399 398 3466 niter
419 3418 629 3482 vsque
660 3397 851 3466 modo
872 3399 1215 3485 possessis,
1238 3397 1436 3464 talem
1456 3397 1627 3464 inter
1652 3417 1723 3465 se
1745 3397 2052 3466 fecissent
2071 3398 2454 3466 diuisionem
2477 3421 2492 3482 ;

229 3506 400 3590 quod
432 3502 746 3573 medietas
778 3504 1187 3590 quarundam
1221 3512 1533 3573 terrarum
1564 3506 1634 3572 in
1668 3504 1999 3572 Comitatu
2051 3505 2133 3571 de
2181 3504 2485 3572 Zobouch

227 3613 652 3682 existencium
703 3611 921 3679 Guuth
974 3619 1373 3699 uocatarum,
1428 3633 1699 3696 quarum
1750 3634 1944 3681 vnam
1998 3612 2481 3696 hereditariam,

225 3722 423 3788 aliam
457 3741 610 3789 uero
664 3720 1034 3806 empticiam
1086 3741 1231 3788 esse
1282 3722 1685 3805 asserebant,
1738 3741 1780 3785 a
1832 3729 2017 3804 parte
2067 3719 2477 3788 meridionali

221 3830 593 3916 existentes,
629 3828 1078 3914 medietasque
1108 3830 1446 3898 cuiusdam
1479 3837 1647 3896 terre
1679 3830 1982 3916 empticie
2015 3828 2304 3895 Wulkan
2357 3848 2469 3893 uo-

222 3944 385 4024 cate,
421 3958 547 4021 que
582 3937 836 4008 uberior
867 3958 982 4006 seu
1017 3938 1280 4005 maioris
1323 3938 1521 4024 precij
1579 3939 2076 4023 computabatur
2128 3936 2350 4021 porcio
2405 3935 2491 4003 ab

221 4047 375 4131 alia,
408 4047 496 4111 ab
529 4047 778 4126 oriente
809 4045 1267 4114 nichilominus
1289 4046 1596 4131 existens,
1631 4044 1884 4131 prefato
1921 4044 2159 4113 Comiti
2191 4045 2482 4113 Lauren·

220 4156 342 4241 cio,
367 4155 522 4236 quia
556 4153 725 4218 idem
760 4175 863 4222 res
884 4153 1137 4220 dotales
1172 4153 1431 4222 domine
1451 4153 1671 4220 relicte
1695 4152 1961 4219 Comitis
1982 4151 2491 4218 Martinifratris

221 4263 529 4348 ipsorum,
566 4281 695 4344 qne
739 4282 849 4330 eos
913 4261 1336 4331 communiter
1397 4264 1795 4346 tangebant,
1861 4259 1942 4326 de
2004 4260 2139 4326 suis
2201 4257 2487 4344 propt-ijs

218 4371 481 4436 omnino
512 4369 859 4454 persoluit3
880 4368 1034 4436 item
1067 4367 1386 4436 medietas
1420 4369 1737 4437 sessionis
1773 4368 1840 4433 in
1862 4365 2147 4451 quadam
2181 4371 2352 4429 terra
2375 4382 2482 4429 eo-

218 4498 356 4542 rum
392 4474 791 4543 hereditaria
839 4496 960 4544 sua
1007 4476 1225 4542 Acbas
1260 4483 1495 4543 uocata
1558 4497 1599 4542 a
1659 4483 1846 4559 parte
1909 4473 2234 4557 orientali,
2295 4489 2489 4554 quam

216 4583 567 4652 medietate
598 4587 683 4653 ab
732 4584 868 4651 alia
901 4583 1179 4667 quedam
1212 4585 1471 4651 arbores
1506 4603 1743 4651 nucum
1794 4600 2101 4669 separare
2153 4580 2488 4666 dicuntur,
