3319 5249
1771 323 1899 388 170

1761 1092 1913 1161 113.

702 1291 818 1358 IV.
852 1292 1085 1360 Ldszlo
1114 1293 1470 1381 kira'lynak
1499 1292 1637 1381 Sap
1668 1294 1974 1382 helysdqet
2012 1295 2320 1380 tcirqyazci
2339 1295 2705 1381 adomdnya
2739 1298 2959 1363 Istva'n

1194 1424 1392 1468 comes
1434 1402 1885 1488 Tekusnakfia
1914 1406 2234 1469 szdma'ra.
2270 1407 2464 1470 1277.

916 1596 1265 1681 Ladizlaus
1331 1598 1459 1666 Dei
1521 1598 1750 1683 gracia
1813 1598 2184 1685 Hungarie,
2232 1599 2576 1668 Dalmacie
2604 1652 2625 1687 ,
2666 1601 2958 1687 Croacie,

566 1696 570 1700 Α
702 1708 907 1774 Rame
925 1755 947 1788 ,
998 1705 1261 1793 Seruie,
1311 1706 1590 1776 Gallicie
1609 1761 1627 1795 ,
1677 1707 2059 1776 Lodomerie
2078 1758 2098 1793 ,
2158 1706 2474 1775 Cumanie
2524 1708 2959 1793 Bulgarieque

702 1813 841 1880 Rex
874 1814 1170 1882 omnibus
1222 1814 1462 1883 Christi
1512 1817 1817 1884 fidelibus
1868 1822 2000 1883 tam
2050 1814 2460 1901 presentibus
2499 1837 2691 1901 quam
2726 1815 2960 1884 suturis

702 1929 1066 2007 presentem
1096 1925 1402 2010 paginam
1435 1924 1835 1992 intuentibus
1883 1924 2163 1991 salutem
2194 1923 2259 1989 in
2294 1925 2581 1991 omnium
2612 1925 2959 1994 saluatore.

704 2028 810 2094 Ad
858 2029 1302 2098 vniuersorum
1352 2032 1662 2099 noticiam
1727 2030 1956 2098 harum
2017 2029 2187 2098 serie
2237 2031 2535 2098 volumus
2569 2033 2958 2120 peruenire,

706 2135 879 2220 quod
913 2135 1143 2206 Comes
1175 2138 1542 2225 Stephanus
1572 2139 1747 2207 filius
1779 2141 1987 2206 Tecus
2021 2138 2106 2205 ad
2140 2145 2428 2207 nostram
2462 2139 2783 2207 accedens
2813 2159 2953 2225 pre·

708 2246 1015 2334 senciam,
1038 2246 1370 2331 quandam
1391 2254 1626 2315 terram
1648 2248 1863 2314 Castri
1884 2247 1967 2314 de
1987 2247 2232 2314 Borsod
2252 2247 2385 2331 Sap
2409 2253 2727 2335 uocatam,
2763 2266 2959 2330 quam

705 2373 787 2420 ex
819 2352 1183 2422 collacione
1215 2362 1443 2422 nostra
1474 2375 1547 2423 se
1578 2356 1745 2422 dixit
1777 2354 2148 2442 possedisse
2167 2405 2185 2440 ,
2234 2353 2570 2421 confessus
2613 2361 2714 2420 est
2744 2370 2816 2421 se
2848 2352 2960 2420 dc·

706 2459 882 2529 disse
912 2462 1209 2532 Dionisio
1262 2472 1325 2531 et
1377 2463 1621 2531 Thome
1673 2464 1829 2551 filijs
1873 2464 2164 2531 Chumzo
2210 2462 2640 2530 seruientibus
2673 2464 2808 2530 suis
2841 2483 2959 2547 pro

704 2570 1000 2661 seruicijs
1034 2572 1419 2655 eorundem,
1467 2579 1732 2659 petens,
1779 2578 1851 2638 ut
1884 2571 2232 2639 donacioni
2285 2569 2651 2638 huiusmodi
2692 2590 2959 2638 consen·

708 2697 848 2743 sum
882 2686 948 2746 ct
976 2700 1316 2748 assensum
1361 2683 1632 2767 prebere
1683 2681 1764 2748 de
1812 2680 2217 2765 benignitate
2263 2681 2473 2766 Regia
2524 2682 2961 2765 dignaremur.

707 2785 844 2872 Nos
877 2786 1078 2871 igitur
1110 2789 1495 2875 peticionem
1530 2789 1821 2856 eiusdem
1871 2789 2139 2857 Comitis
2192 2789 2505 2874 Stephani
2546 2791 2784 2856 iustam
2820 2808 2961 2855 esse

708 2895 1155 2982 attendentes;
1200 2899 1613 2983 potissimum
1646 2894 2136 2964 considerantes
2167 2894 2549 2965 fidelitatem
2582 2904 2648 2965 et
2681 2897 2961 2964 seruicia

709 3000 836 3068 iam
871 3003 1188 3070 dictorum
1220 3005 1496 3091 Dionisij
1553 3013 1617 3072 et
1659 3004 1925 3090 Thome,
1978 3026 2104 3090 que
2137 3004 2337 3090 ijdem
2391 3005 2583 3071 nobis
2613 3013 2679 3072 et
2710 3004 2962 3071 Corone

711 3110 917 3193 Regie
963 3113 1031 3177 in
1083 3112 1363 3180 diuersis
1425 3110 1955 3197 expedicionibus
2006 3112 2214 3197 Regni
2265 3112 2470 3179 nostri
2521 3131 2664 3179 cum
2715 3134 2966 3180 summa

707 3217 1023 3285 fidelitate
1053 3218 1491 3305 inpenderunt
1541 3228 1605 3287 et
1655 3219 1960 3289 exhibere
1993 3227 2293 3305 poterant
2329 3220 2504 3309 (igy)
2538 3223 2605 3287 in
2637 3219 2962 3303 futurum;

708 3329 1024 3411 premisse
1057 3327 1426 3413 donacioni,
1479 3350 1597 3414 per
1629 3328 1904 3396 eundem
1932 3328 2246 3395 Comitem
2270 3328 2667 3416 Stephanum
2702 3328 2784 3395 de
2814 3329 2966 3412 ipsa

712 3438 888 3499 terra*
916 3434 1127 3502 Castri
1159 3439 1520 3521 prenotatis
1553 3436 1873 3522 Dyonisio
1937 3445 2002 3503 et
2051 3436 2299 3503 Thome
2332 3436 2525 3524 facte,
2578 3455 2964 3504 consensum

710 3540 1083 3625 prebuimus
1153 3545 1424 3629 Regium
1475 3544 1718 3631 pariter
1768 3552 1832 3611 et
1879 3564 2252 3628 assensum3
2302 3546 2617 3630 volentes,
2665 3550 2735 3609 vt
2765 3541 2962 3627 ijdem

712 3649 1066 3734 Dyonisius
1097 3658 1162 3720 et
1191 3651 1496 3737 Thomas,
1546 3672 1624 3718 ac
1657 3671 1873 3720 eorum
1909 3650 2201 3739 heredes,
2236 3652 2672 3736 heredumque
2706 3670 2964 3719 suorum

688 3753 1113 3844 ‘inposterum
1145 3780 1549 3829 successores
1600 3768 2022 3828 memoratam
2066 3766 2303 3827 terram
2358 3760 2571 3826 Castri
2606 3758 2690 3824 de
2720 3754 2969 3825 Borsod

711 3889 855 3933 cum
887 3868 1024 3935 suis
1056 3867 1442 3936 vtilitatibus
1476 3869 1779 3936 omnibus
1811 3876 1874 3935 et
1903 3867 2321 3953 pertinenciis
2356 3867 2675 3934 vniuersis
2697 3867 2814 3932 sub
2836 3886 2967 3932 me-

712 3975 797 4041 tis
828 3974 1152 4059 prioribus
1185 3986 1252 4040 et
1280 3976 1569 4060 antiquis
1630 3976 2050 4042 terminorum
2103 3975 2628 4042 distinctionibus
2650 4022 2670 4053 ‚
2734 3992 2864 4037 non
2899 3978 2970 4038 ut

712 4103 830 4167 per
858 4083 1073 4168 ipsum
1106 4083 1419 4151 Comitem
1470 4082 1873 4171 Stephanum
1926 4084 2021 4151 eis
2073 4081 2334 4167 datam,
2386 4081 2500 4148 sed
2543 4086 2853 4164 tanquam
2887 4098 2972 4144 ex

715 4191 1072 4258 donacione
1126 4198 1351 4258 nostra
1400 4198 1713 4279 perpetuo
1761 4190 2029 4276 pacifice
2079 4189 2462 4276 possideant
2510 4197 2575 4255 et
2607 4188 2843 4272 quiete.
2894 4187 2971 4253 In

715 4300 899 4368 cuius
931 4303 1023 4369 rei
1056 4298 1432 4368 memoriam
1485 4307 1549 4367 et
1597 4305 1978 4386 perpetuam
2030 4299 2400 4365 firmitatem
2450 4301 2784 4382 presentes
2820 4314 2969 4361 con-

715 4408 1027 4477 cessimus
1060 4407 1311 4474 litteras
1344 4405 1671 4493 dupplicis
1719 4405 1922 4490 sigilli
1973 4403 2177 4473 nostri
2221 4403 2577 4470 munimine
2611 4405 2971 4469 roboratas.

714 4522 957 4586 Datum
1020 4536 1138 4602 per
1186 4535 1417 4583 manus
1451 4516 1744 4602 Magistri
1778 4514 2089 4601 Demetrij
2143 4514 2467 4600 Prepositi
2499 4511 2825 4597 Albensis,
2861 4510 2970 4577 do·

713 4625 873 4693 mini
908 4626 1083 4710 Pape
1115 4622 1460 4709 Capellani
1513 4631 1576 4690 et
1626 4622 2047 4709 Subdiaconi,
2093 4621 2240 4689 aule
2275 4628 2488 4688 nostre
2521 4617 2968 4719 vice-Cancel-
