<?xml version="1.0" encoding="UTF-8"?>
<!DOCTYPE html PUBLIC "-//W3C//DTD XHTML 1.0 Transitional//EN"
    "http://www.w3.org/TR/xhtml1/DTD/xhtml1-transitional.dtd">
<html xmlns="http://www.w3.org/1999/xhtml" xml:lang="en" lang="en">
 <head>
  <title>
</title>
<meta http-equiv="Content-Type" content="text/html;charset=utf-8" />
  <meta name='ocr-system' content='tesseract 3.04.00' />
  <meta name='ocr-capabilities' content='ocr_page ocr_carea ocr_par ocr_line ocrx_word'/>
</head>
<body>
  <div class='ocr_page' id='page_1' title='image "./rpdkorijokmnytr00wenzgoog_0164.png"; bbox 0 0 3319 5249; ppageno 0'>
   <div class='ocr_carea' id='block_1_1' title="bbox 1828 351 1955 416">
    <p class='ocr_par' dir='ltr' id='par_1_1' title="bbox 1828 351 1955 416">
     <span class='ocr_line' id='line_1_1' title="bbox 1828 351 1955 416; baseline 0 -4"><span class='ocrx_word' id='word_1_1' title='bbox 1828 351 1955 416; x_wconf 81' lang='lat'>110</span> 
     </span>
    </p>
   </div>
   <div class='ocr_carea' id='block_1_2' title="bbox 1724 439 2045 450">
    <p class='ocr_par' dir='ltr' id='par_1_2' title="bbox 1724 439 2045 450">
     <span class='ocr_line' id='line_1_2' title="bbox 1724 439 2045 450; baseline 0 4799"><span class='ocrx_word' id='word_1_2' title='bbox 1724 439 2045 450; x_wconf 95' lang='lat' dir='ltr'> </span> 
     </span>
    </p>
   </div>
   <div class='ocr_carea' id='block_1_3' title="bbox 738 542 3020 4735">
    <p class='ocr_par' dir='ltr' id='par_1_3' title="bbox 738 542 3020 4735">
     <span class='ocr_line' id='line_1_3' title="bbox 744 542 3015 632; baseline -0.002 -19"><span class='ocrx_word' id='word_1_3' title='bbox 744 545 1180 632; x_wconf 79' lang='lat' dir='ltr'><strong>demptionem</strong></span> <span class='ocrx_word' id='word_1_4' title='bbox 1211 546 1386 631; x_wconf 90' lang='lat' dir='ltr'>poni,</span> <span class='ocrx_word' id='word_1_5' title='bbox 1430 553 1492 610; x_wconf 89' lang='lat' dir='ltr'>et</span> <span class='ocrx_word' id='word_1_6' title='bbox 1524 545 1735 629; x_wconf 90' lang='lat' dir='ltr'>ipsum</span> <span class='ocrx_word' id='word_1_7' title='bbox 1772 544 2042 630; x_wconf 87' lang='lat' dir='ltr'>redimi;</span> <span class='ocrx_word' id='word_1_8' title='bbox 2094 545 2265 628; x_wconf 90' lang='lat' dir='ltr'>quod</span> <span class='ocrx_word' id='word_1_9' title='bbox 2305 546 2494 632; x_wconf 89' lang='lat' dir='ltr'>illud,</span> <span class='ocrx_word' id='word_1_10' title='bbox 2557 542 2731 630; x_wconf 87' lang='lat' dir='ltr'>quod</span> <span class='ocrx_word' id='word_1_11' title='bbox 2765 542 3015 628; x_wconf 87' lang='lat' dir='ltr'>recipe·</span> 
     </span>
     <span class='ocr_line' id='line_1_4' title="bbox 744 650 3018 740; baseline -0.001 -21"><span class='ocrx_word' id='word_1_12' title='bbox 744 662 920 720; x_wconf 88' lang='lat' dir='ltr'>retur</span> <span class='ocrx_word' id='word_1_13' title='bbox 951 674 1069 740; x_wconf 93' lang='lat' dir='ltr'>pro</span> <span class='ocrx_word' id='word_1_14' title='bbox 1101 650 1548 738; x_wconf 80' lang='lat' dir='ltr'>redemptione</span> <span class='ocrx_word' id='word_1_15' title='bbox 1582 655 1744 739; x_wconf 86' lang='lat' dir='ltr'>ipsa,</span> <span class='ocrx_word' id='word_1_16' title='bbox 1774 653 1861 719; x_wconf 91' lang='lat' dir='ltr'>sit</span> <span class='ocrx_word' id='word_1_17' title='bbox 1891 657 2095 720; x_wconf 89' lang='lat' dir='ltr'>totum</span> <span class='ocrx_word' id='word_1_18' title='bbox 2129 654 2452 720; x_wconf 86' lang='lat' dir='ltr'>dictarum</span> <span class='ocrx_word' id='word_1_19' title='bbox 2481 652 3018 720; x_wconf 85' lang='lat' dir='ltr'>Universitatum.</span> 
     </span>
     <span class='ocr_line' id='line_1_5' title="bbox 745 759 3020 847; baseline -0 -22"><span class='ocrx_word' id='word_1_20' title='bbox 745 761 1027 826; x_wconf 86' lang='lat' dir='ltr'>Tenetur</span> <span class='ocrx_word' id='word_1_21' title='bbox 1061 768 1280 828; x_wconf 87' lang='lat' dir='ltr'>tamen</span> <span class='ocrx_word' id='word_1_22' title='bbox 1314 762 1527 828; x_wconf 89' lang='lat' dir='ltr'>dictus</span> <span class='ocrx_word' id='word_1_23' title='bbox 1562 759 1867 828; x_wconf 90' lang='lat' dir='ltr'>dominus</span> <span class='ocrx_word' id='word_1_24' title='bbox 1903 762 2042 828; x_wconf 84' lang='lat' dir='ltr'>Rex</span> <span class='ocrx_word' id='word_1_25' title='bbox 2077 762 2159 828; x_wconf 92' lang='lat' dir='ltr'>de</span> <span class='ocrx_word' id='word_1_26' title='bbox 2192 761 2470 847; x_wconf 84' lang='lat' dir='ltr'>captivis</span> <span class='ocrx_word' id='word_1_27' title='bbox 2503 761 2815 845; x_wconf 76' lang='lat' dir='ltr'>predictis</span> <span class='ocrx_word' id='word_1_28' title='bbox 2853 760 3020 824; x_wconf 85' lang='lat' dir='ltr'>dare</span> 
     </span>
     <span class='ocr_line' id='line_1_6' title="bbox 746 867 3012 956; baseline -0.003 -21"><span class='ocrx_word' id='word_1_29' title='bbox 746 870 905 955; x_wconf 88' lang='lat' dir='ltr'>ipsis</span> <span class='ocrx_word' id='word_1_30' title='bbox 955 870 1549 956; x_wconf 80' lang='lat' dir='ltr'>UniversitatibuS‚</span> <span class='ocrx_word' id='word_1_31' title='bbox 1599 868 1655 936; x_wconf 89' lang='lat' dir='ltr'>si</span> <span class='ocrx_word' id='word_1_32' title='bbox 1712 870 2012 956; x_wconf 82' lang='lat' dir='ltr'>aliquem,</span> <span class='ocrx_word' id='word_1_33' title='bbox 2064 871 2170 936; x_wconf 85' lang='lat' dir='ltr'>vel</span> <span class='ocrx_word' id='word_1_34' title='bbox 2222 870 2478 955; x_wconf 90' lang='lat' dir='ltr'>aliquos</span> <span class='ocrx_word' id='word_1_35' title='bbox 2531 870 2677 956; x_wconf 85' lang='lat' dir='ltr'>capi</span> <span class='ocrx_word' id='word_1_36' title='bbox 2732 887 2812 933; x_wconf 80' lang='lat' dir='ltr'>ex</span> <span class='ocrx_word' id='word_1_37' title='bbox 2844 867 3012 952; x_wconf 71' lang='lat' dir='ltr'>ipsis</span> 
     </span>
     <span class='ocr_line' id='line_1_7' title="bbox 747 976 3010 1064; baseline -0.003 -19"><span class='ocrx_word' id='word_1_38' title='bbox 747 977 1089 1061; x_wconf 88' lang='lat' dir='ltr'>contigerit</span> <span class='ocrx_word' id='word_1_39' title='bbox 1139 999 1180 1043; x_wconf 87' lang='lat' dir='ltr'>a</span> <span class='ocrx_word' id='word_1_40' title='bbox 1220 976 1412 1044; x_wconf 88' lang='lat' dir='ltr'>dictis</span> <span class='ocrx_word' id='word_1_41' title='bbox 1465 978 1910 1064; x_wconf 88' lang='lat' dir='ltr'>Dalmasibus,</span> <span class='ocrx_word' id='word_1_42' title='bbox 1964 984 2027 1044; x_wconf 92' lang='lat' dir='ltr'>et</span> <span class='ocrx_word' id='word_1_43' title='bbox 2066 976 2317 1044; x_wconf 81' lang='lat' dir='ltr'>cambio</span> <span class='ocrx_word' id='word_1_44' title='bbox 2369 976 2776 1064; x_wconf 78' lang='lat' dir='ltr'>competenti.</span> <span class='ocrx_word' id='word_1_45' title='bbox 2842 978 3010 1041; x_wconf 86' lang='lat' dir='ltr'>Item</span> 
     </span>
     <span class='ocr_line' id='line_1_8' title="bbox 748 1083 3014 1171; baseline -0.003 -19"><span class='ocrx_word' id='word_1_46' title='bbox 748 1085 920 1169; x_wconf 90' lang='lat' dir='ltr'>quod</span> <span class='ocrx_word' id='word_1_47' title='bbox 975 1083 1383 1152; x_wconf 85' lang='lat' dir='ltr'>ordinabitur</span> <span class='ocrx_word' id='word_1_48' title='bbox 1432 1107 1546 1171; x_wconf 87' lang='lat' dir='ltr'>per</span> <span class='ocrx_word' id='word_1_49' title='bbox 1580 1085 1909 1152; x_wconf 90' lang='lat' dir='ltr'>domiuum</span> <span class='ocrx_word' id='word_1_50' title='bbox 1944 1087 2183 1169; x_wconf 83' lang='lat' dir='ltr'>Regem</span> <span class='ocrx_word' id='word_1_51' title='bbox 2220 1085 2577 1171; x_wconf 90' lang='lat' dir='ltr'>predictum</span> <span class='ocrx_word' id='word_1_52' title='bbox 2610 1104 2778 1151; x_wconf 90' lang='lat' dir='ltr'>unus</span> <span class='ocrx_word' id='word_1_53' title='bbox 2812 1083 3014 1165; x_wconf 84' lang='lat' dir='ltr'>Capi·</span> 
     </span>
     <span class='ocr_line' id='line_1_9' title="bbox 746 1192 3015 1279; baseline -0.002 -21"><span class='ocrx_word' id='word_1_54' title='bbox 746 1201 1001 1277; x_wconf 87' lang='lat' dir='ltr'>taneus,</span> <span class='ocrx_word' id='word_1_55' title='bbox 1048 1195 1158 1275; x_wconf 90' lang='lat' dir='ltr'>qui</span> <span class='ocrx_word' id='word_1_56' title='bbox 1195 1196 1396 1277; x_wconf 81' lang='lat' dir='ltr'>presit</span> <span class='ocrx_word' id='word_1_57' title='bbox 1436 1192 1625 1261; x_wconf 89' lang='lat' dir='ltr'>dictis</span> <span class='ocrx_word' id='word_1_58' title='bbox 1658 1193 1866 1276; x_wconf 88' lang='lat' dir='ltr'>galeis</span> <span class='ocrx_word' id='word_1_59' title='bbox 1904 1193 2204 1278; x_wconf 90' lang='lat' dir='ltr'>quinque,</span> <span class='ocrx_word' id='word_1_60' title='bbox 2255 1201 2319 1260; x_wconf 90' lang='lat' dir='ltr'>et</span> <span class='ocrx_word' id='word_1_61' title='bbox 2369 1212 2609 1279; x_wconf 90' lang='lat' dir='ltr'>omnes,</span> <span class='ocrx_word' id='word_1_62' title='bbox 2661 1193 2769 1274; x_wconf 90' lang='lat' dir='ltr'>qui</span> <span class='ocrx_word' id='word_1_63' title='bbox 2821 1198 3015 1257; x_wconf 84' lang='lat' dir='ltr'>erunt</span> 
     </span>
     <span class='ocr_line' id='line_1_10' title="bbox 746 1300 3003 1387; baseline -0.001 -20"><span class='ocrx_word' id='word_1_64' title='bbox 746 1303 812 1367; x_wconf 89' lang='lat' dir='ltr'>in</span> <span class='ocrx_word' id='word_1_65' title='bbox 847 1300 1039 1367; x_wconf 88' lang='lat' dir='ltr'>dictis</span> <span class='ocrx_word' id='word_1_66' title='bbox 1091 1300 1300 1383; x_wconf 84' lang='lat' dir='ltr'>galeis</span> <span class='ocrx_word' id='word_1_67' title='bbox 1349 1301 1647 1368; x_wconf 90' lang='lat' dir='ltr'>obedient</span> <span class='ocrx_word' id='word_1_68' title='bbox 1700 1302 1823 1387; x_wconf 88' lang='lat' dir='ltr'>ipsi</span> <span class='ocrx_word' id='word_1_69' title='bbox 1876 1302 2253 1386; x_wconf 84' lang='lat' dir='ltr'>Capitaneo,</span> <span class='ocrx_word' id='word_1_70' title='bbox 2309 1301 2420 1384; x_wconf 89' lang='lat' dir='ltr'>qui</span> <span class='ocrx_word' id='word_1_71' title='bbox 2473 1301 2610 1385; x_wconf 88' lang='lat' dir='ltr'>erit,</span> <span class='ocrx_word' id='word_1_72' title='bbox 2662 1300 2763 1365; x_wconf 80' lang='lat' dir='ltr'>vel</span> <span class='ocrx_word' id='word_1_73' title='bbox 2797 1306 3003 1366; x_wconf 68' lang='lat' dir='ltr'>muta-</span> 
     </span>
     <span class='ocr_line' id='line_1_11' title="bbox 747 1407 3007 1494; baseline -0.001 -20"><span class='ocrx_word' id='word_1_74' title='bbox 747 1410 938 1494; x_wconf 88' lang='lat' dir='ltr'>bitur,</span> <span class='ocrx_word' id='word_1_75' title='bbox 999 1418 1062 1473; x_wconf 90' lang='lat' dir='ltr'>et</span> <span class='ocrx_word' id='word_1_76' title='bbox 1126 1409 1274 1476; x_wconf 89' lang='lat' dir='ltr'>aliis</span> <span class='ocrx_word' id='word_1_77' title='bbox 1339 1410 1813 1493; x_wconf 87' lang='lat' dir='ltr'>subornabitur,</span> <span class='ocrx_word' id='word_1_78' title='bbox 1880 1409 1966 1474; x_wconf 87' lang='lat' dir='ltr'>ad</span> <span class='ocrx_word' id='word_1_79' title='bbox 2027 1409 2427 1476; x_wconf 77' lang='lat' dir='ltr'>voluntatem</span> <span class='ocrx_word' id='word_1_80' title='bbox 2493 1409 2699 1492; x_wconf 88' lang='lat' dir='ltr'>ipsius</span> <span class='ocrx_word' id='word_1_81' title='bbox 2759 1407 3007 1475; x_wconf 90' lang='lat' dir='ltr'>domini</span> 
     </span>
     <span class='ocr_line' id='line_1_12' title="bbox 746 1516 3010 1601; baseline 0.001 -21"><span class='ocrx_word' id='word_1_82' title='bbox 746 1517 966 1601; x_wconf 87' lang='lat' dir='ltr'>Regis.</span> <span class='ocrx_word' id='word_1_83' title='bbox 1047 1518 1211 1583; x_wconf 84' lang='lat' dir='ltr'>Item</span> <span class='ocrx_word' id='word_1_84' title='bbox 1273 1519 1446 1600; x_wconf 89' lang='lat' dir='ltr'>quod</span> <span class='ocrx_word' id='word_1_85' title='bbox 1511 1518 1564 1583; x_wconf 86' lang='lat' dir='ltr'>si</span> <span class='ocrx_word' id='word_1_86' title='bbox 1629 1516 1836 1599; x_wconf 86' lang='lat' dir='ltr'>aliqui</span> <span class='ocrx_word' id='word_1_87' title='bbox 1899 1538 1976 1583; x_wconf 83' lang='lat' dir='ltr'>cx</span> <span class='ocrx_word' id='word_1_88' title='bbox 2029 1517 2455 1583; x_wconf 84' lang='lat' dir='ltr'>Dalmasibus</span> <span class='ocrx_word' id='word_1_89' title='bbox 2518 1517 2724 1583; x_wconf 86' lang='lat' dir='ltr'>velint</span> <span class='ocrx_word' id='word_1_90' title='bbox 2783 1518 3010 1582; x_wconf 82' lang='lat' dir='ltr'>venire</span> 
     </span>
     <span class='ocr_line' id='line_1_13' title="bbox 745 1623 3011 1709; baseline -0 -19"><span class='ocrx_word' id='word_1_91' title='bbox 745 1631 976 1709; x_wconf 90' lang='lat' dir='ltr'>sponte</span> <span class='ocrx_word' id='word_1_92' title='bbox 1010 1624 1099 1690; x_wconf 88' lang='lat' dir='ltr'>ad</span> <span class='ocrx_word' id='word_1_93' title='bbox 1133 1625 1559 1692; x_wconf 88' lang='lat' dir='ltr'>habitandum</span> <span class='ocrx_word' id='word_1_94' title='bbox 1610 1644 1754 1690; x_wconf 91' lang='lat' dir='ltr'>cum</span> <span class='ocrx_word' id='word_1_95' title='bbox 1787 1623 2041 1688; x_wconf 84' lang='lat' dir='ltr'>familia</span> <span class='ocrx_word' id='word_1_96' title='bbox 2074 1645 2195 1690; x_wconf 83' lang='lat' dir='ltr'>sua</span> <span class='ocrx_word' id='word_1_97' title='bbox 2247 1624 2332 1688; x_wconf 87' lang='lat' dir='ltr'>ad</span> <span class='ocrx_word' id='word_1_98' title='bbox 2367 1630 2575 1689; x_wconf 89' lang='lat' dir='ltr'>terras</span> <span class='ocrx_word' id='word_1_99' title='bbox 2607 1624 3011 1690; x_wconf 79' lang='lat' dir='ltr'>Universitn-</span> 
     </span>
     <span class='ocr_line' id='line_1_14' title="bbox 748 1732 3011 1819; baseline -0.001 -22"><span class='ocrx_word' id='word_1_100' title='bbox 748 1739 882 1797; x_wconf 90' lang='lat' dir='ltr'>tum</span> <span class='ocrx_word' id='word_1_101' title='bbox 917 1733 1376 1819; x_wconf 88' lang='lat' dir='ltr'>predictarum,</span> <span class='ocrx_word' id='word_1_102' title='bbox 1414 1733 1706 1798; x_wconf 90' lang='lat' dir='ltr'>homines</span> <span class='ocrx_word' id='word_1_103' title='bbox 1739 1732 2181 1816; x_wconf 85' lang='lat' dir='ltr'>predictarum</span> <span class='ocrx_word' id='word_1_104' title='bbox 2214 1732 2724 1798; x_wconf 78' lang='lat' dir='ltr'>Universitatum</span> <span class='ocrx_word' id='word_1_105' title='bbox 2757 1733 3011 1815; x_wconf 79' lang='lat' dir='ltr'>possint</span> 
     </span>
     <span class='ocr_line' id='line_1_15' title="bbox 745 1837 3009 1926; baseline 0 -22"><span class='ocrx_word' id='word_1_106' title='bbox 745 1839 924 1923; x_wconf 90' lang='lat' dir='ltr'>ipsos</span> <span class='ocrx_word' id='word_1_107' title='bbox 958 1840 1283 1926; x_wconf 86' lang='lat' dir='ltr'>recipcre,</span> <span class='ocrx_word' id='word_1_108' title='bbox 1333 1839 1679 1906; x_wconf 89' lang='lat' dir='ltr'>dummodo</span> <span class='ocrx_word' id='word_1_109' title='bbox 1732 1860 1860 1905; x_wconf 89' lang='lat' dir='ltr'>non</span> <span class='ocrx_word' id='word_1_110' title='bbox 1897 1841 2026 1905; x_wconf 88' lang='lat' dir='ltr'>sint</span> <span class='ocrx_word' id='word_1_111' title='bbox 2065 1845 2287 1905; x_wconf 87' lang='lat' dir='ltr'>contra</span> <span class='ocrx_word' id='word_1_112' title='bbox 2329 1837 2726 1904; x_wconf 83' lang='lat' dir='ltr'>voluntatem</span> <span class='ocrx_word' id='word_1_113' title='bbox 2761 1839 3009 1904; x_wconf 88' lang='lat' dir='ltr'>domini</span> 
     </span>
     <span class='ocr_line' id='line_1_16' title="bbox 743 1945 3008 2032; baseline 0 -21"><span class='ocrx_word' id='word_1_114' title='bbox 743 1946 938 2028; x_wconf 85' lang='lat' dir='ltr'>Regis</span> <span class='ocrx_word' id='word_1_115' title='bbox 971 1945 1344 2032; x_wconf 86' lang='lat' dir='ltr'>Hungarie;</span> <span class='ocrx_word' id='word_1_116' title='bbox 1393 1954 1653 2032; x_wconf 88' lang='lat' dir='ltr'>recepta</span> <span class='ocrx_word' id='word_1_117' title='bbox 1687 1954 1901 2012; x_wconf 87' lang='lat' dir='ltr'>tamen</span> <span class='ocrx_word' id='word_1_118' title='bbox 1953 1946 2132 2031; x_wconf 86' lang='lat' dir='ltr'>prius</span> <span class='ocrx_word' id='word_1_119' title='bbox 2185 1945 2265 2011; x_wconf 89' lang='lat' dir='ltr'>ab</span> <span class='ocrx_word' id='word_1_120' title='bbox 2298 1946 2393 2011; x_wconf 86' lang='lat' dir='ltr'>cis</span> <span class='ocrx_word' id='word_1_121' title='bbox 2444 1945 2682 2012; x_wconf 88' lang='lat' dir='ltr'>idonea</span> <span class='ocrx_word' id='word_1_122' title='bbox 2735 1954 2797 2012; x_wconf 88' lang='lat' dir='ltr'>et</span> <span class='ocrx_word' id='word_1_123' title='bbox 2830 1947 3008 2012; x_wconf 79' lang='lat' dir='ltr'>suffi-</span> 
     </span>
     <span class='ocr_line' id='line_1_17' title="bbox 746 2053 3008 2139; baseline 0.001 -20"><span class='ocrx_word' id='word_1_124' title='bbox 746 2054 941 2120; x_wconf 84' lang='lat' dir='ltr'>cienti</span> <span class='ocrx_word' id='word_1_125' title='bbox 997 2056 1275 2139; x_wconf 85' lang='lat' dir='ltr'>cautela,</span> <span class='ocrx_word' id='word_1_126' title='bbox 1323 2057 1495 2138; x_wconf 88' lang='lat' dir='ltr'>quod</span> <span class='ocrx_word' id='word_1_127' title='bbox 1546 2077 1675 2122; x_wconf 91' lang='lat' dir='ltr'>non</span> <span class='ocrx_word' id='word_1_128' title='bbox 1732 2055 2057 2123; x_wconf 85' lang='lat' dir='ltr'>offendent</span> <span class='ocrx_word' id='word_1_129' title='bbox 2107 2054 2433 2120; x_wconf 84' lang='lat' dir='ltr'>(lominum</span> <span class='ocrx_word' id='word_1_130' title='bbox 2486 2056 2723 2138; x_wconf 84' lang='lat' dir='ltr'>Regem</span> <span class='ocrx_word' id='word_1_131' title='bbox 2779 2053 3008 2122; x_wconf 84' lang='lat' dir='ltr'>Sicilie</span> 
     </span>
     <span class='ocr_line' id='line_1_18' title="bbox 747 2161 3010 2248; baseline -0 -20"><span class='ocrx_word' id='word_1_132' title='bbox 747 2163 849 2228; x_wconf 80' lang='lat' dir='ltr'>vel</span> <span class='ocrx_word' id='word_1_133' title='bbox 883 2169 1137 2246; x_wconf 86' lang='lat' dir='ltr'>gentem</span> <span class='ocrx_word' id='word_1_134' title='bbox 1174 2183 1356 2230; x_wconf 86' lang='lat' dir='ltr'>suam</span> <span class='ocrx_word' id='word_1_135' title='bbox 1380 2216 1396 2248; x_wconf 93' lang='lat'>,</span> <span class='ocrx_word' id='word_1_136' title='bbox 1435 2172 1500 2229; x_wconf 89' lang='lat' dir='ltr'>et</span> <span class='ocrx_word' id='word_1_137' title='bbox 1532 2165 1703 2246; x_wconf 81' lang='lat' dir='ltr'>quod</span> <span class='ocrx_word' id='word_1_138' title='bbox 1739 2164 1981 2229; x_wconf 88' lang='lat' dir='ltr'>facient</span> <span class='ocrx_word' id='word_1_139' title='bbox 2016 2183 2312 2246; x_wconf 85' lang='lat' dir='ltr'>guerram</span> <span class='ocrx_word' id='word_1_140' title='bbox 2346 2163 2538 2228; x_wconf 90' lang='lat' dir='ltr'>dictis</span> <span class='ocrx_word' id='word_1_141' title='bbox 2563 2161 3010 2229; x_wconf 87' lang='lat' dir='ltr'>Dalmasibus.</span> 
     </span>
     <span class='ocr_line' id='line_1_19' title="bbox 745 2268 3004 2356; baseline 0 -22"><span class='ocrx_word' id='word_1_142' title='bbox 745 2271 846 2335; x_wconf 90' lang='lat' dir='ltr'>Ita</span> <span class='ocrx_word' id='word_1_143' title='bbox 878 2278 1091 2338; x_wconf 85' lang='lat' dir='ltr'>tamen</span> <span class='ocrx_word' id='word_1_144' title='bbox 1145 2269 1401 2355; x_wconf 88' lang='lat' dir='ltr'>quodsi</span> <span class='ocrx_word' id='word_1_145' title='bbox 1453 2292 1566 2356; x_wconf 88' lang='lat' dir='ltr'>per</span> <span class='ocrx_word' id='word_1_146' title='bbox 1600 2270 1845 2354; x_wconf 88' lang='lat' dir='ltr'>dictos,</span> <span class='ocrx_word' id='word_1_147' title='bbox 1892 2271 2004 2353; x_wconf 88' lang='lat' dir='ltr'>qui</span> <span class='ocrx_word' id='word_1_148' title='bbox 2056 2270 2388 2336; x_wconf 84' lang='lat' dir='ltr'>venissent</span> <span class='ocrx_word' id='word_1_149' title='bbox 2439 2270 2521 2336; x_wconf 86' lang='lat' dir='ltr'>ad</span> <span class='ocrx_word' id='word_1_150' title='bbox 2574 2268 3004 2336; x_wconf 82' lang='lat' dir='ltr'>habitandum</span> 
     </span>
     <span class='ocr_line' id='line_1_20' title="bbox 747 2375 3003 2464; baseline -0 -21"><span class='ocrx_word' id='word_1_151' title='bbox 747 2375 832 2443; x_wconf 88' lang='lat' dir='ltr'>ad</span> <span class='ocrx_word' id='word_1_152' title='bbox 863 2376 1072 2446; x_wconf 85' lang='lat' dir='ltr'>dictas</span> <span class='ocrx_word' id='word_1_153' title='bbox 1108 2386 1334 2464; x_wconf 75' lang='lat' dir='ltr'>terrae,</span> <span class='ocrx_word' id='word_1_154' title='bbox 1383 2379 1648 2462; x_wconf 84' lang='lat' dir='ltr'>aliquod</span> <span class='ocrx_word' id='word_1_155' title='bbox 1701 2380 2010 2455; x_wconf 82' lang='lat' dir='ltr'>damnum</span> <span class='ocrx_word' id='word_1_156' title='bbox 2062 2378 2323 2444; x_wconf 87' lang='lat' dir='ltr'>daretur</span> <span class='ocrx_word' id='word_1_157' title='bbox 2359 2379 2479 2463; x_wconf 90' lang='lat' dir='ltr'>ipsi</span> <span class='ocrx_word' id='word_1_158' title='bbox 2520 2377 2776 2443; x_wconf 89' lang='lat' dir='ltr'>domino</span> <span class='ocrx_word' id='word_1_159' title='bbox 2816 2377 3003 2461; x_wconf 83' lang='lat' dir='ltr'>Regi,</span> 
     </span>
     <span class='ocr_line' id='line_1_21' title="bbox 747 2483 3007 2570; baseline -0.001 -19"><span class='ocrx_word' id='word_1_160' title='bbox 747 2486 850 2552; x_wconf 85' lang='lat' dir='ltr'>vel</span> <span class='ocrx_word' id='word_1_161' title='bbox 882 2485 1065 2570; x_wconf 88' lang='lat' dir='ltr'>genti</span> <span class='ocrx_word' id='word_1_162' title='bbox 1113 2506 1228 2552; x_wconf 84' lang='lat' dir='ltr'>suc</span> <span class='ocrx_word' id='word_1_163' title='bbox 1280 2506 1394 2552; x_wconf 85' lang='lat' dir='ltr'>seu</span> <span class='ocrx_word' id='word_1_164' title='bbox 1445 2486 1638 2552; x_wconf 89' lang='lat' dir='ltr'>alicui</span> <span class='ocrx_word' id='word_1_165' title='bbox 1693 2487 1788 2551; x_wconf 91' lang='lat' dir='ltr'>sic</span> <span class='ocrx_word' id='word_1_166' title='bbox 1836 2505 1955 2570; x_wconf 87' lang='lat' dir='ltr'>per</span> <span class='ocrx_word' id='word_1_167' title='bbox 1996 2485 2279 2570; x_wconf 85' lang='lat' dir='ltr'>piratas;</span> <span class='ocrx_word' id='word_1_168' title='bbox 2329 2483 2495 2551; x_wconf 88' lang='lat' dir='ltr'>dicte</span> <span class='ocrx_word' id='word_1_169' title='bbox 2534 2484 3007 2558; x_wconf 78' lang='lat' dir='ltr'>Universitates</span> 
     </span>
     <span class='ocr_line' id='line_1_22' title="bbox 746 2593 3007 2680; baseline -0.001 -20"><span class='ocrx_word' id='word_1_170' title='bbox 746 2593 826 2661; x_wconf 91' lang='lat' dir='ltr'>de</span> <span class='ocrx_word' id='word_1_171' title='bbox 859 2593 1029 2662; x_wconf 91' lang='lat' dir='ltr'>dicto</span> <span class='ocrx_word' id='word_1_172' title='bbox 1079 2593 1316 2661; x_wconf 83' lang='lat' dir='ltr'>damno</span> <span class='ocrx_word' id='word_1_173' title='bbox 1368 2602 1707 2663; x_wconf 85' lang='lat' dir='ltr'>teneantur</span> <span class='ocrx_word' id='word_1_174' title='bbox 1758 2594 1930 2661; x_wconf 88' lang='lat' dir='ltr'>dicto</span> <span class='ocrx_word' id='word_1_175' title='bbox 1966 2593 2225 2661; x_wconf 87' lang='lat' dir='ltr'>domino</span> <span class='ocrx_word' id='word_1_176' title='bbox 2258 2593 2439 2679; x_wconf 90' lang='lat' dir='ltr'>Regi.</span> <span class='ocrx_word' id='word_1_177' title='bbox 2491 2593 2631 2661; x_wconf 90' lang='lat' dir='ltr'>Hoc</span> <span class='ocrx_word' id='word_1_178' title='bbox 2668 2599 2859 2680; x_wconf 80' lang='lat' dir='ltr'>pacto</span> <span class='ocrx_word' id='word_1_179' title='bbox 2898 2614 3007 2658; x_wconf 83' lang='lat' dir='ltr'>cx-</span> 
     </span>
     <span class='ocr_line' id='line_1_23' title="bbox 746 2700 3008 2790; baseline 0 -23"><span class='ocrx_word' id='word_1_180' title='bbox 746 2721 969 2786; x_wconf 79' lang='lat' dir='ltr'>presso</span> <span class='ocrx_word' id='word_1_181' title='bbox 1019 2704 1185 2771; x_wconf 90' lang='lat' dir='ltr'>inter</span> <span class='ocrx_word' id='word_1_182' title='bbox 1243 2702 1571 2789; x_wconf 83' lang='lat' dir='ltr'>predictas</span> <span class='ocrx_word' id='word_1_183' title='bbox 1623 2711 1881 2790; x_wconf 89' lang='lat' dir='ltr'>partes,</span> <span class='ocrx_word' id='word_1_184' title='bbox 1950 2704 2119 2787; x_wconf 88' lang='lat' dir='ltr'>quod</span> <span class='ocrx_word' id='word_1_185' title='bbox 2178 2703 2347 2770; x_wconf 87' lang='lat' dir='ltr'>dicte</span> <span class='ocrx_word' id='word_1_186' title='bbox 2400 2701 2868 2769; x_wconf 82' lang='lat' dir='ltr'>Universitates</span> <span class='ocrx_word' id='word_1_187' title='bbox 2922 2700 3008 2767; x_wconf 87' lang='lat' dir='ltr'>‹le</span> 
     </span>
     <span class='ocr_line' id='line_1_24' title="bbox 747 2809 3005 2903; baseline -0 -30"><span class='ocrx_word' id='word_1_188' title='bbox 747 2809 934 2876; x_wconf 88' lang='lat' dir='ltr'>dictis</span> <span class='ocrx_word' id='word_1_189' title='bbox 986 2811 1197 2895; x_wconf 84' lang='lat' dir='ltr'>pactis</span> <span class='ocrx_word' id='word_1_190' title='bbox 1251 2831 1380 2877; x_wconf 91' lang='lat' dir='ltr'>uon</span> <span class='ocrx_word' id='word_1_191' title='bbox 1430 2820 1813 2903; x_wconf 85' lang='lat' dir='ltr'>tencantur,</span> <span class='ocrx_word' id='word_1_192' title='bbox 1859 2813 1915 2877; x_wconf 92' lang='lat' dir='ltr'>si</span> <span class='ocrx_word' id='word_1_193' title='bbox 1968 2811 2258 2896; x_wconf 85' lang='lat' dir='ltr'>predicto</span> <span class='ocrx_word' id='word_1_194' title='bbox 2311 2810 2571 2876; x_wconf 90' lang='lat' dir='ltr'>domiuo</span> <span class='ocrx_word' id='word_1_195' title='bbox 2627 2811 2786 2892; x_wconf 89' lang='lat' dir='ltr'>Regi</span> <span class='ocrx_word' id='word_1_196' title='bbox 2829 2809 3005 2873; x_wconf 88' lang='lat' dir='ltr'>Hun-</span> 
     </span>
     <span class='ocr_line' id='line_1_25' title="bbox 745 2916 3003 3004; baseline -0 -23"><span class='ocrx_word' id='word_1_197' title='bbox 745 2918 931 3000; x_wconf 85' lang='lat' dir='ltr'>garie</span> <span class='ocrx_word' id='word_1_198' title='bbox 983 2917 1417 3001; x_wconf 76' lang='lat' dir='ltr'>displicerent.</span> <span class='ocrx_word' id='word_1_199' title='bbox 1467 2919 1550 2986; x_wconf 87' lang='lat' dir='ltr'>Et</span> <span class='ocrx_word' id='word_1_200' title='bbox 1583 2939 1777 3004; x_wconf 89' lang='lat' dir='ltr'>quam</span> <span class='ocrx_word' id='word_1_201' title='bbox 1830 2920 1957 2986; x_wconf 89' lang='lat' dir='ltr'>cito</span> <span class='ocrx_word' id='word_1_202' title='bbox 1993 2919 2348 3004; x_wconf 86' lang='lat' dir='ltr'>peripsum</span> <span class='ocrx_word' id='word_1_203' title='bbox 2402 2916 2728 2983; x_wconf 88' lang='lat' dir='ltr'>dominum</span> <span class='ocrx_word' id='word_1_204' title='bbox 2761 2918 3003 2999; x_wconf 84' lang='lat' dir='ltr'>Regem</span> 
     </span>
     <span class='ocr_line' id='line_1_26' title="bbox 746 3024 3001 3112; baseline 0 -25"><span class='ocrx_word' id='word_1_205' title='bbox 746 3024 1076 3108; x_wconf 86' lang='lat' dir='ltr'>Hungarie</span> <span class='ocrx_word' id='word_1_206' title='bbox 1126 3027 1431 3111; x_wconf 81' lang='lat' dir='ltr'>predictis</span> <span class='ocrx_word' id='word_1_207' title='bbox 1483 3028 2025 3097; x_wconf 81' lang='lat' dir='ltr'>Universitatibus</span> <span class='ocrx_word' id='word_1_208' title='bbox 2078 3025 2480 3112; x_wconf 86' lang='lat' dir='ltr'>constiterit,</span> <span class='ocrx_word' id='word_1_209' title='bbox 2527 3025 2702 3108; x_wconf 90' lang='lat' dir='ltr'>quod</span> <span class='ocrx_word' id='word_1_210' title='bbox 2753 3024 2813 3089; x_wconf 91' lang='lat' dir='ltr'>ei</span> <span class='ocrx_word' id='word_1_211' title='bbox 2862 3043 3001 3108; x_wconf 88' lang='lat' dir='ltr'>pre·</span> 
     </span>
     <span class='ocr_line' id='line_1_27' title="bbox 746 3131 3005 3222; baseline 0 -27"><span class='ocrx_word' id='word_1_212' title='bbox 746 3131 922 3198; x_wconf 89' lang='lat' dir='ltr'>dicta</span> <span class='ocrx_word' id='word_1_213' title='bbox 973 3132 1383 3222; x_wconf 78' lang='lat' dir='ltr'>displiceant,</span> <span class='ocrx_word' id='word_1_214' title='bbox 1435 3142 1777 3203; x_wconf 87' lang='lat' dir='ltr'>teneantur</span> <span class='ocrx_word' id='word_1_215' title='bbox 1827 3134 2118 3221; x_wconf 89' lang='lat' dir='ltr'>predicto</span> <span class='ocrx_word' id='word_1_216' title='bbox 2151 3133 2411 3200; x_wconf 88' lang='lat' dir='ltr'>domino</span> <span class='ocrx_word' id='word_1_217' title='bbox 2444 3134 2604 3217; x_wconf 88' lang='lat' dir='ltr'>Regi</span> <span class='ocrx_word' id='word_1_218' title='bbox 2636 3132 2859 3198; x_wconf 90' lang='lat' dir='ltr'>Sicilie</span> <span class='ocrx_word' id='word_1_219' title='bbox 2911 3131 3005 3195; x_wconf 87' lang='lat' dir='ltr'>di-</span> 
     </span>
     <span class='ocr_line' id='line_1_28' title="bbox 745 3241 3002 3326; baseline -0.001 -21"><span class='ocrx_word' id='word_1_220' title='bbox 745 3241 1000 3325; x_wconf 74' lang='lat' dir='ltr'>stincte,</span> <span class='ocrx_word' id='word_1_221' title='bbox 1044 3249 1236 3326; x_wconf 90' lang='lat' dir='ltr'>prout</span> <span class='ocrx_word' id='word_1_222' title='bbox 1287 3243 1371 3307; x_wconf 85' lang='lat' dir='ltr'>ab</span> <span class='ocrx_word' id='word_1_223' title='bbox 1405 3242 1630 3309; x_wconf 87' lang='lat' dir='ltr'>eodem</span> <span class='ocrx_word' id='word_1_224' title='bbox 1671 3244 1931 3310; x_wconf 91' lang='lat' dir='ltr'>domino</span> <span class='ocrx_word' id='word_1_225' title='bbox 1963 3246 2139 3326; x_wconf 78' lang='lat' dir='ltr'>Rege</span> <span class='ocrx_word' id='word_1_226' title='bbox 2171 3241 2511 3325; x_wconf 80' lang='lat' dir='ltr'>ilungarie</span> <span class='ocrx_word' id='word_1_227' title='bbox 2543 3241 3002 3326; x_wconf 75' lang='lat' dir='ltr'>presenserint,</span> 
     </span>
     <span class='ocr_line' id='line_1_29' title="bbox 744 3347 3003 3435; baseline 0 -24"><span class='ocrx_word' id='word_1_228' title='bbox 744 3350 1164 3435; x_wconf 81' lang='lat' dir='ltr'>annuntiare3</span> <span class='ocrx_word' id='word_1_229' title='bbox 1214 3359 1277 3417; x_wconf 88' lang='lat' dir='ltr'>et</span> <span class='ocrx_word' id='word_1_230' title='bbox 1308 3360 1579 3419; x_wconf 83' lang='lat' dir='ltr'>extuncc</span> <span class='ocrx_word' id='word_1_231' title='bbox 1613 3353 1827 3419; x_wconf 88' lang='lat' dir='ltr'>dictus</span> <span class='ocrx_word' id='word_1_232' title='bbox 1861 3353 2160 3418; x_wconf 86' lang='lat' dir='ltr'>dominus</span> <span class='ocrx_word' id='word_1_233' title='bbox 2194 3353 2331 3416; x_wconf 82' lang='lat' dir='ltr'>Rex</span> <span class='ocrx_word' id='word_1_234' title='bbox 2365 3348 2587 3416; x_wconf 87' lang='lat' dir='ltr'>Sicilie</span> <span class='ocrx_word' id='word_1_235' title='bbox 2620 3347 2810 3415; x_wconf 91' lang='lat' dir='ltr'>dictis</span> <span class='ocrx_word' id='word_1_236' title='bbox 2846 3348 3003 3414; x_wconf 88' lang='lat' dir='ltr'>Uni·</span> 
     </span>
     <span class='ocr_line' id='line_1_30' title="bbox 748 3452 3008 3546; baseline -0.001 -24"><span class='ocrx_word' id='word_1_237' title='bbox 748 3457 1162 3525; x_wconf 80' lang='lat' dir='ltr'>versitatibus</span> <span class='ocrx_word' id='word_1_238' title='bbox 1194 3459 1276 3527; x_wconf 85' lang='lat' dir='ltr'>de</span> <span class='ocrx_word' id='word_1_239' title='bbox 1310 3462 1617 3546; x_wconf 86' lang='lat' dir='ltr'>predictis</span> <span class='ocrx_word' id='word_1_240' title='bbox 1657 3462 1727 3529; x_wconf 89' lang='lat' dir='ltr'>in</span> <span class='ocrx_word' id='word_1_241' title='bbox 1760 3464 1963 3529; x_wconf 89' lang='lat' dir='ltr'>nihilo</span> <span class='ocrx_word' id='word_1_242' title='bbox 1994 3452 2481 3544; x_wconf 55' lang='lat' dir='ltr'>sit&#39;adstrietus,</span> <span class='ocrx_word' id='word_1_243' title='bbox 2531 3460 2648 3526; x_wconf 89' lang='lat' dir='ltr'>sed</span> <span class='ocrx_word' id='word_1_244' title='bbox 2681 3460 2825 3541; x_wconf 90' lang='lat' dir='ltr'>ipso</span> <span class='ocrx_word' id='word_1_245' title='bbox 2851 3457 3008 3542; x_wconf 85' lang='lat' dir='ltr'>jure</span> 
     </span>
     <span class='ocr_line' id='line_1_31' title="bbox 744 3563 3000 3654; baseline -0.001 -25"><span class='ocrx_word' id='word_1_246' title='bbox 744 3564 830 3629; x_wconf 91' lang='lat' dir='ltr'>sit</span> <span class='ocrx_word' id='word_1_247' title='bbox 861 3566 945 3630; x_wconf 91' lang='lat' dir='ltr'>ab</span> <span class='ocrx_word' id='word_1_248' title='bbox 977 3568 1270 3644; x_wconf 89' lang='lat' dir='ltr'>omnibus</span> <span class='ocrx_word' id='word_1_249' title='bbox 1319 3568 1635 3652; x_wconf 81' lang='lat' dir='ltr'>predictis</span> <span class='ocrx_word' id='word_1_250' title='bbox 1672 3568 2172 3654; x_wconf 83' lang='lat' dir='ltr'>obligationibus</span> <span class='ocrx_word' id='word_1_251' title='bbox 2207 3566 2557 3648; x_wconf 80' lang='lat' dir='ltr'>liberatus3</span> <span class='ocrx_word' id='word_1_252' title='bbox 2609 3572 2674 3630; x_wconf 85' lang='lat' dir='ltr'>ct</span> <span class='ocrx_word' id='word_1_253' title='bbox 2706 3563 3000 3648; x_wconf 89' lang='lat' dir='ltr'>predicte</span> 
     </span>
     <span class='ocr_line' id='line_1_32' title="bbox 749 3670 3002 3759; baseline -0.001 -22"><span class='ocrx_word' id='word_1_254' title='bbox 749 3671 1222 3740; x_wconf 81' lang='lat' dir='ltr'>Universitates</span> <span class='ocrx_word' id='word_1_255' title='bbox 1285 3675 1350 3740; x_wconf 90' lang='lat' dir='ltr'>in</span> <span class='ocrx_word' id='word_1_256' title='bbox 1415 3676 1773 3744; x_wconf 89' lang='lat' dir='ltr'>continenti</span> <span class='ocrx_word' id='word_1_257' title='bbox 1836 3677 1922 3743; x_wconf 87' lang='lat' dir='ltr'>ad</span> <span class='ocrx_word' id='word_1_258' title='bbox 1985 3674 2473 3759; x_wconf 82' lang='lat' dir='ltr'>requisitionem</span> <span class='ocrx_word' id='word_1_259' title='bbox 2535 3672 2693 3739; x_wconf 84' lang='lat' dir='ltr'>dieti</span> <span class='ocrx_word' id='word_1_260' title='bbox 2757 3670 3002 3737; x_wconf 90' lang='lat' dir='ltr'>domini</span> 
     </span>
     <span class='ocr_line' id='line_1_33' title="bbox 744 3776 3007 3867; baseline -0.002 -22"><span class='ocrx_word' id='word_1_261' title='bbox 744 3780 942 3865; x_wconf 85' lang='lat' dir='ltr'>Regis</span> <span class='ocrx_word' id='word_1_262' title='bbox 1005 3778 1334 3867; x_wconf 85' lang='lat' dir='ltr'>predictas</span> <span class='ocrx_word' id='word_1_263' title='bbox 1395 3782 1622 3864; x_wconf 88' lang='lat' dir='ltr'>galeas</span> <span class='ocrx_word' id='word_1_264' title='bbox 1656 3785 1751 3850; x_wconf 91' lang='lat' dir='ltr'>eis</span> <span class='ocrx_word' id='word_1_265' title='bbox 1815 3781 2342 3848; x_wconf 87' lang='lat' dir='ltr'>accommodatas</span> <span class='ocrx_word' id='word_1_266' title='bbox 2406 3777 2612 3846; x_wconf 87' lang='lat' dir='ltr'>cidem</span> <span class='ocrx_word' id='word_1_267' title='bbox 2668 3776 3007 3843; x_wconf 87' lang='lat' dir='ltr'>restituere</span> 
     </span>
     <span class='ocr_line' id='line_1_34' title="bbox 746 3884 3005 3975; baseline -0.002 -22"><span class='ocrx_word' id='word_1_268' title='bbox 746 3895 1109 3956; x_wconf 81' lang='lat' dir='ltr'>teneantur.</span> <span class='ocrx_word' id='word_1_269' title='bbox 1178 3887 1319 3967; x_wconf 85' lang='lat' dir='ltr'>Que</span> <span class='ocrx_word' id='word_1_270' title='bbox 1352 3890 1569 3957; x_wconf 90' lang='lat' dir='ltr'>omnia</span> <span class='ocrx_word' id='word_1_271' title='bbox 1623 3897 1690 3956; x_wconf 90' lang='lat' dir='ltr'>et</span> <span class='ocrx_word' id='word_1_272' title='bbox 1720 3890 1981 3975; x_wconf 83' lang='lat' dir='ltr'>singula</span> <span class='ocrx_word' id='word_1_273' title='bbox 2030 3889 2305 3975; x_wconf 84' lang='lat' dir='ltr'>predicti</span> <span class='ocrx_word' id='word_1_274' title='bbox 2341 3887 2592 3953; x_wconf 88' lang='lat' dir='ltr'>Sindici</span> <span class='ocrx_word' id='word_1_275' title='bbox 2632 3884 2891 3952; x_wconf 90' lang='lat' dir='ltr'>nomine</span> <span class='ocrx_word' id='word_1_276' title='bbox 2924 3904 3005 3949; x_wconf 86' lang='lat' dir='ltr'>ac</span> 
     </span>
     <span class='ocr_line' id='line_1_35' title="bbox 744 3993 3005 4083; baseline -0.002 -22"><span class='ocrx_word' id='word_1_277' title='bbox 744 3994 886 4064; x_wconf 87' lang='lat' dir='ltr'>vice</span> <span class='ocrx_word' id='word_1_278' title='bbox 918 3996 1234 4063; x_wconf 73' lang='lat' dir='ltr'>dictarum</span> <span class='ocrx_word' id='word_1_279' title='bbox 1268 3997 1774 4064; x_wconf 85' lang='lat' dir='ltr'>Universitatum</span> <span class='ocrx_word' id='word_1_280' title='bbox 1809 3998 2245 4083; x_wconf 88' lang='lat' dir='ltr'>promiserunt</span> <span class='ocrx_word' id='word_1_281' title='bbox 2275 3996 2544 4062; x_wconf 88' lang='lat' dir='ltr'>solemni</span> <span class='ocrx_word' id='word_1_282' title='bbox 2580 3993 3005 4079; x_wconf 81' lang='lat' dir='ltr'>stipulatione</span> 
     </span>
     <span class='ocr_line' id='line_1_36' title="bbox 745 4102 3002 4190; baseline 0.001 -24"><span class='ocrx_word' id='word_1_283' title='bbox 745 4102 1212 4172; x_wconf 89' lang='lat' dir='ltr'>interveniente</span> <span class='ocrx_word' id='word_1_284' title='bbox 1262 4107 1434 4173; x_wconf 85' lang='lat' dir='ltr'>(licto</span> <span class='ocrx_word' id='word_1_285' title='bbox 1485 4108 1746 4174; x_wconf 91' lang='lat' dir='ltr'>domino</span> <span class='ocrx_word' id='word_1_286' title='bbox 1799 4108 1962 4190; x_wconf 86' lang='lat' dir='ltr'>Regi</span> <span class='ocrx_word' id='word_1_287' title='bbox 2012 4105 2239 4173; x_wconf 87' lang='lat' dir='ltr'>Sicilie</span> <span class='ocrx_word' id='word_1_288' title='bbox 2294 4105 2633 4172; x_wconf 85' lang='lat' dir='ltr'>attendere</span> <span class='ocrx_word' id='word_1_289' title='bbox 2686 4110 2750 4170; x_wconf 89' lang='lat' dir='ltr'>et</span> <span class='ocrx_word' id='word_1_290' title='bbox 2789 4105 3002 4170; x_wconf 89' lang='lat' dir='ltr'>obser·</span> 
     </span>
     <span class='ocr_line' id='line_1_37' title="bbox 744 4211 3005 4298; baseline -0 -21"><span class='ocrx_word' id='word_1_291' title='bbox 744 4232 916 4295; x_wconf 79' lang='lat' dir='ltr'>vare,</span> <span class='ocrx_word' id='word_1_292' title='bbox 967 4220 1031 4277; x_wconf 90' lang='lat' dir='ltr'>et</span> <span class='ocrx_word' id='word_1_293' title='bbox 1082 4233 1154 4279; x_wconf 89' lang='lat' dir='ltr'>se</span> <span class='ocrx_word' id='word_1_294' title='bbox 1185 4214 1470 4280; x_wconf 88' lang='lat' dir='ltr'>facturos</span> <span class='ocrx_word' id='word_1_295' title='bbox 1523 4222 1589 4282; x_wconf 88' lang='lat' dir='ltr'>et</span> <span class='ocrx_word' id='word_1_296' title='bbox 1637 4235 1706 4281; x_wconf 89' lang='lat' dir='ltr'>se</span> <span class='ocrx_word' id='word_1_297' title='bbox 1738 4223 2091 4298; x_wconf 86' lang='lat' dir='ltr'>curaturos,</span> <span class='ocrx_word' id='word_1_298' title='bbox 2141 4214 2315 4298; x_wconf 88' lang='lat' dir='ltr'>quod</span> <span class='ocrx_word' id='word_1_299' title='bbox 2368 4213 2656 4297; x_wconf 82' lang='lat' dir='ltr'>quelibet</span> <span class='ocrx_word' id='word_1_300' title='bbox 2685 4211 3005 4276; x_wconf 87' lang='lat' dir='ltr'>dictarum</span> 
     </span>
     <span class='ocr_line' id='line_1_38' title="bbox 743 4318 3003 4407; baseline 0 -23"><span class='ocrx_word' id='word_1_301' title='bbox 743 4318 1255 4386; x_wconf 85' lang='lat' dir='ltr'>Universitatum</span> <span class='ocrx_word' id='word_1_302' title='bbox 1289 4322 1508 4387; x_wconf 89' lang='lat' dir='ltr'>omnia</span> <span class='ocrx_word' id='word_1_303' title='bbox 1560 4329 1623 4387; x_wconf 93' lang='lat' dir='ltr'>et</span> <span class='ocrx_word' id='word_1_304' title='bbox 1654 4323 1916 4407; x_wconf 88' lang='lat' dir='ltr'>singula</span> <span class='ocrx_word' id='word_1_305' title='bbox 1958 4323 2370 4391; x_wconf 86' lang='lat' dir='ltr'>ratificabunt</span> <span class='ocrx_word' id='word_1_306' title='bbox 2414 4328 2479 4388; x_wconf 89' lang='lat' dir='ltr'>et</span> <span class='ocrx_word' id='word_1_307' title='bbox 2510 4320 3003 4406; x_wconf 82' lang='lat' dir='ltr'>approbabunt3</span> 
     </span>
     <span class='ocr_line' id='line_1_39' title="bbox 738 4424 3005 4517; baseline -0.001 -24"><span class='ocrx_word' id='word_1_308' title='bbox 738 4426 1039 4511; x_wconf 89' lang='lat' dir='ltr'>jurantes</span> <span class='ocrx_word' id='word_1_309' title='bbox 1091 4424 1247 4493; x_wconf 89' lang='lat' dir='ltr'>dicti</span> <span class='ocrx_word' id='word_1_310' title='bbox 1298 4429 1544 4496; x_wconf 88' lang='lat' dir='ltr'>Sindici</span> <span class='ocrx_word' id='word_1_311' title='bbox 1597 4431 2022 4517; x_wconf 86' lang='lat' dir='ltr'>corporaliter</span> <span class='ocrx_word' id='word_1_312' title='bbox 2070 4430 2364 4517; x_wconf 89' lang='lat' dir='ltr'>prestitis</span> <span class='ocrx_word' id='word_1_313' title='bbox 2414 4427 2845 4496; x_wconf 88' lang='lat' dir='ltr'>sacramentis</span> <span class='ocrx_word' id='word_1_314' title='bbox 2895 4447 3005 4495; x_wconf 86' lang='lat' dir='ltr'>no-</span> 
     </span>
     <span class='ocr_line' id='line_1_40' title="bbox 748 4533 3007 4624; baseline -0.001 -23"><span class='ocrx_word' id='word_1_315' title='bbox 748 4533 915 4601; x_wconf 85' lang='lat' dir='ltr'>mine</span> <span class='ocrx_word' id='word_1_316' title='bbox 949 4534 1454 4602; x_wconf 83' lang='lat' dir='ltr'>Universitatum</span> <span class='ocrx_word' id='word_1_317' title='bbox 1490 4538 1783 4624; x_wconf 88' lang='lat' dir='ltr'>ipsarum</span> <span class='ocrx_word' id='word_1_318' title='bbox 1808 4590 1823 4622; x_wconf 91' lang='lat'>,</span> <span class='ocrx_word' id='word_1_319' title='bbox 1875 4546 1936 4605; x_wconf 85' lang='lat' dir='ltr'>et</span> <span class='ocrx_word' id='word_1_320' title='bbox 1970 4540 2051 4623; x_wconf 47' lang='lat' dir='ltr'>‚iu</span> <span class='ocrx_word' id='word_1_321' title='bbox 2085 4541 2425 4606; x_wconf 86' lang='lat' dir='ltr'>animabus</span> <span class='ocrx_word' id='word_1_322' title='bbox 2459 4536 2790 4602; x_wconf 87' lang='lat' dir='ltr'>hominum</span> <span class='ocrx_word' id='word_1_323' title='bbox 2826 4536 3007 4619; x_wconf 86' lang='lat' dir='ltr'>ipsa-</span> 
     </span>
     <span class='ocr_line' id='line_1_41' title="bbox 746 4642 3007 4735; baseline -0.001 -25"><span class='ocrx_word' id='word_1_324' title='bbox 746 4663 892 4711; x_wconf 89' lang='lat' dir='ltr'>rum</span> <span class='ocrx_word' id='word_1_325' title='bbox 925 4643 1437 4712; x_wconf 84' lang='lat' dir='ltr'>Universitatum</span> <span class='ocrx_word' id='word_1_326' title='bbox 1473 4668 1550 4714; x_wconf 88' lang='lat' dir='ltr'>ex</span> <span class='ocrx_word' id='word_1_327' title='bbox 1581 4653 1910 4735; x_wconf 81' lang='lat' dir='ltr'>potestate</span> <span class='ocrx_word' id='word_1_328' title='bbox 1961 4666 2271 4715; x_wconf 87' lang='lat' dir='ltr'>concessa</span> <span class='ocrx_word' id='word_1_329' title='bbox 2302 4647 2399 4713; x_wconf 86' lang='lat' dir='ltr'>eis</span> <span class='ocrx_word' id='word_1_330' title='bbox 2437 4666 2479 4712; x_wconf 88' lang='lat' dir='ltr'>a</span> <span class='ocrx_word' id='word_1_331' title='bbox 2510 4643 2701 4712; x_wconf 78' lang='lat' dir='ltr'>dictis</span> <span class='ocrx_word' id='word_1_332' title='bbox 2738 4642 3007 4710; x_wconf 79' lang='lat' dir='ltr'>Univer·</span> 
     </span>
    </p>
   </div>
  </div>
 </body>
</html>
