3319 5249
1945 380 2076 445 564

882 570 1182 655 judicatu
1218 571 1488 638 Comitis
1519 571 1602 637 de
1633 573 1915 659 Zotmar‚
1937 594 2206 641 necnon
2247 574 2518 640 aliorum
2529 574 2826 659 judicum
2863 576 3136 662 exempti

891 680 1151 746 omnino
1185 678 1582 745 habeantur:
1649 681 1948 746 volumus
1983 688 2047 746 et
2095 680 2397 748 fidelitati
2459 689 2672 750 vestre
2722 682 3138 768 precipiendo

889 785 1294 868 mandamus,
1329 791 1649 868 quatenus
1682 789 1975 871 prefatos
2037 786 2206 853 filios
2255 788 2553 853 Micaelis
2605 787 2824 853 nullus
2861 794 3135 854 vestrum

889 890 1130 956 audeat
1159 897 1221 955 et
1281 900 1726 977 presumpmat
1748 892 2088 978 judicare;
2137 892 2255 958 sed
2308 890 2503 974 siqui
2565 891 2822 975 aliquid
2856 893 3140 960 accionis

890 997 1130 1064 habent
1161 1004 1385 1062 contra
1439 998 1631 1083 ipsos,
1685 1018 1904 1066 coram
1959 999 2146 1065 nobis
2210 1006 2682 1083 prosequantur
2729 999 2889 1065 iuris
2921 998 3140 1066 ordine

891 1105 1269 1187 obseruat03
1303 1110 1370 1169 et
1400 1125 1517 1171 nos
1549 1103 1631 1173 de
1664 1107 1912 1175 eisdem
1943 1106 2199 1173 iusticie
2233 1106 2548 1173 faciemus
2580 1106 3138 1190 complementum.

890 1211 1129 1277 Datum
1161 1231 1363 1297 prope
1396 1210 1592 1279 Ceble
1622 1215 1691 1280 in
1723 1214 1969 1281 octauis
2004 1215 2228 1281 Sancti
2271 1215 2464 1296 Regis
2498 1214 2836 1300 Stephani.

884 1406 1162 1473 (Eredetie
1186 1405 1530 1473 bssrhartyan,
1552 1426 1586 1460 a
1612 1408 1767 1460 hatul
1793 1411 1898 1461 oda
1922 1417 2169 1475 nyomott
2194 1409 2377 1476 pecset
2404 1412 2667 1461 elveszett
2692 1429 2706 1472 ;
2733 1426 2768 1461 a
2800 1427 2982 1462 nomes
3010 1409 3138 1462 Kal-

977 1497 1069 1561 lay
1096 1495 1282 1550 csalad
1311 1496 1707 1550 leveltiraban.
1733 1499 1802 1550 V.
1843 1504 1891 1552 δ.
1918 1499 2083 1563 Pejor
2112 1500 2242 1552 cod.
2272 1501 2420 1565 Dipl.
2445 1501 2511 1552 V.
2554 1501 2666 1550 ket.
2695 1500 2745 1547 3.
2782 1517 2824 1549 r.
2854 1500 2974 1549 455.
3003 1499 3067 1565 l.)

1795 1785 2215 1797 ——-

1935 2230 2093 2298 417.

887 2426 1005 2489 IV.
1044 2426 1272 2493 Ldszlo
1300 2425 1515 2511 leirdly
1545 2427 1806 2516 Mihdly
1869 2439 2093 2496 comest
2124 2436 2187 2495 e's
2230 2429 2388 2511 fiait
2433 2428 2682 2513 qucha
2730 2450 2949 2515 meyye
2964 2427 3150 2513 sdit-

1384 2535 1859 2619 pdn·dlldsdra
1895 2539 2106 2602 nevezi
2135 2539 2225 2603 ki.
2259 2513 2359 2600 Ev
2389 2535 2625 2601 ndlkitl.

1094 2729 1444 2797 Ladizlaus
1477 2734 1601 2800 Dei
1632 2733 1858 2815 gracia
1887 2735 2025 2800 Rex
2058 2732 2342 2819 Vngarie
2379 2731 2677 2800 fidelibus
2709 2731 2846 2798 suis
2882 2729 3147 2798 vniuer·

883 2835 979 2901 sis
1016 2835 1357 2920 nobilibus,
1390 2837 1847 2924 iobagionibus
1879 2839 2112 2927 Castri,
2161 2838 2619 2921 castrensibus,
2649 2844 2714 2904 et
2745 2838 2900 2922 alijs
2933 2841 3146 2904 omni·

886 2942 1029 3029 bus,
1061 2950 1189 3010 tam
1222 2944 1587 3030 hospitibus
1620 2948 1967 3016 liberarum
1998 2950 2297 3016 villarum
2318 2999 2337 3031 ‚
2370 2967 2562 3030 quam
2612 2948 2772 3031 aliJs
2821 2948 3140 3013 cuiuscun

886 3069 1011 3132 que
1042 3051 1439 3120 condicionis
1472 3054 1834 3122 hominibus
1865 3055 1935 3121 in
1969 3055 2292 3122 Comitatu
2325 3054 2408 3120 de
2439 3053 2711 3139 Vgacha
2743 3055 3148 3139 constitutis,

881 3157 1156 3224 salutem
1187 3167 1250 3226 et
1279 3161 1585 3244 graciam.
1618 3160 1790 3240 Quia
1824 3162 1891 3228 in
1924 3164 2222 3231 omnibus
2254 3162 2443 3229 factis
2477 3161 2707 3229 vestris
2738 3167 2968 3228 nostre
3001 3163 3141 3228 Ma·

877 3266 1093 3332 iestati
1124 3264 1314 3334 fidele
1345 3268 1690 3336 seruicium
1722 3270 2127 3355 inpendistis‚
2157 3277 2348 3355 prout
2380 3290 2460 3335 ex
2491 3268 2824 3335 relacione
2865 3268 3148 3334 Comitis

879 3371 1204 3456 Mikaelis,
1238 3373 1532 3458 Magistri
1564 3375 1876 3459 Stephani
1910 3383 1975 3441 et
1994 3377 2184 3443 Pauli
2204 3377 2481 3444 filiorum
2512 3375 2826 3459 eiusdem,
2861 3375 3142 3442 dilecto-

875 3498 1017 3543 rum
1050 3485 1112 3546 et
1144 3478 1431 3547 fidelium
1465 3489 1828 3549 nostrornm
1860 3482 2324 3571 intelleximus,
2387 3483 2745 3570 regraciari
2779 3481 2967 3549 nobis
3002 3483 3141 3547 Re·

876 3585 986 3667 gio
1022 3605 1163 3651 cum
1198 3585 1424 3654 fauore
1452 3588 1773 3657 volumus.
1805 3591 2014 3676 Igitur
2048 3597 2112 3660 et
2132 3590 2430 3659 fidelitati
2462 3599 2676 3659 vestre
2706 3589 2968 3655 firmiter
2986 3609 3142 3675 pre·

872 3693 1171 3777 cipiendo
1204 3694 1601 3777 mandamus,
1634 3696 1940 3780 quatinus
1972 3699 2250 3767 eundem
2282 3698 2598 3767 Comitem
2630 3697 3033 3780 Mykaelem,
3072 3703 3146 3762 et

874 3800 1042 3866 filios
1075 3821 1228 3868 suos
1262 3803 1603 3888 predictos,
1641 3810 1952 3889 tanquam
2001 3807 2445 3875 Parochialem
2482 3803 2791 3871 Comitem
2824 3805 3148 3882 vestrum,

870 3926 1000 3974 non
1034 3906 1438 3976 obstantibus
1474 3911 1875 3994 quibuslibet
1896 3913 2130 3981 litteris
2164 3914 2419 4000 nostris,
2441 3917 2816 3979 reuerenter
2844 3909 3149 3994 recipere

868 4011 1164 4080 debeatis
1197 4024 1262 4081 et
1291 4016 1574 4085 seruicia
1610 4028 1928 4085 consueta
1962 4019 2207 4088 eisdem
2241 4022 2327 4086 ad
2361 4022 2627 4107 plenum
2659 4015 3096 4104 inpendentes
3126 4040 3144 4098 ;

867 4118 1051 4184 aliud
1083 4121 1348 4188 obtentu
1382 4130 1595 4191 nostre
1655 4126 1875 4208 gracie
1926 4127 2237 4212 plenioris
2303 4148 2430 4194 non
2461 4126 2720 4193 facturi.
2785 4126 3029 4191 Datum
3069 4125 3146 4189 in

867 4224 1137 4294 Chanad
1201 4228 1269 4294 in
1333 4229 1659 4299 dominica
1719 4235 2013 4318 proxima
2072 4243 2216 4320 post
2279 4235 2513 4302 festum
2576 4233 2763 4299 Beati
2825 4231 3148 4297 Bai-nabe

870 4327 1185 4420 Apostoli.

864 4515 1141 4584 (Eredetio
1180 4515 1505 4586 b6rb5rtyin
1532 4560 1544 4582 ,
1570 4536 1605 4573 a
1632 4519 1786 4574 hatul
1814 4521 1918 4577 oda
1961 4534 2204 4591 nyomott
2228 4520 2414 4595 pecset
2442 4525 2737 4586 olveszett;
2764 4540 2798 4575 a
2821 4538 2876 4574 n.
2906 4514 3136 4587 Kallay

1669 4612 1857 4666 cnud
1897 4614 2314 4682 leveltaraban.)
