3319 5249
1693 310 2088 416 ‘528'

766 528 972 587 torum
1007 526 1069 586 et
1102 519 1430 588 Nobilium
1463 522 1670 606 Regni
1702 523 1931 605 nostri,
1953 520 2041 587 ad
2063 525 2284 607 partes
2305 518 2749 605 Symigienses
2783 525 2848 583 et
2878 517 3038 583 Tol·

765 648 1000 695 nenses
1032 628 1422 696 accessimus
1442 681 1463 714 ,
1527 628 1594 695 in
1627 628 1869 696 eisdem
1902 630 2195 711 partibus
2250 627 2509 695 diucius
2573 633 3030 714 peragrantes,

765 752 1385 819 reuocassemusque
1436 742 1500 802 et
1530 734 1821 804 reuocari
1864 733 2243 801 fecissemus
2275 737 2614 802 vniuersas
2646 741 2857 801 terras
2907 735 3030 799 Re·

766 841 1018 927 ginales
1050 862 1164 928 per
1194 861 1612 926 quoscunque
1664 848 2014 928 occupatas
2037 894 2055 928 ,
2108 843 2383 928 populos
2415 850 2674 910 nostros
2707 840 3033 907 condicio·

766 950 985 1018 uarios
1015 951 1084 1016 in
1136 968 1355 1017 eorum
1406 949 1896 1017 condicionibus
1949 948 2038 1016 ad
2088 950 2438 1017 seruicium
2490 949 2680 1016 nobis
2733 947 3026 1014 debitum

763 1057 1039 1144 aplieari
1074 1056 1379 1128 faciendo
1408 1082 1423 1143 3
1457 1063 1670 1125 terras
1703 1077 1817 1126 seu
1848 1057 2048 1125 villas
2082 1056 2466 1125 denotarum
2500 1057 2906 1125 dominarum
2941 1055 3026 1123 de

761 1165 990 1233 Insula
1018 1164 1219 1232 Beate
1250 1165 1540 1250 Virginis
1573 1165 1819 1249 Kosuk,
1853 1164 2072 1249 Belch,
2103 1165 2378 1252 Rakusy
2411 1173 2476 1234 et
2499 1163 2692 1231 Dada
2724 1171 3022 1251 uocatas,

760 1273 827 1341 iu
859 1271 1253 1358 Symigiensi
1316 1281 1380 1339 et
1411 1273 1724 1341 Tolnensi
1758 1273 2189 1340 Comitatibus
2242 1274 2620 1358 existentes,
2675 1292 2838 1358 quas
2892 1273 3023 1337 Ma-

760 1380 963 1463 gister
990 1380 1223 1467 Moyus
1270 1381 1442 1447 bone
1495 1380 1798 1447 memorie
1831 1379 2078 1449 eisdem
2135 1381 2542 1468 dominabus,
2597 1401 2742 1448 cum
2791 1386 3020 1464 ageret

761 1487 826 1554 in
860 1487 1182 1575 extremis,
1219 1490 1302 1556 ob
1333 1488 1550 1554 anime
1580 1507 1695 1554 sue
1725 1486 2083 1554 remedium
2117 1495 2180 1556 et
2208 1490 2505 1574 salutem,
2554 1510 2698 1556 cum
2733 1487 3019 1575 puplicis

762 1601 826 1662 et
856 1593 1270 1662 euidentibus
1328 1595 1775 1662 instrumentis
1805 1594 1888 1663 de
1949 1596 2373 1665 conniuencia
2393 1650 2413 1685 ,
2479 1598 2889 1683 beneplacito
2956 1602 3019 1662 et

763 1702 1193 1790 permissione
1223 1709 1447 1770 nostra
1476 1705 1865 1791 contulerat,
1930 1703 2017 1770 ad
2051 1707 2542 1789 suggestionem
2593 1703 3012 1788 quorumdam

759 1813 1118 1880 emulorum
1153 1814 1526 1880 earumdem
1558 1811 1962 1879 dominarum
1994 1812 2308 1897 inbrigari
2345 1812 2745 1896 fecissemus,
2778 1811 3015 1879 officia·

759 1921 856 1989 les
887 1921 1172 2005 ipsarum
1204 1920 1430 2005 spacio
1469 1920 1691 2003 exigui
1723 1921 2034 2007 temporis
2065 1920 2380 1988 remoueri
2413 1919 2725 1988 facientes
2758 1922 2843 1987 ab
2894 1920 3012 1985 eis·

758 2028 938 2094 dem:
971 2028 1125 2112 quia
1154 2034 1373 2094 tamen
1406 2027 1634 2094 eedem
1668 2025 1928 2094 domine
1959 2048 2077 2112 per
2108 2033 2562 2113 procuratores
2594 2047 2749 2096 suos
2804 2025 3006 2110 legiti-

758 2155 897 2203 mos
928 2156 1074 2201 cum
1095 2133 1310 2202 studio
1342 2133 1777 2202 sollertissimi
1806 2134 2051 2201 laboris
2072 2136 2499 2204 instrumenta
2521 2142 2586 2203 et
2606 2135 3008 2202 munimenta

757 2262 881 2310 sua
911 2241 1203 2310 exhiberi
1236 2242 1529 2309 fecerunt
1563 2259 1783 2309 coram
1813 2240 2018 2329 nobis,
2053 2248 2116 2310 et
2149 2227 2392 2310 eisdem
2444 2241 2750 2328 inspectis
2804 2242 3001 2309 dona-

757 2351 1005 2418 cionem
1037 2372 1151 2437 per
1205 2350 1562 2438 predictum
1594 2351 1975 2434 Magistrum
2009 2350 2237 2437 Moyus
2269 2350 2509 2416 factam
2543 2349 2610 2414 in
2643 2348 2803 2435 ipsis
2855 2369 3011 2432 qua·

757 2464 900 2523 tuor
931 2458 1122 2525 terris
1156 2477 1271 2526 seu
1302 2457 1476 2525 villis
1506 2456 1765 2544 Kosuk,
1814 2455 2029 2542 Belch,
2080 2457 2353 2543 Rakusy
2403 2463 2466 2522 et
2518 2456 2711 2523 Dada
2762 2458 3010 2523 uocatis

756 2564 1185 2650 comperimus
1219 2585 1362 2632 esse
1395 2564 1649 2651 iustam,
1716 2563 2070 2647 decentem,
2136 2564 2460 2631 salubrem
2524 2569 2589 2632 et
2643 2562 3006 2646 honestam,

756 2670 1016 2739 remotis
1048 2678 1111 2739 et
1141 2673 1459 2741 reuocatis
1493 2671 1886 2738 officialibus
1918 2672 2158 2738 nostris
2193 2671 2278 2738 ab
2311 2669 2555 2739 eisdem
2607 2672 2806 2758 villis,
2861 2664 3007 2741 eum

756 2780 925 2847 omni
957 2780 1333 2867 integritate
1382 2787 1448 2850 et
1510 2779 1914 2867 plenitudine
1976 2801 2236 2848 suorum
2299 2779 2535 2848 iurium
2597 2780 2996 2865 reliquimus,

750 2887 1169 2974 reddidimus,
1229 2889 1635 2957 restituimus
1698 2895 1766 2954 et
1799 2888 2054 2956 restitui
2115 2887 2383 2956 fecimus
2448 2888 2741 2956 Ecclesie
2802 2889 3006 2956 Beate

750 2996 1041 3081 Virginis
1074 2997 1154 3063 de
1184 2999 1410 3066 Insula
1440 2995 1615 3083 apud
1649 2995 1921 3083 Budam,
1959 3002 2026 3062 et
2072 2996 2328 3064 deuotis
2360 2995 2745 3065 dominabus
2803 2995 2868 3062 iu
2906 3017 3002 3063 ea-

751 3100 899 3170 dem
954 3102 1249 3172 Ecclesia
1298 3103 1685 3189 degentibus
1719 3110 1784 3169 et
1842 3103 1982 3170 Deo
2017 3103 2259 3187 iugiter
2317 3104 2805 3188 famulantibus,
2868 3104 3006 3172 inre

747 3218 1062 3296 perpetuo
1093 3212 1365 3298 pacifice
1399 3219 1464 3279 et
1493 3209 2007 3279 irreuocabiliter
2060 3209 2494 3297 possidendas
2524 3235 2540 3297 ;
2572 3210 3000 3281 collacionem

744 3318 1033 3405 ipsarum
1067 3321 1550 3405 possessionum
1585 3338 1704 3404 per
1754 3318 2140 3402 Magistrum
2190 3319 2421 3403 Moyus
2474 3320 2642 3387 bone
2691 3321 2998 3388 memorie

747 3427 985 3493 factam
1005 3478 1022 3510 ,
1081 3434 1295 3496 ratam
1314 3479 1333 3514 ,
1375 3435 1630 3512 gratam
1663 3425 1978 3496 habentes
2013 3433 2080 3493 et
2111 3433 2447 3514 acceptum
2466 3479 2483 3511 ,
2539 3427 2997 3495 renunciantes

744 3532 1129 3600 auctoritate
1158 3536 1561 3621 presencium
1596 3536 1770 3602 omni
1804 3533 1927 3602 iuri
1977 3533 2307 3621 Reginali,
2360 3534 2417 3603 si
2467 3535 2641 3619 quod
2674 3556 2794 3603 nos
2844 3555 2996 3620 quo·

745 3659 1000 3726 cunque
1077 3642 1266 3710 modo
1327 3642 1396 3709 in
1458 3643 1651 3712 factis
1712 3644 2148 3731 predictarum
2212 3641 2689 3728 possessionum
2753 3644 3004 3736 Kosuk‚
3073 3659 3080 3666 ·

743 3746 962 3835 Belch,
995 3749 1269 3836 Bakusy
1303 3755 1367 3817 et
1397 3750 1588 3818 Dada
1619 3758 1996 3819 uocatarum
2031 3748 2405 3833 contingere
2447 3756 2673 3836 posset
2721 3750 2810 3817 ad
2858 3772 3000 3837 pre·

740 3873 891 3922 sens
913 3907 932 3943 ,
994 3857 1102 3923 uel
1133 3856 1339 3924 eciam
1373 3858 1442 3926 in
1472 3858 1756 3926 futurum
1777 3908 1797 3943 ,
1846 3879 1988 3926 cum
2041 3860 2108 3926 in
2160 3856 2631 3926 donacionibus
2682 3857 2998 3942 Ecclesiis

742 3962 887 4049 Dei,
919 3966 1262 4047 presertim
1298 3967 1677 4053 religiosam
1711 3968 1912 4036 vitam
1948 3967 2352 4046 ducentibus,
2387 3967 2597 4048 factis,
2639 3975 2705 4033 et
2753 3972 3000 4053 tempo·

740 4069 969 4136 raliter
1017 4078 1080 4137 et
1127 4074 1552 4159 spiritualiter
1599 4096 1733 4142 non
1785 4076 2089 4143 inmerito
2138 4093 2473 4161 speremus
2523 4073 2858 4159 gratulari.
2913 4076 3000 4142 Vt

739 4175 935 4260 igitur
966 4178 1157 4248 huius
1211 4190 1427 4251 nostre
1478 4183 1861 4251 donacionis
1924 4204 2038 4250 seu
2090 4180 2471 4250 collacionis
2534 4181 2736 4249 series
2800 4184 2998 4251 robur

741 4285 1036 4368 optineat
1067 4295 1382 4374 perpetue
1438 4290 1785 4376 firmitatis,
1838 4310 1961 4357 nec
2010 4308 2316 4376 processu
2365 4295 2724 4375 temporum
2774 4290 2996 4356 ualeat

736 4411 854 4476 per
904 4396 1272 4481 quempiam
1323 4395 1395 4465 in
1446 4399 1699 4466 irritum
1750 4399 2113 4485 retractari,
2165 4403 2504 4482 presentes
2553 4396 2992 4464 concessimus

736 4498 991 4568 litteras
1024 4502 1300 4590 duplicis
1331 4506 1539 4592 sigilli
1571 4508 1774 4575 nostri
1807 4505 2162 4574 munimine
2192 4508 2555 4575 roboratas.
2590 4506 2831 4572 Datum
2867 4524 2984 4590 per

738 4623 971 4687 manus
1000 4612 1410 4683 Venerabilis
1440 4616 1663 4687 fratris
1693 4615 1937 4683 domini
1972 4613 2308 4682 Benedicti
2343 4612 2646 4700 Episcopi
2704 4612 2988 4702 Wespri-
