3319 5249
1339 847 1444 955 58.

253 1093 312 1157 A
347 1093 615 1157 vasva'ri
645 1090 1093 1177 kciptalcmnak
1126 1088 1425 1173 bizonyos
1457 1089 1683 1175 Huluq
1715 1091 1779 1153 e's
1811 1090 1870 1156 Τ
1860 1092 2035 1155 όίΖαΙι·
2064 1081 2522 1177 nevilfiildeket

424 1200 733 1286 tcirqyazd
762 1199 1313 1283 birtokosztzilyrdl
1345 1199 1542 1263 εεόὶίό
1571 1198 2112 1284 bizonqsciqlevele.
2168 1205 2295 1268 127
2297 1206 2360 1266 4.

475 1396 850 1482 Capitulum
901 1393 1189 1462 Ecclesie
1243 1393 1470 1461 Sancti
1520 1392 1862 1461 Michaelis
1903 1394 1986 1462 de
2019 1396 2248 1462 Castro
2281 1396 2519 1464 Ferreo

255 1503 562 1570 omnibns
610 1508 946 1588 presentes
998 1501 1251 1568 litteras
1303 1500 1692 1586 inspecturis
1743 1501 2018 1569 salutem
2054 1504 2118 1568 in
2153 1523 2309 1570 vero
2346 1505 2516 1570 salu-

252 1612 406 1677 tari.
468 1608 572 1676 Ad
620 1611 1068 1679 vniuersorum
1116 1610 1420 1676 noticiam
1475 1617 1706 1676 tenore
1760 1611 2169 1695 presencium
2221 1613 2523 1679 volumus

254 1722 641 1806 peruenire,
723 1720 896 1804 quod
948 1720 1155 1786 Gwrk
1206 1718 1376 1785 filius
1427 1717 1698 1786 Comitis
1748 1718 1948 1805 Mykc
2001 1739 2082 1786 ex
2132 1740 2265 1786 vna
2314 1726 2521 1808 parte,

258 1829 603 1895 Emerieus
635 1829 808 1894 filins
840 1829 1045 1913 Jerny
1079 1836 1142 1894 et
1180 1827 1388 1914 Heym
1421 1829 1589 1894 filius
1625 1828 1910 1914 Heymes
1940 1850 2022 1896 ex
2055 1829 2267 1896 altera
2297 1849 2519 1897 coram

254 1939 450 2003 nobis
501 1936 836 2002 constituti
887 1956 1079 2019 super
1112 1932 1361 2001 duobus
1415 1936 1661 2023 predijs
1699 1936 1835 2003 suis
1867 1937 2089 2020 Hulug
2143 1944 2207 2004 et
2238 1937 2523 2004 Thouth-

258 2045 370 2111 lok
404 2046 665 2110 vocatis
717 2042 912 2111 talem
965 2045 1129 2111 inter
1179 2063 1250 2110 se
1283 2045 1799 2111 irreuooabilitcr
1848 2044 2083 2111 fecisse
2135 2044 2517 2114 diuisionem

257 2147 617 2219 retulerunt
652 2177 667 2217 :
718 2152 889 2236 quod
940 2152 1140 2218 tercia
1172 2172 1322 2236 pars
1356 2152 1793 2238 predictorum
1828 2153 2097 2220 duorum
2131 2153 2520 2242 prediorum,

260 2284 302 2326 a
331 2267 521 2347 parte
576 2259 888 2326 videlicet
937 2257 1322 2326 occidentali
1372 2260 1557 2326 iuxta
1594 2268 1833 2327 terram
1866 2261 2141 2348 predicti
2173 2262 2344 2347 Hym
2378 2283 2521 2328 cum

260 2369 563 2435 omnibus
594 2367 986 2434 Vtilitatibns
1035 2375 1099 2434 et
1130 2367 1551 2453 pertinencijs
1596 2371 1730 2436 suis
1781 2369 1983 2436 cessit
2031 2370 2097 2435 in
2151 2371 2520 2454 porcionem

260 2477 472 2562 Heym
523 2482 589 2542 et
637 2476 914 2542 Emerici
964 2475 1438 2563 predictorum,
1508 2476 1763 2542 duabus
1820 2478 2123 2561 partibus
2176 2478 2522 2547 eorundem

259 2585 631 2671 prediorum
680 2604 722 2650 a
753 2590 939 2669 parte
969 2582 1278 2650 videlicet
1328 2583 1630 2651 orientali
1686 2584 1986 2653 similiter
2019 2604 2165 2651 cum
2207 2585 2345 2654 suis
2378 2607 2519 2673 per-

259 2693 570 2779 tinencijs
621 2691 986 2776 prescripto
1037 2691 1238 2757 Gwrk
1316 2693 1823 2760 remanentibus.
1908 2694 2150 2760 Horum
2205 2693 2520 2778 siquidem

258 2804 466 2869 tercia
512 2823 668 2889 pars
721 2823 762 2869 a
817 2801 1067 2867 duabus
1119 2801 1412 2885 partibus
1459 2800 1582 2888 hys
1640 2803 1828 2869 metis
1879 2802 2296 2888 distingitnr3
2345 2804 2519 2871 vide·

258 2910 412 2977 licet
465 2911 635 2993 quod
687 2910 896 2995 primo
949 2909 1278 2993 pergendo
1329 2930 1370 2975 a
1421 2918 1609 2996 parte
1651 2909 1836 2978 Baba
1886 2910 1952 2975 in
2005 2909 2260 2977 duabus
2311 2911 2520 2995 metiS,

260 3038 540 3103 quarum
590 3040 722 3086 vna
771 3020 1062 3086 continet
1112 3020 1410 3087 arborem
1463 3043 1641 3106 eyter,
1691 3021 1903 3086 altera
1950 3025 2201 3106 terrea,
2246 3038 2524 3102 vergens

263 3146 493 3194 versus
541 3122 877 3197 meridiem
917 3146 1033 3211 per
1066 3125 1256 3192 binas
1308 3132 1374 3191 et
1404 3126 1595 3193 binas
1634 3132 1841 3193 metas
1874 3127 2171 3211 peruenit
2202 3125 2287 3192 ad
2322 3146 2522 3208 quan·

262 3236 411 3300 dam
465 3236 685 3315 viam,
754 3254 881 3318 qne
929 3232 1110 3300 vc'nit
1163 3234 1244 3301 de
1295 3235 1571 3313 ecclesia
1620 3234 1810 3300 Beati
1866 3233 2208 3318 Laurencij
2234 3285 2252 3319 ,
2321 3252 2525 3319 penes

260 3363 457 3428 qnam
492 3349 643 3409 sunt
672 3341 798 3410 due
831 3349 1001 3409 mete
1039 3350 1286 3427 terree;
1337 3342 1614 3411 tendens
1663 3344 1751 3411 ad
1785 3341 2116 3410 meridiem
2152 3362 2297 3408 cum
2330 3343 2519 3408 metis

260 3451 664 3539 dupplicatis
716 3452 1011 3537 peruenit
1058 3451 1144 3518 ad
1179 3471 1486 3536 magnam
1519 3459 1812 3537 stratam,
1860 3471 1985 3534 que
2019 3450 2196 3517 ducit
2247 3449 2332 3516 ad
2367 3448 2519 3515 Cur-

257 3559 473 3641 mend,
521 3579 723 3647 penes
776 3580 971 3644 quam
1025 3568 1176 3628 sunt
1231 3560 1355 3628 due
1406 3568 1598 3646 mete,
1647 3581 1775 3628 vna
1826 3561 2227 3645 amplectens
2278 3558 2520 3645 ilicem,

258 3668 471 3735 altera
531 3678 800 3751 terrea3
850 3688 1069 3736 rursus
1132 3670 1217 3735 ad
1282 3670 1614 3737 meridiem
1679 3669 1979 3755 peruenit
2042 3668 2130 3733 ad
2193 3664 2519 3749 quandam

257 3779 458 3861 viam,
510 3796 637 3860 que
668 3776 780 3843 via
809 3776 1191 3841 Latinorum
1241 3782 1670 3862 nuncupatur,
1724 3794 1925 3862 penes
1976 3794 2172 3858 quam
2210 3780 2362 3840 sunt
2392 3772 2519 3838 due

255 3894 468 3968 mete,
515 3907 646 3952 vna
707 3884 1044 3951 continens
1109 3884 1361 3969 ilicem,
1405 3885 1617 3951 altera
1677 3890 1929 3968 terrea;
1979 3902 2247 3950 currens
2310 3876 2525 3945 adhuc

253 4015 486 4061 versus
537 3993 875 4060 meridiem
925 3991 1228 4078 peruenit
1277 3992 1365 4058 ad
1418 3992 1742 4076 quandam
1798 3992 1973 4060 viam
2026 3992 2307 4077 kyralwt
2339 4008 2525 4055 voca-

256 4109 418 4190 tam,
468 4098 700 4186 (penes
755 4098 980 4186 quam)
1033 4108 1184 4167 sunt
1233 4099 1359 4167 due
1409 4107 1619 4185 mete,
1668 4119 1797 4166 vna
1855 4098 2256 4184 amplectens
2288 4096 2526 4178 ilicem,

258 4208 472 4275 altera
503 4216 738 4294 terrea,
789 4208 1009 4292 ibique
1039 4208 1438 4275 terminatur.
1504 4206 1897 4293 obligarunt
1946 4227 2018 4273 se
2068 4203 2523 4272 nichilominus

259 4317 462 4401 ijdem
517 4314 852 4383 Emericus
903 4321 966 4382 et
999 4316 1226 4403 Heym,
1280 4314 1635 4400 predictum
1688 4314 1892 4383 Gwrk
1945 4334 1986 4380 a
2030 4313 2184 4400 filijs
2217 4308 2525 4378 Frachini

261 4425 527 4492 racione
574 4424 895 4509 premisse
945 4422 1291 4492 diuisionis
1345 4424 1694 4491 molestare
1744 4423 2111 4491 volentibus
2162 4421 2527 4488 defensare..

266 4535 342 4600 In
385 4533 571 4601 cuius
623 4534 998 4601 memoriam
1051 4533 1405 4619 pleniorem
1458 4531 1544 4598 ad
1595 4531 1980 4617 peticionem
2042 4530 2333 4616 parcium
2388 4548 2527 4612 pre-

266 4652 488 4711 sentes
520 4642 960 4710 concessimus
993 4642 1248 4709 litteras
1288 4642 1493 4724 sigilli
1529 4640 1731 4707 nostri
1783 4640 2136 4706 munimine
2170 4637 2527 4704 roboratas.

357 4780 688 4818 nozuncurt
720 4780 881 4816 rinno.
915 4778 1055 4816 ms‘r.
1091 4787 1169 4798 —-
1208 4778 1350 4813 mer„
1389 4771 1463 4815 17.
2167 4750 2200 4819 7
