3319 5249
1348 362 1361 367 ῃ
1386 267 1520 332 503

1298 358 1607 369 -ffi-——u—n-

1379 897 1536 964 362.

321 1095 379 1162 A
411 1100 606 1184 9μόνί
634 1097 956 1183 kdptalan
987 1098 1195 1182 dtirja
1245 1098 1424 1181 sajdt
1477 1096 1752 1160 1241·Ῑοί
1803 1094 2360 1182 Eyyhdzasurkun
2414 1102 2574 1160 nevit

723 1205 996 1269 birtokot
1029 1205 1348 1291 tdryyazd
1376 1204 1953 1290 bizonysdqleveldt.
1991 1203 2183 1268 1289.

535 1399 906 1485 Capitulum
940 1399 1304 1466 Jauriensis
1336 1399 1628 1467 Ecclesie
1662 1401 1981 1467 vniuersis
2015 1398 2256 1464 Christi
2277 1397 2580 1465 fidelibus

313 1506 719 1593 presencium
749 1506 1054 1574 noticiam
1086 1506 1409 1573 habituris
1458 1507 1741 1573 salutem
1800 1506 1868 1572 in
1933 1506 2233 1574 Domino,
2296 1504 2576 1571 Nouerit

317 1613 710 1682 vniuersitas
741 1620 975 1698 vestra,
1011 1612 1180 1696 quod
1213 1615 1440 1681 Comes
1472 1612 1855 1680 Valentinus
1888 1614 2063 1681 filius
2096 1613 2428 1679 Valentini
2497 1612 2581 1679 de

319 1719 636 1804 Gyourou
664 1740 881 1787 coram
914 1720 1099 1789 nobis
1134 1723 1521 1787 constitutus
1556 1721 1986 1805 personaliter
2039 1720 2333 1787 exhibuit
2382 1720 2573 1787 nobis

321 1828 649 1913 quoddam
682 1829 1028 1912 antiquum
1056 1827 1470 1914 priuilegium
1522 1848 1708 1894 suum
1759 1828 1881 1894 sub
1930 1837 2148 1894 nostre
2202 1827 2570 1895 Communi-

323 1934 484 2003 tatis
518 1935 739 2019 sigillo
772 1935 1133 2002 confectum
1166 1943 1322 2002 ante
1351 1935 1706 2013 aduentum
1729 1937 2166 2017 Tartarorum‚
2201 1936 2310 2020 qni
2331 1941 2571 2021 tempo-

325 2042 505 2109 ribus
538 2042 871 2124 quondam
919 2043 1076 2109 Bele
1126 2042 1415 2111 Illustris
1466 2045 1665 2127 Regis
1718 2043 2004 2127 Vngarie
2051 2042 2258 2127 primo
2285 2043 2579 2126 Regnum

322 2151 614 2236 Vngarie
645 2150 1061 2235 inuaserunt3
1095 2159 1159 2217 et
1192 2152 1345 2217 licet
1374 2150 1539 2218 illud
1572 2150 1986 2235 priuilegium
2021 2171 2134 2237 pre
2165 2150 2374 2217 nimia
2402 2157 2584 2217 vetu-

322 2266 496 2326 state
529 2258 716 2342 quasi
750 2261 1041 2327 consumi
1077 2258 1433 2343 videbatur,
1473 2268 1536 2327 et
1566 2261 1635 2326 in
1670 2260 2058 2343 quibusdam
2080 2261 2238 2327 loeis
2261 2259 2582 2326 tinearum

325 2366 806 2434 corrosionibus
841 2375 1015 2436 esset
1049 2368 1428 2435 demolitum
1457 2392 1473 2452 ς
1525 2376 1746 2434 tamen
1780 2368 1996 2435 littere
2029 2369 2321 2435 eiusdem
2370 2387 2585 2436 eoram

321 2473 507 2541 nobis
540 2475 834 2542 seriatim
865 2477 1116 2561 perlegi
1147 2484 1534 2565 potuerunt:
1569 2480 1633 2542 et
1664 2476 1900 2561 petiuit
1948 2476 2120 2544 idem
2173 2477 2401 2543 Comes
2452 2475 2577 2544 Va-

321 2582 610 2651 lentinus
641 2605 684 2651 a
713 2583 898 2651 nobis
930 2584 1285 2673 instanter,
1351 2583 1527 2671 quod
1559 2585 1771 2671 ipsum
1833 2582 2253 2670 priuilegium
2304 2602 2578 2651 renoua-

326 2709 563 2778 remus,
599 2697 888 2758 tenorem
923 2691 1216 2759 eiusdem
1250 2695 1486 2760 nostris
1523 2691 1934 2777 presentibus
1999 2692 2195 2759 inseri
2257 2691 2616 2761 faciendo„

328 2795 528 2865 Cuius
561 2798 822 2880 quidem
854 2799 1179 2883 priuilegij
1212 2807 1401 2866 tenor
1432 2800 1586 2867 talis
1621 2807 1760 2866 est:

538 2906 907 2994 Capitulum
941 2909 1303 2975 Jauriensis
1335 2909 1632 2975 Ecclesie
1663 2909 1787 2975 stb.
1820 2907 2251 2993 (kovetkezik
2288 2928 2330 2974 a
2387 2909 2582 2994 gyori

324 3015 785 3100 kaptalannak
822 3016 1096 3082 1241-ki
1147 3016 1746 3101 bizonysaglevele,
1805 3014 1967 3081 mint
2015 3014 2580 3100 gytijtemenyunk
2651 3033 2652 3036 ’

326 3122 469 3188 VII.
506 3123 741 3209 vagyis
774 3144 816 3189 a
846 3123 1149 3196 masodik
1181 3125 1428 3210 folyam
1457 3127 1545 3192 ΙΙ.
1576 3124 1926 3210 koteteben
1963 3126 2114 3189 125.
2150 3120 2226 3208 l.)

541 3231 678 3299 Nos
710 3231 908 3316 igitur
942 3232 1093 3315 quia
1154 3233 1223 3299 in
1256 3233 1431 3299 dieto
1463 3232 1810 3317 priuilegio
1874 3231 2120 3297 nullam
2153 3227 2454 3295 fraudem
2485 3229 2585 3296 ni-

327 3335 537 3406 dimus
571 3359 927 3425 apparere,
992 3348 1056 3406 et
1088 3340 1376 3424 sigillum
1436 3348 1728 3407 nostrum
1795 3338 2005 3407 eidem
2065 3336 2412 3422 priuilegio
2474 3357 2586 3423 ap·

324 3447 602 3532 positum
663 3467 888 3514 uerum
949 3450 1441 3531 recognouimus
1464 3500 1480 3531 ‚
1546 3449 1719 3517 idem
1774 3447 2185 3534 priuilegium
2251 3446 2333 3513 de
2388 3446 2587 3513 uerbo

322 3555 406 3623 ad
437 3557 708 3622 verbum
738 3556 1006 3624 rescribi
1038 3556 1340 3623 faciendo
1406 3557 1863 3626 renouauimus
1910 3565 1975 3624 et
2025 3562 2408 3624 renouatum
2471 3572 2584 3638 ap·

324 3662 656 3749 posicione
716 3666 923 3730 nostri
955 3666 1273 3749 presentis
1325 3666 1634 3733 autentici
1671 3664 1876 3750 sigilli
1928 3665 2231 3732 duximus
2279 3664 2586 3731 roboran-

327 3770 496 3836 dum.
533 3774 777 3838 Datum
811 3774 905 3837 V⁰
933 3794 1138 3841 nonas
1171 3776 1397 3862 Maroij
1454 3796 1628 3842 anno
1680 3774 1944 3842 Domini
2006 3771 2235 3840 M⁰CC⁰
2270 3770 2590 3857 octagesi-

327 3898 428 3945 mo
495 3877 635 3945 1x0.
708 3881 1024 3966 Magistro
1090 3883 1453 3950 Carachino
1540 3882 1844 3950 Ecclesie
1930 3890 2150 3949 nostre
2230 3878 2586 3965 Preposit0‚

322 3986 667 4055 Dominioo
702 3988 1006 4075 Cantore,
1068 3995 1229 4059 Bors
1269 3992 1560 4078 Lectore,
1626 3991 1962 4076 Stephano
1997 3987 2279 4057 Custode
2311 3988 2587 4094 existen·

321 4095 517 4163 tibus.
1172 4105 1181 4113 ‘
2409 4094 2426 4100 ”

1000 4189 1056 4252 Α
1430 4192 1483 4256 Β
1865 4187 1914 4252 Ο

323 4364 600 4428 (Et-edotio
627 4381 662 4417 a
687 4368 868 4433 Rumy
895 4364 1083 4420 caalad
1123 4366 1518 4432 leveltarabam
1547 4368 1819 4423 masolata
1837 4384 1870 4421 a
1891 4383 2117 4434 magyar
2143 4368 2425 4421 academia
2450 4369 2582 4422 irat·

1317 4457 1586 4528 taraban.)
