3319 5249
1349 375 1477 444 359

1353 1002 1501 1070 256.

301 1221 411 1287 IV.
447 1222 712 1287 Mdrton
736 1225 927 1309 pcipa
956 1245 1000 1284 a
1016 1221 1263 1304 jacit-ai
1294 1223 1531 1288 c'rsekct
1568 1224 1904 1307 ηιεῃόἰεεα,
1941 1225 2107 1311 hoqy
2122 1221 2348 1310 frater
2379 1223 2531 1290 Gal-

299 1339 522 1396 vamoet
578 1327 1063 1394 domolrosrencli
1121 1340 1465 1410 szerzetest‚
1515 1332 1588 1394 ki
1618 1330 1974 1418 enqedelem
2002 1331 2225 1397 nakel
2274 1355 2317 1397 a
2367 1354 2529 1397 sear-

298 1439 495 1504 donai
525 1437 937 1523 pilspbkse'qet
973 1436 1325 1523 elfoyadta,
1358 1437 1818 1524 felfe'iqeszsze,
1867 1465 1897 1504 s
1947 1462 2023 1503 az
2073 1439 2347 1525 apostoli
2379 1442 2518 1503 sze'k

1122 1545 1215 1608 ele
1243 1545 1472 1609 ideae.
1510 1544 1704 1610 1283.

503 1761 821 1827 Martinus
883 1761 1243 1846 Episcopus
1309 1780 1533 1827 servus
1594 1780 1920 1827 servorum
1983 1760 2104 1827 Dei
2170 1762 2522 1828 venerabili

291 1868 470 1936 fratri
509 1920 524 1934 .
562 1920 577 1934 .
612 1922 626 1937 .
659 1871 1156 1956 Archiepiscopo
1218 1868 1520 1935 Jadrensi
1553 1869 1826 1937 salutem
1861 1875 1925 1936 et
1956 1868 2396 1955 Apostolieam
2419 1870 2526 1938 be·

293 1977 744 2045 nedictionem.
818 1978 1220 2061 Significavit
1272 1978 1456 2044 nobis
1527 1978 1803 2045 dilectus
1850 1977 2023 2044 filius
2064 2028 2078 2043 .
2107 2030 2121 2044 .
2160 2028 2173 2042 .
2226 1977 2531 2062 Magister

295 2086 561 2155 Ordinis
594 2085 862 2152 fratrum
917 2087 1420 2170 medicatorum,
1474 2086 1646 2169 quod
1697 2085 1846 2153 licet
1896 2105 2010 2173 per
2057 2088 2307 2153 litteras
2343 2084 2529 2152 Sedis

289 2195 663 2282 Apostolice
695 2199 778 2262 sit
809 2196 1148 2262 inhibitum
1172 2248 1188 2279 ‚
1229 2205 1294 2260 ut
1328 2196 1484 2260 nulli
1516 2195 1751 2263 fratres
1782 2197 1984 2281 ipsius
2019 2193 2301 2282 Ordinis,
2333 2196 2389 2260 si
2420 2214 2530 2262 eos

289 2303 351 2371 in
381 2305 741 2390 Episcopus
777 2304 932 2388 eligi
976 2312 1090 2369 aut
1120 2305 1427 2386 postulari
1467 2304 1627 2370 forte
1662 2304 2021 2387 contigerit,
2072 2302 2367 2372 electioni
2417 2323 2531 2370 seu

288 2410 710 2496 postulationi
746 2413 828 2477 de
861 2430 930 2477 se
963 2414 1137 2478 facte
1170 2413 1454 2479 audeant
1477 2414 1852 2496 consentire,
1874 2431 1993 2480 nec
2013 2411 2251 2496 aliquis
2272 2411 2532 2479 Arcbie-
2610 2436 2618 2446 ·

284 2521 593 2606 piscopus
625 2540 736 2586 seu
771 2521 1134 2603 quicunque
1166 2523 1335 2586 alius
1373 2523 1686 2607 Prelatus‚
1723 2522 1823 2587 vel
1858 2521 2056 2587 etiam
2088 2521 2376 2605 Legatus
2408 2519 2520 2587 Se·

288 2628 386 2695 dis
417 2629 626 2716 ipsius
660 2630 871 2695 dictos
903 2629 1159 2712 fratres,
1197 2630 1323 2695 uisi
1348 2630 1428 2695 de
1462 2632 1755 2713 Magistri
1790 2630 2075 2696 eiusdem
2099 2629 2204 2696 vel
2226 2630 2521 2721 Priorum
2556 2694 2560 2698 .

287 2737 808 2820 Provincialium,
844 2739 951 2823 qui
987 2758 1101 2823 pro
1134 2745 1418 2823 tempore
1452 2740 1723 2821 t‘uerint‚.
1753 2739 2019 2805 licentia
2069 2744 2129 2805 et
2180 2758 2514 2824 consensu,
2630 2722 2635 2727 ’

286 2854 397 2912 aut
423 2845 704 2930 speciali
737 2845 1040 2911 mandato
1072 2845 1262 2912 Sedis
1295 2847 1580 2913 eiusdem
1614 2845 1700 2910 ad
1738 2846 2185 2931 Episcopatus
2220 2847 2323 2913 vel
2358 2845 2527 2913 alias

286 2956 611 3037 quaslibet
641 2954 996 3039 dignitates
1031 2964 1215 3021 extra
1253 2955 1492 3020 dietum
1528 2954 1836 3021 Ordinem
1870 2974 2201 3021 assumere
2234 2954 2523 3021 velordi·

289 3084 442 3130 nare
491 3069 907 3148 presumant3
959 3084 1071 3150 per
1120 3064 1384 3130 easdem
1437 3083 1692 3147 quoque
1769 3063 2017 3130 litteras
2067 3063 2153 3130 sit
2202 3064 2553 3139 decretum?
2598 3134 2607 3141 ⁴

287 3174 541 3239 irritum
595 3180 656 3237 et
699 3173 911 3258 inane,
948 3172 1254 3256 quicquid
1288 3180 1512 3240 contra
1563 3174 2010 3241 inhibitionem
2064 3170 2451 3257 huiusmodi}
2489 3193 2530 3237 a

288 3284 779 3366 quibuscunque
830 3283 1173 3367 contigerit
1253 3286 1654 3368 attemptari,
1711 3285 2102 3350 auctoritate
2150 3279 2531 3366 Apostolica

287 3410 542 3476 semper
591 3391 811 3457 salva:
863 3398 1080 3457 tamen
1113 3392 1313 3457 frater
1347 3390 1705 3473 Galvanus,
1744 3391 2151 3457 Dalmatinus
2204 3389 2528 3475 professus

289 3497 440 3564 dicti
486 3497 771 3581 Ordinis,
807 3498 1157 3582 provisioni
1192 3519 1304 3565 seu
1339 3500 1637 3565 electioni
1674 3499 1755 3564 de
1789 3499 1927 3583 ipso
1950 3498 2037 3565 ad
2061 3499 2524 3582 Episcopatum

287 3606 802 3673 Scardonensem
835 3605 1009 3672 facte
1050 3614 1272 3673 contra
1324 3607 1770 3673 inhibitionem
1824 3616 1888 3671 et
1921 3607 2250 3672 decretum
2308 3605 2525 3671 huius·

291 3714 458 3780 modi
493 3722 731 3780 temere
764 3714 1128 3780 consentire
1196 3715 1602 3799 presumpsit.
1671 3714 1885 3791 Quare
1948 3714 2156 3780 dictus
2218 3711 2527 3798 Magister

288 3822 440 3890 facit
474 3843 516 3887 a
548 3823 731 3890 nobis
763 3842 907 3888 cum
940 3824 1256 3921 instantia
1313 3824 1641 3908 postulari,
1677 3823 1746 3887 u't
1796 3822 2130 3908 providere
2182 3842 2375 3906 super
2408 3820 2529 3887 hoc

289 3939 561 4015 paterna
592 3928 1014 3998 sollicitudini
1045 3952 1432 3999 curaremus.
1493 3931 1592 3996 Ne
1626 3932 1822 4015 igitur
1853 3931 2060 3995 dictus
2091 3930 2411 3997 Salvanus
2444 3928 2527 3996 de

290 4048 462 4138 tante
495 4038 865 4107 ambitionis
899 4060 1171 4107 excessu
1204 4040 1424 4106 valeat
1475 4040 1760 4127 gloriari,
1811 4039 2203 4108 fraternitati
2255 4044 2359 4103 tue
2415 4057 2528 4122 per

291 4148 666 4234 Apostolica
701 4149 942 4235 scripta
976 4148 1378 4233 mandamus,
1430 4156 1747 4233 quatenus
1801 4147 2113 4230 inquisita
2164 4167 2358 4233 super
2406 4146 2527 4212 boc

290 4257 636 4341 diligenter
666 4259 963 4341 veritate,
1000 4258 1055 4323 si
1089 4277 1220 4323 rem
1257 4257 1575 4324 inveneris
1608 4256 1700 4321 ita
1752 4275 1912 4340 esse,
1965 4254 2322 4342 predictum
2376 4254 2523 4320 Gal-

290 4384 435 4430 num
459 4365 543 4428 ab
567 4364 781 4430 officio
802 4364 1237 4449 beneficioque
1259 4363 1900 4450 suspendas,etiamsi
1922 4363 2006 4429 ad
2029 4362 2167 4429 eius
2190 4381 2523 4428 consecra·

289 4471 521 4539 tionem
543 4491 909 4557 processum
930 4471 1126 4539 fuerit
1145 4493 1264 4558 per
1285 4491 1749 4557 quemcunque,
1785 4493 1862 4537 ae
1892 4472 2105 4555 ipsum
2140 4469 2232 4535 sie
2263 4487 2525 4553 suspen-

292 4601 426 4645 sum
461 4582 545 4646 ad
578 4601 694 4645 nos
729 4581 947 4648 mittas
982 4578 1157 4647 infra
1185 4587 1635 4667 ‚conpetentem
1656 4581 2018 4661 terminum,
2043 4599 2230 4662 quem
2255 4578 2315 4642 ei
2336 4576 2527 4642 duxe-

291 4689 376 4753 ris
407 4689 867 4773 prefigemdum
899 4712 1016 4777 pro
1038 4689 1286 4757 meritis
1306 4698 1726 4775 recepturum.
1749 4687 2068 4770 Quicquid
2089 4709 2127 4751 a
2143 4693 2305 4751 utem
2327 4704 2523 4768 super
