3319 5249
1401 304 1526 373 155

317 508 657 573 communi
693 526 1005 573 consensu
1060 506 1160 572 uel
1215 524 1433 571 earum
1489 504 1695 570 maior
1726 522 1880 590 pars
1903 502 2158 589 consilij
2196 502 2494 587 sanioris,
2528 501 2586 570 si

312 614 412 682 ad
448 636 569 682 eas
602 615 945 681 dumtaxat
994 613 1311 681 Priorisse
1362 618 1620 699 spectat
1668 612 1938 700 electio,
1984 611 2337 679 secundum
2376 613 2582 680 Deum

315 732 387 790 et
427 722 657 790 Sancti
690 723 1039 806 Augustini
1070 724 1365 807 regulam
1399 719 1803 809 prouiderint
1832 719 2221 807 eligendam.
2257 720 2408 786 Paci
2431 741 2584 804 quo-

312 852 450 916 que
484 837 553 898 et
584 830 1046 915 tranquillitati
1080 838 1296 898 uestre
1347 837 1626 915 paterna
1673 830 1741 896 in
1780 836 2110 915 posterum
2149 828 2588 896 sollicitudine

314 939 679 1026 prouidere
711 939 1027 1028 uolentes,
1081 937 1467 1006 auctoritate
1517 938 1896 1022 Apostolica
1925 935 2363 1023 prohibemus,
2396 944 2464 1004 ut
2491 937 2588 1003 in-

234 1081 245 1089 ·
313 1049 429 1114 fra
460 1049 805 1115 clausuras
839 1049 1120 1114 locorum
1173 1067 1291 1114 seu
1330 1045 1753 1130 grangiarum
1806 1053 2173 1113 uestrarum
2224 1043 2448 1110 nullus
2483 1064 2586 1110 ra·

313 1157 561 1242 pinam
593 1175 710 1221 seu
744 1154 983 1221 furtum
1034 1154 1273 1249 facere,
1320 1153 1537 1239 ignem
1591 1172 1953 1241 apponere,
1999 1153 2386 1237 sanguinem
2437 1151 2581 1219 fun·

312 1265 503 1350 dere,
559 1263 883 1330 hominem
952 1300 1028 1309 —
1076 1300 1148 1309 —
1195 1300 1265 1309 —
1308 1299 1394 1310 —-
1444 1263 1550 1329 uel
1602 1262 1981 1347 interficere,
2045 1281 2160 1329 seu
2210 1258 2587 1327 uiolentiam

313 1372 575 1439 audeat
623 1391 951 1439 exercere.
998 1372 1305 1439 Preterea
1354 1391 1578 1439 omnes
1626 1356 1965 1440 libertates
2026 1378 2092 1438 et
2153 1368 2588 1436 immunitates

312 1500 361 1544 a
415 1478 991 1566 predecessoribus
1051 1480 1294 1546 nostris
1344 1477 1655 1546 Romanis
1717 1476 2137 1546 Pontificibus
2198 1477 2588 1545 Monasterio

310 1593 549 1653 uestro
581 1607 963 1674 concessas3
1009 1607 1131 1655 nec
1179 1608 1311 1655 non
1360 1587 1703 1654 libertates
1753 1594 1817 1655 et
1852 1588 2294 1673 exemptiones
2335 1587 2585 1654 secula·

308 1695 494 1762 rium
530 1696 941 1764 exactionum
974 1718 1016 1764 a
1051 1696 1335 1780 Regibus
1373 1702 1438 1762 et
1473 1695 1885 1781 Principibus
1931 1694 2036 1762 uel
2088 1695 2240 1781 alijs
2292 1693 2590 1761 fidelibus

311 1803 812 1871 rationabiliter
842 1804 1027 1872 uobis
1063 1802 1371 1889 indultas,
1423 1803 1813 1871 auctoritate
1844 1802 2222 1888 Apostolica
2254 1802 2589 1869 confirma-

313 1931 473 1979 mus
511 1916 578 1977 et
612 1913 934 1996 presentis
985 1910 1209 1997 scripti
1244 1910 1591 1996 priuilegio
1625 1910 2112 1978 communimus.
2163 1909 2591 1978 Decernimus

312 2039 510 2104 ergo,
552 2025 624 2084 ut
655 2017 818 2084 nulli
852 2018 1109 2086 omnino
1140 2017 1469 2085 hominum
1502 2018 1704 2086 liceat
1750 2018 2075 2105 prefatum
2126 2016 2591 2085 Monasterinm

316 2135 579 2194 temere
613 2127 1006 2213 perturbare,
1057 2135 1169 2194 aut
1216 2128 1353 2194 eius
1385 2126 1834 2212 possessiones
1883 2125 2155 2214 auferre,
2193 2126 2297 2194 uel
2330 2127 2592 2193 ablatas

312 2234 633 2321 retinere,
684 2235 987 2321 minuere,
1021 2254 1139 2301 seu
1173 2233 1567 2319 quibuslibet
1603 2233 2100 2301 uexactionibus
2135 2233 2437 2318 fatigare,
2473 2230 2591 2301 sed

311 2342 558 2410 omnia
588 2342 838 2426 integra
868 2348 1320 2410 conseruenter
1358 2363 1600 2428 earum,
1654 2363 1774 2428 pro
1812 2361 2084 2426 quarum
2119 2340 2591 2425 gubernatione

314 2472 409 2518 ac
443 2452 928 2519 sustentatione
960 2471 1270 2519 concessa
1300 2459 1472 2538 sunt,
1514 2452 1742 2519 usibus
1794 2448 2180 2518 omnimodis
2220 2448 2592 2535 profutura3

311 2560 531 2627 salua
563 2558 748 2627 Sedis
780 2560 1152 2647 Apostolice
1185 2561 1573 2629 auctoritate
1606 2565 1670 2641 et
1702 2561 2212 2627 Diocesanorum
2243 2558 2594 2644 Episcopo·

312 2690 471 2736 rum
510 2668 777 2735 iustitia.
811 2668 880 2735 Si
901 2689 1031 2753 qua
1062 2669 1261 2753 igitur
1292 2671 1359 2736 in
1390 2668 1675 2736 futurum
1709 2668 2161 2737 ecclesiastica
2191 2668 2592 2735 secularisue

310 2796 609 2864 persona
640 2777 806 2844 hanc
840 2783 1060 2846 nostre
1094 2777 1574 2843 constitutionis
1595 2777 1903 2862 paginam
1937 2778 2153 2843 sciens
2187 2782 2414 2844 contra
2446 2795 2590 2842 eam

315 2893 580 2950 temere
616 2885 837 2951 uenire
867 2883 1299 2969 temptauerit,
1349 2883 1630 2951 secundo
1684 2886 1962 2953 tertioue
2002 2884 2410 2964 commonita,
2461 2883 2590 2951 nisi

310 2998 586 3060 reatum
620 3013 801 3059 suum
839 3012 1124 3078 congrua
1152 2993 1596 3061 satisfactione
1618 2992 1988 3079 correxerit,
2029 2993 2372 3080 potestatis
2391 2993 2589 3059 hono·

314 3102 563 3183 risque
593 3100 693 3168 sui
724 3108 948 3167 careat
977 3102 1314 3188 dignitate,
1344 3120 1648 3186 reamque
1682 3122 1754 3168 se
1787 3100 2027 3169 Diuino
2050 3101 2287 3169 iudicio
2308 3103 2590 3169 existere

312 3208 416 3275 de
445 3215 824 3294 perpetrata
856 3208 1199 3293 iniquitate
1231 3217 1596 3294 cognoscat,
1648 3231 1727 3277 ac
1759 3229 1799 3275 a
1833 3209 2294 3277 sacratissimo
2327 3230 2591 3296 corpore

312 3325 393 3383 et
425 3317 755 3400 sanguine
804 3316 933 3384 Dei
972 3322 1035 3382 et
1065 3317 1331 3384 Domini
1381 3316 1836 3403 Redemptoris
1886 3318 2090 3384 nostri
2141 3317 2299 3382 Jesu
2351 3316 2592 3383 Christi

312 3426 561 3492 aliena
591 3425 724 3504 fiat,
759 3431 955 3507 atque
986 3424 1056 3490 in
1088 3432 1375 3491 extremo
1406 3426 1710 3492 examine
1744 3424 2035 3491 districte
2075 3423 2418 3491 subiaceat
2448 3423 2593 3490 ulti-

310 3535 477 3618 oni;
533 3534 782 3599 cunctis
815 3539 1029 3599 autem
1066 3532 1275 3599 eidem
1328 3532 1468 3599 loco
1519 3552 1642 3598 sua
1695 3532 1840 3599 iura
1888 3532 2303 3601 seruantibus
2342 3532 2428 3599 sit
2457 3554 2592 3619 pax

308 3642 602 3709 Domini
635 3640 842 3707 nostri
873 3642 1029 3708 Jesu
1060 3640 1320 3726 Christi,
1353 3647 1677 3724 quatenus
1712 3649 1775 3708 et
1809 3640 1913 3707 hic
1953 3640 2233 3709 fructum
2254 3641 2420 3708 bone
2441 3640 2592 3707 acti·

308 3750 473 3817 onis
505 3747 913 3834 percipiant‚.
952 3756 1015 3815 et
1073 3749 1250 3834 apud
1315 3748 1679 3815 districtum
1732 3749 2013 3817 iudicem
2061 3749 2311 3835 premia
2372 3754 2593 3817 eterne

305 3857 512 3946 pacis
546 3856 908 3924 inueniant.
957 3859 1163 3923 Amen
1194 3856 1401 3923 Amen
1435 3859 1665 3924 Amen.

1222 4057 1473 4143 (Pdpai
1485 4054 1708 4143 few)

635 4269 769 4354 Ego
801 4270 1215 4338 Innocentius
1249 4272 1589 4340 Catholice
1620 4270 1915 4339 Ecclesie
1946 4258 2423 4357 Episcopus'ss.

552 4380 603 4451 ’ζ-
641 4379 777 4460 Ego
810 4378 1041 4445 Petrus
1076 4380 1483 4446 Tusculanus
1515 4380 1876 4466 Episcopus
1910 4399 1996 4447 SS.

548 4486 600 4560 ἦ·
634 4485 777 4568 Ego
811 4484 1266 4553 vicedominus
1300 4488 1751 4555 Prenestensis
1794 4487 2152 4572 Episcopus
2187 4506 2269 4552 ss.

550 4594 600 4668 ἦ·
638 4592 776 4675 Ego
811 4591 1053 4686 Symon
1087 4594 1190 4660 tit.
1226 4594 1449 4664 Sancti
1503 4633 1577 4641 —
1627 4632 1699 4642 -
1738 4594 2071 4662 Presbiter
2102 4592 2477 4660 Cardinalis
2510 4613 2594 4662 ss,
