3319 5249
1317 336 1442 405 125

1314 871 1425 939 80.

233 1070 342 1137 IV.
390 1071 633 1138 &⁸226
681 1068 1033 1156 kirdlynak
1084 1068 1314 1135 Kuldu
1361 1078 1522 1136 nevil
1537 1068 1755 1155 foldet
1786 1073 2100 1158 tdrqyazd
2129 1068 2500 1155 adomcinya

605 1201 648 1243 a
677 1178 1058 1264 nyrilsziqcti
1088 1177 1539 1264 apciczazdrda
1565 1181 1889 1244 ezdmdra.
1936 1181 1975 1243 1
1981 1182 2068 1246 27
2069 1182 2130 1246 5.

444 1387 589 1454 Nos
638 1385 987 1454 Ladizlaus
1037 1387 1163 1454 Dei
1213 1387 1442 1472 gracia
1500 1390 1643 1456 Rex
1695 1389 2034 1475 Hungarie
2091 1389 2326 1458 damus
2373 1409 2496 1474 pro

235 1494 545 1562 memoria
624 1493 1071 1578 significantes
1148 1495 1471 1563 vniuersis
1537 1497 1946 1582 presencium
2004 1517 2123 1583 per
2183 1501 2493 1582 tenorem,

227 1602 401 1686 quod
451 1608 695 1669 terram
726 1601 951 1668 Kuldu
999 1609 1298 1669 vocatam
1318 1653 1333 1682 ,
1380 1622 1574 1686 quam
1611 1602 1911 1671 dominus
1948 1605 2019 1670 Β.
2050 1623 2216 1671 auus
2248 1610 2492 1686 noster,

229 1717 294 1776 et
340 1709 654 1777 dominus
705 1707 799 1775 St.
852 1716 1041 1795 pater
1088 1716 1311 1778 noster
1357 1708 1695 1776 karissimi
1745 1710 2043 1779 Illustres
2072 1712 2284 1795 Reges
2317 1710 2497 1776 Hun-

232 1817 412 1900 garie
463 1816 756 1884 felicium
807 1816 1339 1885 recordacionum
1387 1817 1684 1887 Ecclesie
1719 1819 1921 1887 Beate
1952 1819 2245 1904 Virginis
2277 1819 2359 1886 de
2391 1820 2495 1886 In·

235 1923 412 2008 sula,
464 1923 583 1989 ubi
632 1922 900 1990 domina
948 1923 1291 1991 Elisabeth
1342 1924 1696 1992 karissima
1745 1945 1927 1993 soror
1975 1934 2200 1993 nostra
2249 1934 2315 1993 et
2335 2011 2341 2017 .
2361 1927 2491 1995 alie

231 2049 487 2098 sorores
537 2031 681 2097 Deo
733 2028 973 2113 iugiter
1034 2028 1470 2116 famulantur,
1517 2029 1876 2098 dinoscitur
1936 2033 2293 2100 contulisse
2353 2035 2493 2100 suis

232 2137 625 2224 priuilegijs,
670 2136 1116 2204 confirmando
1167 2136 1478 2221 dedimus,
1524 2136 1933 2224 donauimus,
1982 2139 2371 2208 contulimus
2423 2150 2488 2210 et

231 2262 345 2311 nos
377 2244 508 2330 ipsi
538 2244 834 2312 Ecclesie
863 2249 1176 2330 perpetuo
1215 2244 1719 2330 possidendam3
1767 2244 2139 2315 reuocando
2189 2248 2490 2317 collacio-

230 2370 394 2433 nem,
440 2370 645 2434 quam
677 2351 945 2437 Symoni
999 2359 1064 2419 et
1113 2351 1261 2437 alijs
1311 2352 1642 2420 nobi-libus
1694 2351 2052 2422 feceramus
2104 2354 2186 2422 de
2221 2356 2487 2441 eadem;

229 2459 381 2539 qnia
410 2458 619 2543 ijdem
653 2458 828 2527 falsa
856 2458 1277 2554 suggestione
1308 2462 1718 2546 postularant
1749 2466 1990 2529 terram
2027 2471 2486 2532 memoratam:

230 2574 292 2632 et
337 2564 428 2633 ad
477 2565 963 2655 possessionem
1018 2567 1225 2655 ipsius
1275 2575 1448 2635 terre
1498 2568 1904 2654 corporalem
1962 2589 2076 2655 per
2127 2570 2486 2641 Walterum

229 2672 541 2740 Comitem
593 2674 675 2742 de
725 2676 1081 2744 Kamarnm
1101 2727 1119 2762 ,
1186 2679 1526 2744 Rectorem
1577 2677 1799 2744 Castri
1857 2677 2199 2764 Budensis,
2265 2701 2486 2749 coram

228 2783 600 2849 testimonio
662 2784 948 2869 Capituli
1010 2782 1331 2853 Budensis
1393 2784 1665 2853 fecimus
1715 2783 2057 2853 introduci.
2123 2787 2366 2854 Datum
2417 2791 2486 2855 in

229 2887 453 2955 Castro
487 2888 777 2957 Budensi
828 2892 1034 2958 tercia
1082 2892 1248 2959 feria
1300 2892 1597 2979 proxima
1634 2900 1784 2978 post
1814 2892 2051 2962 festum
2080 2896 2289 2963 Beate
2320 2898 2487 2964 Mar·

225 3003 444 3075 garete
481 2997 796 3081 Virginis,
846 3019 1017 3066 anno
1050 2999 1314 3066 Domini
1344 2999 1787 3068 M⁰CC⁰LXX⁰
1818 3002 2067 3086 quinto,

215 3170 496 3233 (Eredetie
523 3171 878 3257 biii-haman!
916 3192 951 3228 a
976 3175 1130 3230 hatul
1174 3179 1278 3231 oda
1322 3187 1568 3246 nyomott
1617 3179 1803 3248 peeset
1846 3181 2099 3235 toredeke
2145 3200 2411 3252 megvan3
2449 3201 2484 3235 a

873 3267 1039 3320 budai
1063 3268 1165 3321 kir.
1193 3270 1441 3322 kamarai
1465 3269 1852 3340 leveltarban.)
