3319 5249
1393 374 1521 443 189

309 571 562 641 duabus
608 589 867 639 marcas
899 590 1118 639 coram
1148 570 1339 639 nobis
1387 573 1629 658 partim
1664 571 1733 638 in
1770 570 2062 655 denarijs
2101 568 2319 638 dando
2352 568 2577 639 decem

310 700 546 769 pensas
577 678 989 749 Viennenses
1022 701 1139 767 pro
1174 679 1467 765 qualibet
1497 699 1744 768 marea,
1776 679 2016 766 partim
2048 676 2117 745 in
2148 678 2577 747 extimacione

312 790 640 874 condigna
669 790 924 858 soluere
955 786 1336 857 debuissent
1354 788 1560 857 tribus
1582 788 1896 875 terminis,
1927 784 2242 856 videlicet
2269 790 2338 856 in
2370 786 2570 857 domi·

311 900 456 967 nica
487 898 747 986 Judiea,
797 899 865 964 iu
899 896 1147 966 octauis
1179 898 1619 983 Pentecostes,
1656 904 1723 968 et
1755 897 1824 964 in
1863 898 2116 967 octauis
2147 893 2373 965 Sancti
2405 892 2572 961 Lau-

316 1008 515 1092 rencij
553 1013 1026 1092 consequenter
1055 1009 1483 1076 successiuis:
1522 1006 1765 1094 hijdem
1795 1007 2025 1094 populi
2064 1005 2145 1072 de
2182 1004 2349 1074 villa
2380 1003 2569 1071 Chol·

314 1118 442 1183 nuk
476 1115 711 1203 primo,
760 1115 1050 1185 secundo
1084 1123 1150 1185 et
1181 1116 1383 1183 tercio
1417 1116 1707 1184 terminis
1759 1114 2072 1200 Magistro
2105 1114 2311 1181 Paulo
2344 1119 2409 1180 et
2443 1111 2576 1180 suis

315 1225 626 1292 fratribus
679 1226 1055 1293 memoratis
1108 1245 1325 1292 coram
1377 1226 1562 1292 nobis
1597 1223 1934 1292 soluerunt
1982 1228 2184 1291 totam
2237 1221 2580 1311 pecuniam

317 1354 428 1417 per
459 1333 696 1401 seriem
736 1339 1185 1418 pretaxatam3
1237 1352 1398 1417 quos
1448 1330 1754 1400 videlicet
1801 1332 2133 1401 vniuersos
2187 1330 2466 1418 populos
2500 1327 2579 1396 de

318 1441 471 1508 villa
505 1440 833 1527 Cholnuk,
872 1441 1269 1527 jobagioncs
1318 1460 1606 1527 sororum
1659 1440 1742 1507 de
1772 1440 2000 1508 Insula
2030 1441 2234 1508 Beate
2267 1438 2582 1525 Virginis,

318 1550 623 1633 Magister
654 1550 901 1616 Paulus
935 1556 999 1616 et
1028 1549 1265 1616 fratres
1319 1547 1608 1616 eiusdem
1663 1548 1978 1636 sepedicti
2029 1548 2452 1616 reddiderunt
2493 1547 2576 1614 ab

318 1658 713 1745 inpeticionc
746 1658 957 1744 ipsius
990 1678 1184 1724 cause
1215 1658 1475 1742 penitus
1518 1657 1893 1744 expeditos3
1945 1663 2384 1724 asummentes
2439 1675 2576 1723 cos·

319 1767 459 1832 dem
499 1767 776 1853 populos
829 1765 1180 1833 defendere
1246 1769 1329 1834 ab
1379 1767 1677 1833 omnibus
1727 1765 2016 1850 quolibet
2068 1772 2353 1852 tempore
2407 1765 2581 1830 omui

322 1874 663 1942 occasione
694 1874 1064 1959 postposita
1094 1927 1113 1960 ,
1163 1894 1296 1941 una
1349 1895 1493 1941 cum
1545 1873 1873 1941 iuuamine
1907 1881 1970 1940 et
2002 1872 2324 1940 adiutorio
2359 1871 2581 1937 Domi·

321 1982 445 2048 uici
480 1981 753 2049 Comitis
788 1980 869 2047 de
901 1981 1316 2066 Wysagrad3
1367 1984 1478 2065 qui
1531 2003 1647 2067 pro
1700 2003 1769 2049 se
1810 1981 1895 2047 ad
1933 1981 2427 2048 asummendum
2456 1978 2582 2045 hoc

325 2087 685 2157 officialem
722 2109 908 2155 suum
942 2090 1291 2156 Martinum
1325 2089 1585 2158 nomine
1637 2089 1720 2155 ad
1765 2074 1893 2156 ‘nos
1927 2092 2214 2176 miserat,
2265 2109 2408 2157 cum
2441 2064 2583 2176 ipse

326 2198 547 2265 Petrus
581 2199 813 2266 Comes
845 2198 1221 2267 interfectus
1256 2221 1384 2265 una
1418 2219 1560 2265 cum
1593 2200 1869 2286 paruulo
1905 2219 2046 2285 suo,
2081 2204 2149 2263 ut
2181 2198 2423 2265 dictum
2460 2207 2580 2283 est,

325 2306 513 2373 fuerit
544 2306 842 2373 seruiens
892 2305 1216 2373 Dominici
1268 2306 1537 2374 Comitis
1590 2307 1906 2374 annotati.
1956 2304 2327 2374 Defendent
2364 2314 2583 2373 tamen

254 2422 261 2425 “
328 2435 432 2481 eos
461 2466 480 2498 ,
533 2416 703 2482 sicut
734 2423 1168 2500 asumserunt,
1194 2416 1541 2485 laboribus
1574 2414 1861 2502 proprijs
1894 2422 1957 2480 ct
1989 2415 2313 2499 expensis.
2345 2416 2583 2482 Datum

326 2524 387 2588 in
421 2530 658 2590 octaua
693 2524 917 2591 Sancti
946 2522 1288 2607 Laurencij
1342 2545 1515 2592 anno
1568 2522 1789 2611 gracie
1838 2521 2058 2590 M⁰GC⁰
2097 2524 2578 2607 septuagesimo

328 2632 618 2719 septima

329 2815 601 2879 (Er-edetis
626 2814 969 2884 δδτὶιόηγάη,
1046 2817 1299 2884 melynek
1344 2813 1592 2882 pecsetje
1639 2815 1919 2877 elvestat,
1960 2829 1992 2865 a
2020 2812 2188 2867 budai
2213 2813 2315 2870 kir-
2343 2812 2588 2866 hnmani

1276 2903 1652 2975 leveltfirban.)

1246 3155 1668 3164 ...a-*—

1387 3517 1535 3587 130.

338 3719 393 3784 A
427 3719 792 3786 keresztesek
824 3720 1165 3806 uj·udvari
1194 3718 1642 3805 konventje'nek
1682 3714 2024 3783 Boborban
2054 3716 2191 3783 ἰέυὸ
2223 3715 2591 3781 νέεεόἰνεοῙο·

458 3830 587 3894 nale
618 3828 1291 3913 hatdrszabdlyozcisdt
1324 3831 1635 3915 tdrqyazo
1666 3825 2214 3912 bizonysdqlevele.
2270 3824 2462 3889 1277.

549 4026 687 4094 Nos
721 4027 1091 4095 Conuentus
1121 4025 1424 4094 Fratrum
1460 4024 1936 4092 cruciferorum
1969 4023 2213 4089 Domus
2233 4017 2591 4105 Hospitalis

335 4134 415 4201 de
447 4134 640 4203 Noua
668 4134 867 4202 Curia
900 4135 1207 4203 memorie
1239 4130 1764 4203 commendantes
1794 4130 2201 4198 notificamus
2223 4125 2457 4210 quibus
2481 4145 2591 4194 ex-

333 4241 515 4327 pedit
546 4244 904 4314 vniuersis:
953 4245 1123 4330 quod
1154 4246 1407 4312 litteras
1438 4241 1684 4310 domini
1715 4242 1911 4327 Regis
1966 4240 2309 4308 exhibente
2341 4235 2594 4303 Comite

336 4347 556 4418 Ochuz
589 4352 951 4440 recepimus
985 4353 1408 4440 continentes,
1460 4357 1531 4419 ut
1562 4349 1883 4419 bominem
1941 4354 2229 4415 nostrum
2262 4365 2383 4432 pro
2415 4345 2593 4412 testi-

333 4460 551 4526 monio
585 4453 999 4547 mitteremus,
1045 4481 1262 4528 coram
1296 4481 1422 4547 quo
1456 4460 1671 4528 Zeech
1704 4459 1787 4526 de
1817 4455 2152 4524 Vruzthun
2202 4454 2396 4521 homo
2431 4453 2593 4522 eius·

335 4565 487 4634 dem
520 4566 765 4637 domini
816 4571 1015 4656 Regis
1065 4570 1393 4657 quandam
1444 4569 1828 4657 particulam
1874 4574 2040 4634 terre
2087 4565 2306 4632 Bobor
2343 4567 2594 4649 uocate,

335 4681 402 4747 in
432 4679 723 4749 eiusdem
762 4679 1047 4768 antiquis
1078 4679 1268 4749 metis
1302 4673 1367 4746 e't
1397 4678 1715 4766 terminis,
1764 4696 1981 4744 coram
2032 4673 2290 4743 Abbate
2331 4669 2595 4741 Zaladi-
