3319 5249
1368 301 1497 374 317

322 495 540 568 comiti
587 500 895 587 Gregorio
926 522 1043 588 pro
1073 500 1331 587 iniurijs
1361 499 1547 584 datis,
1581 499 1898 587 dampnis,
1931 497 2312 586 homicidijs,
2346 499 2537 586 capti-

321 607 713 698 uacionibus,
762 609 1267 695 detencionibus,
1318 607 1659 695 incendiis,
1707 613 1771 674 et
1805 627 1921 695 pro
1955 606 2109 692 alijs
2137 607 2533 693 quibuslibet

319 715 682 786 iniuriarum
730 718 1078 802 generibus
1127 736 1324 802 usque
1362 715 1580 782 datam
1613 715 2018 802 presencium
2050 722 2271 780 contra
2301 713 2545 782 dictum

319 820 623 889 Comitem
672 823 1054 909 Gregorium
1102 826 1501 910 perpetratis,
1536 843 1677 889 cum
1725 822 2014 889 omnibus
2061 821 2440 888 utilitaiibus
2485 828 2548 889 et

322 931 752 1016 pertinencijs,
788 939 852 998 et
912 952 1054 999 cum
1113 930 1455 998 medietate
1515 932 1638 997 loci
1700 929 2033 998 cuiusdam
2082 929 2434 996 molendini
2482 930 2551 996 in

331 1036 596 1105 Rabcha
623 1039 693 1106 in
722 1039 948 1106 eadem
980 1047 1152 1106 terra
1183 1038 1518 1107 existentis
1549 1059 1590 1104 a
1620 1037 1820 1122 plaga
1838 1037 2131 1106 orientali
2148 1036 2550 1105 adiacentem

321 1135 627 1232 perpetuo
676 1146 1129 1232 possidendam
1180 1156 1245 1214 et
1279 1147 1680 1242 habendam3
1729 1167 1923 1230 quam
1970 1145 2225 1232 quidem
2255 1152 2549 1230 quartam

319 1262 565 1340 partem
614 1274 754 1320 cum
802 1255 1109 1341 predictis
1161 1255 1452 1322 omnibus
1502 1256 1883 1322 utilitatibus
1932 1261 1996 1321 et
2028 1255 2168 1321 loco
2200 1252 2547 1321 molendini

315 1362 522 1429 dictus
575 1363 800 1432 Comes
852 1364 1201 1450 Gregorius
1250 1365 1317 1430 in
1366 1364 1632 1431 instanti
1680 1362 1972 1430 uendidit
2020 1361 2101 1429 de
2132 1362 2550 1446 permissione

314 1472 599 1539 eiusdem
648 1471 961 1561 Jakabus,
990 1474 1128 1558 Boy
1161 1481 1226 1539 et
1256 1472 1570 1559 Stephani
1615 1472 1928 1540 Comitum
1961 1478 2265 1556 tanquam
2294 1471 2376 1537 de
2405 1491 2550 1538 con-

314 1599 507 1647 sensu
560 1587 1160 1667 commetaneorum,
1211 1582 1320 1666 qui
1352 1579 1687 1665 adherant,
1722 1580 1991 1664 Gogano
2022 1587 2087 1646 et
2116 1578 2403 1646 Adriano
2434 1576 2547 1646 Co-

314 1688 581 1755 mitibus
627 1688 780 1774 filijs
831 1690 1147 1758 Herbordi
1194 1689 1275 1757 de
1322 1690 1525 1775 Bozty
1572 1710 1688 1775 pro
1743 1689 1961 1755 decem
2001 1688 2256 1775 marcis,
2288 1709 2447 1771 quas
2478 1708 2550 1754 se

310 1796 469 1862 dixit
501 1798 591 1863 ab
623 1797 863 1863 eisdem
895 1797 1232 1884 recepisse,
1269 1817 1383 1883 per
1428 1796 1698 1865 heredes
1729 1803 1793 1862 et
1821 1795 2133 1863 heredum
2164 1816 2381 1863 eorum
2411 1815 2547 1862 suc·

319 1925 607 1974 cessores
657 1911 965 1992 perpetuo
995 1913 1058 1974 et
1088 1907 1595 1974 irreuocabiliter
1624 1905 2115 1994 possidendam;
2147 1907 2548 1987 assumendO,

312 2014 481 2099 quod
543 2017 906 2101 quicunque
964 2036 1261 2085 successu
1323 2019 1627 2104 temporis
1688 2018 1891 2103 ipsam
1957 2024 2247 2100 quartam
2296 2024 2542 2102 partem

215 2139 226 2150 ·
314 2125 678 2192 uendicioni
743 2125 1098 2212 expositam
1163 2126 1549 2212 inpediuerit
1567 2178 1584 2212 ,
1666 2124 1870 2193 dictus
1924 2123 2152 2192 Comes
2202 2125 2548 2212 Gregorius

314 2232 614 2319 expediet
644 2229 922 2322 proprijs
951 2234 1279 2302 laboribus
1311 2241 1376 2301 et
1413 2236 1729 2321 expensis.
1763 2234 1838 2301 In
1860 2234 2038 2302 cuius
2056 2233 2151 2300 rei
2182 2234 2547 2302 memoriam

312 2351 372 2407 et
419 2346 820 2428 perpetuam*
847 2340 1207 2408 firmitatem
1236 2347 1564 2429 presentes
1594 2343 1846 2410 litteras
1877 2342 2306 2409 concessimus
2337 2348 2548 2409 nostro

313 2447 531 2532 sigillo
567 2449 918 2516 roboratos.
951 2450 1184 2515 Datum
1216 2470 1386 2517 anno
1423 2451 1685 2516 Domini
1716 2451 1805 2514 ΜΟ
1836 2449 2266 2517 ducentesimo
2296 2456 2549 2533 octage-

313 2559 470 2622 simo
524 2560 752 2645 primo.
803 2559 1108 2644 Magistro
1156 2558 1514 2628 Carachino
1576 2560 1864 2627 Ecclesie
1929 2565 2142 2626 nostre
2192 2557 2547 2646 Prepesito,

313 2667 596 2732 Abraam
648 2664 1327 2754 Cantore,·Dominico
1365 2668 1654 2753 Lectore,
1688 2667 1929 2756 Mykou
1961 2666 2238 2735 Custode
2271 2667 2547 2735 existen-

316 2773 509 2841 tibus.

314 3023 588 3089 (Ei-edetis
612 3024 955 3093 b6rhartyan,
979 3027 1230 3093 melynek
1270 3027 1388 3079 zuld
1413 3021 1859 3093 selyemzsindron
1902 3024 2118 3095 ssiggdtt
2160 3024 2396 3095 pecsetJe
2429 3025 2553 3081 mar
2603 3066 2607 3073 ·

783 3116 1050 3181 lehullott,
1077 3132 1110 3167 a
1139 3133 1308 3169 nemz.
1347 3133 1588 3169 muzeum
1615 3113 2089 3185 keairattaraban.)

1409 3202 1448 3247 l
