3319 5249
1749 306 2066 405 -ἑξθ,

768 505 928 588 gillo
961 505 1410 587 communitas,
1466 523 1638 568 anno
1692 502 1951 568 Domini
2004 499 2244 567 M⁰CC⁰
2275 498 2718 583 octuagesimo
2753 499 3025 583 septimo

768 613 877 680 VI.
906 612 1223 679 kalendas
1246 611 1511 697 Aprilis,
1534 609 1911 679 Reuerendo
1930 608 2073 676 viro
2096 609 2407 692 Magistro
2437 608 2717 673 Antonio
2742 608 3027 674 Ecclesie

775 728 993 788 nostre
1020 720 1380 805 Reposito,
1402 721 1579 786 Esau
1608 717 1894 785 Cantore
1928 718 2130 802 Myke
2153 713 2452 802 Custode,
2473 715 2746 783 Nicolao
2772 716 3035 781 Decano

782 828 1229 896 existentibus.

785 1002 1069 1089 (Eredetie
1091 1020 1676 1089 btirhdrtyanmelyrb‘l
1703 1035 1738 1071 a
1761 1017 2105 1087 sdrga-vssros
2131 1016 2585 1086 selyemzsinoron
2611 1021 2828 1086 fflggbtt
2852 1016 3034 1086 peccet

1216 1114 1477 1165 elveszett
1499 1132 1514 1176 ς
1539 1127 1574 1163 a
1598 1114 1770 1164 budai
1797 1113 1906 1163 kir.
1934 1111 2184 1162 kamarai
2208 1105 2586 1176 leveltdrban.)

1705 1415 2129 1425 ——-—-———-—--a-

1847 1926 2002 1992 327.

783 2129 843 2195 A
878 2130 1133 2214 nyitrai
1164 2127 1619 2211 kdptalan‘nak
1634 2128 1934 2213 jelentdse
1983 2127 2030 2189 Ι
2034 2124 2100 2191 V.
2153 2124 2377 2192 Ldszld
2429 2126 2774 2210 kircilyhoz
2792 2175 2814 2205 ‚
2881 2128 3041 2210 hoqy

786 2237 1008 2302 Endre
1039 2258 1235 2301 comes
1278 2235 1450 2318 Voyk
1471 2238 1531 2299 e's
1553 2234 1864 2300 Herescen
1883 2232 2330 2318 helyse‘qekben
2362 2234 2828 2299 statuciltatott.
2853 2233 3038 2296 1287.

1000 2446 1571 2514 Excellentissimo
1605 2446 1866 2513 domino
1899 2467 2018 2513 suo
2049 2444 2366 2511 Ladizlao
2386 2445 2513 2513 Dei
2544 2445 2768 2531 gracia
2801 2446 3032 2511 Illustri

784 2554 952 2641 Regi
1001 2555 1338 2638 Hungarie
1392 2554 1768 2639 Capitulum
1817 2552 2193 2642 Nytriensis
2245 2554 2543 2621 Ecclesie
2591 2552 2929 2620 oraciones
2976 2552 3039 2616 in

786 2664 1064 2728 Domino
1126 2668 1260 2727 tam
1322 2662 1579 2728 debitas
1631 2681 1796 2744 quas
1861 2661 2154 2729 deuotas.
2203 2663 2506 2747 Receptis
2544 2660 2782 2728 litteris
2813 2660 3041 2727 uestris

788 2777 851 2837 et
880 2767 1272 2852 diligencius
1304 2769 1615 2854 inspectis
1637 2821 1656 2855 ,
1709 2789 1851 2834 cum
1889 2769 2170 2853 Georgio
2205 2768 2285 2835 de
2315 2768 2514 2855 Hynd
2545 2768 2803 2836 bomine
2836 2775 3042 2834 uestro

786 2884 1077 2944 nostrum
1114 2874 1443 2942 bominem
1477 2876 1770 2943 misimus
1802 2897 1917 2962 pro
1960 2877 2332 2944 testimonio
2363 2876 2790 2962 fidedignum,
2823 2875 2934 2958 qui
2963 2872 3042 2938 ad

788 3004 907 3050 nos
940 3003 1245 3050 reuersus
1281 2983 1468 3069 dixit,
1533 2983 1706 3068 quod
1735 2984 1912 3052 idem
1963 2985 2153 3052 homo
2218 2991 2435 3051 nester
2496 2984 2812 3068 quasdam
2844 2991 3043 3050 terras

787 3090 1033 3182 Thome
1066 3089 1182 3175 filij
1211 3089 1335 3158 Ind
1370 3089 1514 3158 sine
1546 3091 1787 3159 herede
1838 3090 2230 3176 decedentis,
2260 3091 2454 3176 Voyk
2487 3095 2554 3158 et
2584 3091 2911 3157 Herescen
2942 3108 3042 3154 uo-

790 3205 970 3266 catas
1004 3198 1071 3263 in
1131 3197 1458 3265 comitatu
1491 3200 1831 3285 Nytriensi
1884 3199 2257 3285 existentes,
2325 3199 2557 3265 Comiti
2607 3197 2871 3264 Andree
2923 3196 3044 3261 filio

795 3306 1069 3373 Comitis
1101 3304 1367 3373 Andree
1400 3307 1582 3373 iuxta
1620 3315 1996 3394 preceptum
2038 3314 2325 3375 uestrum
2375 3313 2437 3373 et
2469 3305 2866 3385 mandatum,
2931 3302 3042 3371 sub

793 3413 1039 3480 eisdem
1074 3414 1265 3479 metis
1298 3418 1363 3480 et
1391 3414 1707 3497 terminis,
1743 3415 1976 3496 quibus
2027 3414 2195 3480 idem
2244 3414 2530 3482 Thomas
2569 3413 2777 3481 tenuit
2811 3417 2876 3477 et
2905 3430 3043 3496 pos·

792 3517 980 3606 sedit,
1015 3521 1428 3606 presentibus
1481 3522 1942 3590 commetaneis
1992 3529 2058 3589 et
2108 3522 2345 3589 vicinis
2395 3523 2683 3606 ipsarum
2714 3526 3048 3600 terrarum,

794 3632 858 3692 et
891 3626 1057 3711 ipsis
1090 3647 1220 3692 non
1255 3628 1851 3696 contradicentibus
1900 3649 2052 3715 ymo
2105 3629 2664 3697 consencientibus
2714 3626 3049 3694 statuisset

793 3732 1058 3799 nemine
1093 3735 1566 3802 contradictore
1618 3739 1882 3822 penitus
1933 3737 2271 3805 existente.
2337 3740 2577 3805 Datum
2609 3734 2840 3819 quinta
2889 3732 3045 3800 feria

801 3840 1097 3926 proxima
1131 3849 1285 3909 ante
1318 3842 1704 3912 dominicam
1737 3845 2127 3913 Palmarum.

734 4066 739 4072 ·
795 4055 910 4123 (IV.
948 4053 1141 4109 Ldszlo
1169 4053 1466 4123 kirdlynak
1495 4057 1721 4110 1287-111
1745 4055 2301 4127 adomdnylevelebffl,
2328 4057 2467 4113 mint
2489 4058 2713 4112 fentebb
2740 4061 2862 4111 821.
2890 4074 2962 4110 ss.
2981 4057 3052 4124 a.)

1718 4327 2144 4342 m
