3319 5249
1325 410 1458 476 439

1323 1258 1456 1325 312

269 1473 554 1558 Baquza
585 1474 810 1559 Ιιόεεέρ
839 1474 1080 1538 kb'vetei
1103 1471 1497 1540 Cattarc'lmn
1529 1477 1828 1561 bizonyos
1850 1478 2349 1564 lete‘temdnynek,
2372 1480 2533 1562 mely

670 1581 1017 1661 elvittetett,
1054 1584 1573 1650 visszaadcttcisa't
1605 1586 1932 1650 kovctelik.
1980 1588 2163 1651 1285.

482 1798 559 1863 In
585 1793 828 1863 Christi
864 1798 1124 1864 nomine
1155 1798 1384 1864 Amen.
1420 1800 1609 1866 Anno
1657 1801 1919 1866 Domini
1952 1798 2535 1866 M⁰CC⁰LXXX⁰V⁰

261 1903 630 1970 indiccione
661 1902 858 1969 XIII.
893 1904 999 1970 die
1061 1905 1424 1989 penultimo
1484 1908 1731 1973 mensis
1795 1905 2116 1994 Octubris,
2181 1907 2426 1993 Catari,
2460 1908 2526 1972 in

263 2011 611 2096 presencia
642 2010 965 2094 Marchisij
1005 2013 1346 2078 Rauacolli
1395 2013 1699 2081 Consulis
1733 2014 2121 2082 Venetorum
2156 2014 2221 2079 in
2273 2015 2532 2098 Cataro,

264 2119 531 2202 Vgolini
564 2119 647 2184 de
676 2117 917 2203 Marca,
950 2126 1015 2187 et
1061 2119 1385 2187 Leonardi
1420 2121 1776 2205 Bonuisini,
1811 2129 2236 2189 mercatorum
2274 2122 2356 2188 de
2410 2122 2531 2187 Ve-

262 2225 491 2309 necijs‚
523 2224 786 2291 testium
820 2224 904 2290 ad
934 2225 1056 2291 hec
1086 2232 1462 2293 vocatorum
1519 2233 1584 2292 et
1645 2235 2038 2310 rogatorum.
2103 2225 2175 2293 ln
2242 2227 2529 2295 Consilio

274 2327 577 2396 Ciuitatis
610 2328 831 2396 Catari
864 2338 1253 2416 congregato
1284 2353 1400 2417 per
1434 2352 1662 2398 sonum
1696 2353 2031 2417 campane,
2063 2342 2132 2400 vt
2162 2334 2362 2400 moris
2413 2341 2530 2415 est,

273 2438 531 2504 Sersius
566 2437 916 2503 Clementis
950 2445 1014 2504 et
1045 2438 1277 2504 Nicola
1310 2438 1388 2504 de
1422 2436 1704 2524 Cressia,
1759 2441 1976 2525 nuncij
2044 2449 2108 2507 et
2167 2440 2523 2506 ambassia-

276 2552 450 2610 tores
533 2543 779 2610 domiui
812 2541 1077 2610 Comitis
1107 2552 1172 2610 et
1225 2542 1597 2612 Communis
1646 2547 1939 2633 Ragusij,
1973 2549 2264 2614 fecerunt
2295 2553 2358 2613 et
2388 2566 2531 2631 por-

282 2659 593 2718 rexerunt
658 2649 825 2715 hanc
888 2652 1428 2734 protestacionem
1479 2654 1545 2718 in
1600 2654 1881 2739 scriptis,
1941 2656 2124 2721 cuius
2190 2662 2380 2722 tenor
2442 2661 2535 2722 ta·

286 2759 368 2825 lis
400 2765 543 2826 est:

497 2862 726 2932 Coram
747 2866 931 2932 vobis
966 2866 1245 2933 dominis
1279 2868 1320 2935 J
1326 2867 1644 2949 udicibus‚
1669 2866 2083 2953 Consiliarijs
2104 2876 2169 2935 et
2193 2866 2534 2934 Communi

280 2972 542 3057 Catari,
576 2992 697 3039 nos
717 2974 972 3040 Sersius
1005 2974 1361 3041 Clementis
1412 2984 1477 3041 et
1528 2974 1805 3042 Nichola
1837 2973 1921 3042 de
1971 2974 2250 3061 Crossio,
2299 2976 2535 3060 Nuncij

280 3090 344 3143 et
373 3079 904 3146 Ambassiatores
935 3080 1174 3146 nobilis
1206 3081 1327 3146 viri
1361 3080 1609 3147 domini
1639 3082 1980 3149 Michaelis
2013 3081 2384 3149 Mauroceni
2420 3083 2527 3147 ho·

281 3185 600 3252 notabilis
634 3184 901 3253 Comitis
933 3186 1226 3271 Ragusij‚
1257 3185 1560 3254 Judicum
1595 3196 1661 3254 et
1710 3186 2263 3276 Consiliariorum,
2331 3193 2393 3256 et
2450 3196 2536 3256 to-

280 3290 419 3358 cius
451 3291 823 3360 Communis
853 3292 1028 3360 dicte
1047 3291 1347 3361 Ciuitatis
1366 3295 1633 3378 Ragusij
1663 3296 1749 3360 ad
1783 3295 1904 3363 hoc
1925 3297 2302 3382 specialiter
2334 3297 2540 3378 missi,

279 3398 553 3466 dicimus
588 3406 651 3465 et
680 3399 1104 3486 proponimus
1137 3421 1253 3485 pro
1283 3409 1470 3487 parte
1503 3399 1816 3468 dictorum
1867 3401 2113 3468 domini
2157 3401 2421 3470 Comitis
2475 3410 2541 3470 et

280 3502 653 3571 Communis
684 3507 975 3591 Ragnsij,
1006 3508 1180 3590 qnod
1212 3529 1355 3574 cum
1385 3509 1726 3594 Juppanus
1758 3510 1958 3594 Desa,
1989 3509 2163 3576 filius
2212 3510 2538 3594 quondam

281 3612 526 3678 domini
560 3613 755 3697 Regis
785 3614 1147 3695 Ladislaui‚
1187 3623 1251 3680 et
1281 3616 1521 3682 domini
1556 3615 1972 3683 Bellosclaua
2004 3623 2210 3683 mater
2241 3617 2530 3684 eiusdem

285 3721 480 3802 Dese,
521 3719 900 3804 deposuerit
930 3720 999 3787 in
1031 3723 1320 3807 Ragnsio
1353 3723 1672 3805 quasdam
1693 3743 1814 3809 res,
1839 3731 2153 3791 venerunt
2183 3726 2537 3806 Ragusium

286 3827 622 3896 Johannes
668 3826 746 3896 de
797 3829 976 3895 Pribi
1027 3830 1383 3898 Nioholaus
1434 3831 1779 3916 Dobronis,
1830 3832 2162 3899 Johannes
2214 3832 2536 3919 Gymanoi

282 3933 623 4002 Johannes
656 3936 851 4024 Gille,
886 3938 1142 4006 Marcus
1176 3939 1427 4026 Basilij,
1460 3945 1525 4005 et
1555 3938 1884 4006 Medosius
1927 3938 2175 4007 Thome
2204 3938 2536 4023 Dragonis

284 4041 529 4109 Sindici
563 4047 632 4109 et
660 4043 1125 4112 Procuratores
1161 4042 1536 4112 Communis
1587 4044 1811 4111 Catari
1859 4044 1945 4110 ad
1996 4044 2119 4111 hoc
2167 4044 2541 4128 specialiter

290 4149 628 4218 constituti
648 4151 772 4217 stb.
797 4159 862 4218 et
882 4159 1269 4238 acceperunt
1288 4154 1372 4219 de
1394 4154 1698 4219 manibus
1719 4150 1962 4217 domini
1983 4151 2255 4219 Comitis
2274 4158 2339 4218 et
2358 4150 2542 4218 Com-

287 4258 500 4325 munis
531 4258 805 4344 Bagusij
848 4258 1058 4327 dictas
1092 4278 1195 4325 res
1230 4259 1311 4326 de
1347 4258 1642 4345 predicto
1680 4258 1980 4344 deposito
2032 4260 2158 4325 stb.
2193 4256 2538 4345 (azoknak

285 4365 746 4433 visszaadasat
763 4366 1141 4452 igerven,ha
1160 4371 1588 4451 torvenyesen
1608 4365 2032 4435 koveteltetni
2054 4362 2356 4450 sognak.)
2378 4363 2539 4450 Cum

285 4472 482 4556 igitur
555 4479 893 4559 prenotata
944 4476 1332 4542 Belosclaua
1379 4481 1589 4542 mater
1638 4474 1794 4542 dicti
1843 4471 2018 4539 Dese
2067 4492 2236 4539 nunc
2286 4472 2538 4538 venerit

287 4581 645 4665 Ragnsium
696 4601 839 4650 cum
889 4583 1127 4652 litteris
1188 4581 1435 4650 domini
1495 4582 1695 4666 Regis
1755 4579 1998 4667 Vrosij,
2061 4579 2537 4647 continentibus

287 4691 456 4774 quod
485 4689 661 4763 dicte
690 4709 797 4760 res
845 4687 1131 4760 debeant
1176 4689 1324 4758 dari
1372 4696 1712 4776 prenotate
1764 4686 2028 4756 domine
2074 4684 2487 4752 Bellosclaue
2521 4705 2539 4766 3
