3319 5249
1358 314 1490 382 449

495 512 916 580 Lodomerius
981 511 1219 578 Diuina
1284 502 1711 577 miseracione
1774 511 2012 577 Sancte
2075 510 2541 593 Strigoniensis

288 618 578 687 Ecclesie
610 619 1156 704 Archiepiscopus
1176 620 1303 686 stb.
1330 618 1758 704 (kbvetkezik
1780 639 1822 683 a
1842 618 2133 685 fentebbi
2167 623 2318 686 318.
2353 639 2441 685 sz.
2478 640 2540 684 a.

286 724 629 812 okmany.)
2257 718 2276 729 ⁸

494 834 633 901 Nos
666 835 883 923 igitur,
917 841 990 902 ut
1021 835 1209 901 huius
1263 835 1520 903 unionis
1574 843 1637 902 et
1674 837 2064 903 annexionis
2112 836 2312 904 series
2345 837 2543 902 robur

283 942 580 1009 obtineat
609 952 918 1029 perpetue
950 941 1299 1025 firmitatis,
1333 963 1452 1011 nec
1486 964 1600 1029 per
1632 944 2008 1030 quempiam
2036 944 2370 1011 hominum
2404 943 2540 1010 vllo

283 1071 583 1133 umquam
616 1059 901 1138 tempore
935 1052 1148 1118 eidem
1181 1051 1399 1117 vnioni
1465 1058 1529 1117 et
1562 1053 1915 1119 annexioni
1966 1053 2189 1119 valeat
2222 1051 2539 1135 aliquate-

282 1179 399 1223 nus
435 1158 728 1243 obniari3
774 1158 1185 1244 presentibus
1238 1157 1476 1225 litteris
1539 1157 1824 1241 sigillum
1859 1166 2146 1226 nostrum
2182 1156 2422 1243 apponi
2456 1156 2541 1223 fe·

283 1266 489 1332 cimus
526 1273 590 1332 et
622 1266 924 1350 appendi.
990 1267 1229 1331 Datum
1282 1285 1398 1350 per
1457 1286 1689 1332 manus
1743 1265 2004 1332 disereti
2057 1266 2180 1331 viri
2246 1265 2540 1347 Magistri

282 1372 598 1456 Cypriani
621 1372 912 1438 Ecclesie
945 1380 1163 1439 nostre
1182 1374 1496 1455 Lectoris,
1521 1392 1690 1437 anno
1727 1371 1989 1438 Domini
2015 1370 2541 1437 M⁰CO⁰LXXX⁰

281 1486 470 1545 sexto
503 1478 740 1545 XVIII.
792 1477 1120 1545 kalendas
1153 1479 1569 1565 Septembris.

602 1658 702 1723 (ΑΖ
729 1660 928 1714 eredeti
954 1656 1091 1710 utari
1120 1660 1325 1719 Knauz,
1355 1661 1584 1724 Magyar
1611 1661 1745 1709 Sion
1775 1659 1876 1708 111.
1907 1660 2019 1709 kot.
2048 1660 2171 1707 627.
2200 1659 2259 1722 l.)

1250 1895 1435 1900 --Q--
1472 1892 1625 1899 -.-——

1322 2230 1500 2314 5320.

260 2430 340 2525 ‚A
369 2431 563 2515 9μόνί
591 2428 1042 2513 kciptalannak
1105 2422 1670 2515 bizonysciqleveless
1719 2431 1880 2512 hoqy
1933 2430 2123 2512 Peipa
2173 2434 2536 2514 nemzetsc'ffi

277 2540 396 2603 beli
428 2537 551 2602 Pal
606 2539 924 2602 Zakack-ess
954 2539 1378 2603 re'szbi-rtoka't
1402 2539 1878 2622 adoma'nyozta
1901 2539 2161 2618 Hector,
2193 2538 2534 2620 Jci-nosfiaei-

1191 2647 1581 2711 nak.1286.

495 2827 634 2892 Nos
668 2826 979 2908 Magister
1012 2824 1075 2889 C.
1112 2824 1487 2907 Prepositus
1520 2832 1585 2890 et
1617 2824 1992 2911 Capitulum
2029 2826 2396 2894 Jauriensis
2418 2828 2536 2894 Ec-

277 2935 478 3001 clesie
526 2935 832 3000 memorie
892 2932 1423 3000 commendantes
1473 2933 1920 3018 significamus
1967 2933 2309 3023 Vniuersis,
2362 2934 2535 3018 quod

270 3042 512 3108 nobilis
548 3043 647 3108 vir
680 3039 921 3107 Paulus
955 3040 1126 3108 filius
1155 3039 1484 3125 Lamperti
1519 3040 1601 3108 de
1637 3062 1875 3126 genere
1911 3044 2094 3128 Papa
2149 3060 2364 3108 coram
2419 3063 2529 3107 no-

271 3153 373 3218 bis
410 3150 838 3236 personaliter
870 3148 1276 3234 constitutus,
1311 3150 1531 3216 retulit
1561 3151 1719 3216 uina
1752 3170 1930 3236 noce,
1966 3150 2142 3233 quod
2194 3150 2524 3234 quandam

279 3257 668 3342 particulam
701 3266 870 3324 terre
892 3278 1006 3324 sue
1027 3255 1293 3324 Zakach
1318 3265 1548 3325 uocate
1566 3257 1650 3324 ”in
1683 3258 2008 3324 Comitatu
2046 3258 2534 3344 Wesprimiensi

273 3363 621 3431 existentis
652 3385 693 3430 a
727 3371 913 3449 parte
946 3371 1120 3430 terre
1153 3365 1460 3430 Komund
1495 3366 1689 3432 certis
1726 3365 1913 3432 metis
1964 3371 2329 3449 seperatam
2384 3386 2531 3450 pro·

271 3480 419 3556 pter
447 3471 682 3538 bonum
708 3472 1006 3538 amicicie
1029 3478 1095 3536 et
1114 3471 1549 3556 proximitatis
1569 3473 1877 3539 unionem
1911 3472 2294 3539 contulisset
2324 3480 2391 3538 et
2423 3473 2531 3538 do·

272 3587 502 3646 nasset
533 3578 794 3645 Hectori
824 3579 958 3644 filio
990 3577 1310 3647 Johannis
1342 3580 1637 3666 proximo
1670 3602 1789 3648 suo
1822 3580 2122 3648 similiter
2177 3599 2396 3645 coram
2430 3601 2538 3646 no-

272 3687 375 3754 bis
394 3688 827 3772 personaliter
847 3686 1212 3773 constituto,
1245 3707 1549 3755 asumens
1582 3689 1794 3773 ipsum
1828 3688 2169 3756 Hectorem
2205 3687 2289 3752 ab
2336 3687 2536 3753 omni-

274 3796 396 3861 bus
431 3795 957 3880 impeticionibus
1024 3795 1196 3862 dicte
1235 3800 1425 3881 terre,
1474 3795 1529 3864 si
1563 3796 1773 3878 quiin
1808 3815 2116 3883 processu
2177 3801 2537 3880 temporum

274 3901 530 3985 fuerint,
559 3903 864 3987 expedire
895 3903 1526 3989 proprijslaboribus
1560 3911 1624 3970 et
1642 3905 1945 3988 expensis
1977 3926 1992 3987 ;
2027 3905 2426 3989 proprietate
2448 3903 2539 3988 ip·

272 4010 409 4075 sius
442 4008 758 4094 particule
792 4017 959 4077 terre
979 4030 1235 4095 semper
1267 4011 1444 4096 apud
1487 4013 1760 4079 eundem
1783 4012 2120 4077 Hectorem
2143 4017 2537 4077 remanente.

273 4118 522 4184 Datum
572 4118 643 4182 in
692 4120 858 4185 sesto
892 4118 1080 4186 Beati
1112 4119 1427 4205 Demetrij
1485 4140 1658 4188 anno
1710 4119 1972 4186 Domini
2022 4118 2246 4186 M⁰cc⁰
2278 4126 2537 4203 octoge-

276 4225 439 4292 simo
471 4232 680 4294 sexto.

276 4402 563 4468 (Eredetie
586 4402 934 4472 ϋόώέήγὲη,
965 4407 1193 4474 melyrssl
1218 4423 1253 4458 a
1285 4404 1442 4460 hatul
1483 4409 1589 4461 oda
1612 4407 1859 4473 nyomult
1883 4405 2068 4474 penset
2098 4404 2210 4458 mar
2256 4406 2542 4468 lohullott,

918 4513 953 4548 a
978 4514 1147 4550 nemz.
1175 4513 1424 4550 mazeum
1449 4495 1907 4550 kezirattaraban.

280 4723 487 4764 nonunt.
520 4721 690 4764 mo.
722 4722 863 4762 επεν.
892 4733 982 4747 --
1012 4722 1234 4763 nmou.
1267 4717 1341 4763 17.
2037 4699 2122 4763 29
