3319 5249
1848 366 1980 432 512

778 559 1194 628 Tharabottis
1226 559 1601 646 Spalatensi
1636 559 1995 643 Potestate,
2029 559 2071 624 J
2076 560 2289 627 urissa
2345 561 2479 627 filio
2534 560 2784 646 Radoy‚
2838 563 3035 628 Petro

778 667 909 735 filio
942 667 1221 752 Nicolai,
1275 672 1340 733 ct
1373 666 1635 732 Simone
1689 666 1891 733 Siculi
1947 667 2375 754 Sibenicensi,
2430 677 2489 735 et
2539 670 2692 753 alijs
2742 670 3042 756 pluribus

775 778 1046 845 testibus
1077 777 1325 844 vocatis
1356 778 1443 842 ad
1473 776 1596 843 bec
1625 775 1998 862 specialiter
2029 783 2094 842 et
2126 777 2399 862 rogatis.
2433 779 2689 845 Nobilis
2720 778 2823 844 vir
2842 778 3040 844 domi·

778 907 899 952 nus
920 882 1261 969 Cepregna
1290 883 1500 951 Judex
1532 882 1968 953 Sibenicensis
2001 885 2402 970 presentauit
2435 891 2499 952 et
2518 883 2700 953 dedit
2719 884 3036 971 Magistro

779 991 1132 1060 Francisco
1161 991 1434 1058 Notario
1496 991 1869 1076 Spalatcnsi
1934 1013 2014 1059 ex
2076 1000 2264 1078 parte
2324 993 2724 1060 venerabilis
2786 992 3036 1059 domini

778 1100 1076 1168 Marcelli
1106 1099 1418 1186 Episcopi
1449 1100 1797 1186 Nouensis,
1831 1120 1911 1167 ac
1943 1101 2234 1184 religiosi
2265 1100 2387 1168 viri
2421 1100 2666 1166 domini
2715 1099 3035 1168 Johannis

773 1208 1050 1276 Abbatis
1084 1206 1463 1274 Monasterii
1496 1207 1721 1274 Sancti
1755 1208 2146 1292 Chrisogoni
2199 1208 2564 1296 Jadrcnsis,
2621 1228 2700 1274 ac
2753 1208 3021 1274 discreti

768 1317 891 1384 viri
921 1316 1167 1384 domini
1200 1314 1428 1381 Jacobi
1461 1314 1918 1383 Archidiaconi
1952 1314 2398 1402 Spalatensis,
2455 1317 2716 1384 Domini
2769 1315 3026 1381 Nicolai

771 1424 956 1510 Pape
985 1423 1218 1502 Quarti
1249 1424 1553 1492 Judicum
1586 1422 2033 1510 delegatorum
2091 1445 2205 1492 scu
2255 1431 2715 1509 exequutorum
2767 1423 2836 1490 in
2883 1442 3031 1508 que·

774 1532 983 1601 stione
1013 1532 1435 1616 Traguriensi
1468 1540 1533 1600 et
1565 1533 1970 1601 Sibenicensi
2007 1532 2332 1616 quoddam
2366 1534 2733 1615 exemplum
2767 1531 3028 1597 citacio·

775 1660 926 1707 num
958 1641 1275 1708 factarum
1328 1641 1692 1708 venerabili
1741 1641 1913 1726 patri
1965 1638 2227 1707 domino
2262 1689 2276 1705 .
2314 1688 2329 1704 .
2363 1690 2377 1707 .
2413 1640 2737 1725 Episcopo
2788 1640 3029 1721 Tragu-

778 1751 974 1817 riensi
1009 1756 1074 1816 et
1104 1748 1304 1816 nobili
1365 1752 1505 1817 viro
1543 1748 1806 1818 domiuo
1843 1799 1857 1815 .
1892 1801 1906 1815 .
1943 1798 1958 1814 .
1994 1748 2398 1815 Sibenicensi
2431 1748 2673 1832 Electo,
2710 1766 2826 1833 per
2878 1766 3022 1832 pre·

771 1856 977 1927 dictos
1009 1864 1379 1925 executores
1412 1859 1705 1924 clausum
1738 1863 1801 1924 et
1833 1856 2194 1941 sigillatum
2226 1856 2433 1923 tribus
2465 1855 2702 1939 sigillis
2733 1854 3018 1940 ipsorum

770 1966 950 2034 sanis
982 1971 1047 2033 ct
1076 1965 1381 2051 integris3
1413 1985 1671 2050 semper
1702 1962 1981 2032 dicendo
2016 1973 2079 2031 et
2109 1963 2550 2051 protestando,
2572 1962 2743 2046 quod
2763 1962 3026 2048 placeat

768 2075 978 2143 eidem
1008 2073 1324 2158 Magistro
1356 2073 1710 2141 Francisco
1744 2073 2049 2149 scribere,
2082 2073 2300 2140 facere
2333 2079 2397 2138 et
2448 2071 2773 2157 complere
2822 2075 3020 2135 totum

770 2181 957 2269 illud,
988 2180 1162 2266 quod
1193 2182 1554 2249 continetur
1584 2182 1651 2248 in
1685 2183 1985 2267 exemplo
2016 2181 2325 2269 predicto.
2359 2178 2558 2248 Cuius
2611 2179 2896 2265 exempli
2927 2186 3017 2245 te-

772 2310 892 2356 nor
922 2288 1004 2357 de
1036 2289 1234 2358 verbo
1269 2288 1355 2355 ad
1386 2291 1651 2357 verbum
1686 2290 1840 2357 talis
1874 2298 2010 2358 est:

981 2398 1169 2465 Istud
1202 2406 1311 2465 est
1393 2399 1761 2485 exemplum
1813 2398 2217 2484 citacionum,
2270 2398 2444 2483 quod
2493 2419 2613 2465 nos
2669 2398 3016 2466 Marcellus

765 2507 1128 2594 Episcopus
1177 2506 1518 2592 Nouensis,
1569 2506 1904 2576 ,Iohannes
1954 2505 2181 2576 Abbas
2231 2507 2457 2574 Sancti
2477 2506 2864 2591 chrisogoni
2910 2505 3017 2573 Ja-

772 2612 1044 2699 drensis,
1077 2619 1143 2681 et
1175 2615 1459 2683 ‚Iacobus
1495 2614 2018 2683 Archidiaconus
2069 2614 2500 2703 Spalatensis,
2555 2613 2799 2683 domini
2848 2615 3021 2702 Pape

772 2721 1040 2791 Judices
1072 2720 1355 2806 delegati
1388 2724 1573 2791 vobis
1604 2724 1916 2809 Magistro
1945 2724 2301 2792 Francisco
2335 2724 2608 2792 Notario
2642 2723 3016 2811 Spalatensi

772 2834 1086 2900 mittimus
1120 2853 1293 2900 anno
1327 2833 1625 2919 Domini,
1661 2832 1785 2919 dic,
1818 2835 1964 2902 loco
1999 2841 2063 2901 et
2113 2835 2390 2903 testibus
2442 2842 2561 2904 etc.
2614 2833 2873 2922 ponatis
2923 2854 3015 2901 se-

774 2942 1052 3010 cundum
1084 2941 1391 3009 ordinem.

981 3050 1398 3119 Reuerendus
1432 3050 1768 3132 etnobilis
1821 3050 1918 3118 vir
1980 3051 2280 3120 dominus
2340 3052 2625 3120 Jacobus
2686 3049 3018 3118 Archidia-

769 3181 967 3229 conus
1023 3160 1429 3246 Spalatensis
1477 3162 1879 3245 presentauit
1911 3168 1975 3227 et
2003 3160 2189 3228 dedit
2249 3160 2611 3230 venerabili
2673 3162 2848 3248 patri
2910 3159 3017 3226 do·

768 3267 944 3335 mino
977 3267 1295 3353 Gregorio
1329 3266 1453 3335 Dei
1485 3270 1716 3351 gracia
1748 3270 2076 3355 Episcopo
2109 3269 2536 3354 Traguriensi
2569 3269 2888 3352 quasdam
2923 3269 3016 3334 lit·

766 3385 937 3443 teras
971 3376 1296 3460 sigillatas
1329 3376 1535 3443 tribus
1568 3376 1814 3461 sigillis
1846 3398 1994 3445 cere
2043 3376 2290 3460 viridis,
2356 3378 2537 3444 sanis
2601 3385 2666 3445 et
2725 3377 3011 3461 integris,

765 3505 894 3551 non
925 3484 1198 3569 viciatis,
1228 3504 1359 3551 non
1391 3485 1795 3551 cancellatas
1825 3486 1932 3551 vel
1967 3486 2033 3552 in
2065 3487 2293 3570 aliqua
2326 3486 2427 3552 sui
2461 3490 2655 3571 parte
2687 3485 3007 3566 abolitas;

767 3593 1054 3678 ipsorum
1088 3593 1448 3678 sigillorum
1482 3614 1677 3660 vnum
1711 3601 1852 3660 erat
1885 3593 2129 3661 domini
2177 3593 2475 3662 Marcelli
2528 3594 2837 3679 Episcopi
2889 3592 3011 3658 No·

765 3702 1007 3788 nensis,
1041 3700 1224 3767 aliud
1254 3700 1501 3768 domini
1532 3701 1855 3768 ‚Iohannis
1888 3701 2159 3770 Abbatis
2192 3703 2570 3787 Monasterij
2608 3700 2829 3768 Sancti
2870 3698 3011 3766 Gri-

767 3811 998 3894 sogoni
1029 3808 1392 3894 Jadrensis,
1438 3809 1707 3875 tercium
1774 3827 1926 3876 vero
1988 3787 2232 3875 domini
2265 3808 2496 3876 Jacobi
2557 3805 3012 3875 Archidiaconi

766 3916 1209 4004 Spalatensis3
1242 3935 1407 4000 quas
1440 3917 1649 3983 dictus
1698 3916 2210 3985 Archidiaconus
2263 3917 2472 3984 eidem
2523 3916 2780 3984 domino
2833 3917 3010 4002 Epis·

763 4044 927 4112 copo
960 4025 1360 4111 presentauit
1392 4032 1458 4091 et
1490 4022 1670 4090 dedit
1701 4045 1784 4090 ex
1816 4032 2006 4108 parte
2039 4023 2280 4091 domini
2312 4024 2619 4110 Episcopi
2653 4032 2717 4091 et
2736 4024 3008 4092 Abbatis

764 4139 827 4202 et
847 4133 945 4202 sui
981 4132 1203 4218 ipsius,
1238 4132 1686 4217 delegatorum
1712 4149 1822 4198 seu
1859 4138 2327 4215 exequutorum
2362 4151 2402 4197 a
2435 4130 2696 4198 domino
2730 4130 3006 4198 Nicalao

763 4243 948 4327 Papa
980 4241 1224 4320 Quarto
1256 4238 1706 4324 deputatorum
1740 4260 1855 4326 per
1920 4240 2125 4325 ipsius
2187 4240 2432 4306 domini
2498 4241 2675 4324 Pape
2737 4238 3009 4305 litteras.

763 4348 1049 4427 Quarum
1081 4348 1438 4414 litterarum
1471 4346 1914 4430 delegatorum
1950 4354 2133 4414 tenor
2165 4345 2247 4414 de
2279 4346 2475 4414 verbo
2510 4347 2595 4414 ad
2617 4347 2887 4414 verbum
2919 4354 3007 4411 ta-

762 4459 847 4525 lis
882 4462 1015 4524 est:

982 4560 1362 4630 Venerabili
1396 4563 1515 4630 stb.
1581 4563 1770 4630 fratri
1833 4563 2146 4648 Gregorio
2209 4565 2533 4652 Episcopo
2596 4563 3012 4648 Traguriensi

762 4675 887 4745 stb.
919 4671 1337 4768 (kovetkezik
1382 4693 1426 4743 a
1456 4673 1607 4743 369.
1643 4695 1731 4743 sz.
1765 4694 1826 4743 a.
1854 4672 2094 4743 idezesi
2125 4672 2466 4764 rendelet.)
