3319 5249
1795 366 1928 433 388

1777 989 1929 1061 2⁷5.

719 1202 840 1273 IV.
876 1208 1102 1275 Laxta
1129 1205 1348 1294 kirdly
1395 1209 1767 1294 meyer-deici
1832 1205 2043 1293 Uqrin
2073 1207 2414 1274 mester-mk
2447 1208 2644 1275 Kena
2671 1207 2974 1294 helyoeqet

952 1319 1256 1402 tdrqyazo
1286 1314 1681 1400 adomdnya‘t
1722 1313 2011 1379 Tae'vadar
2041 1313 2165 1379 ὂάπ
2193 1317 2516 1380 szdmdra.
2554 1313 2751 1378 1284.

929 1529 1277 1597 Ladizlaus
1339 1528 1462 1597 Dei
1524 1530 1754 1614 gracia
1814 1529 2167 1618 Hungarie,
2229 1529 2580 1597 Dalmacie
2600 1581 2618 1615 ,
2681 1527 2973 1614 Croacie,

716 1638 953 1724 Rame,
1001 1636 1225 1705 Seruie
1243 1688 1263 1723 ,
1317 1634 1603 1703 Gallieie
1623 1687 1642 1720 ‚
1706 1636 2105 1722 Lodomerie,
2168 1636 2483 1704 Cumanie
2530 1636 2972 1721 Bulgarieque

719 1745 857 1810 Rex
888 1743 1187 1810 omnibus
1221 1742 1460 1810 Christi
1492 1742 1796 1812 fidelibus
1837 1755 2204 1830 presentem
2240 1745 2548 1831 paginam
2579 1742 2970 1829 inspecturis

719 1852 990 1919 salutem
1025 1849 1092 1916 in
1125 1851 1361 1918 salutis
1395 1850 1727 1936 largitore.
1783 1852 1888 1918 Ad
1919 1853 2366 1921 vniuersorum
2403 1861 2535 1920 tam
2566 1852 2971 1939 presencium

718 1977 911 2043 quam
962 1955 1320 2025 futurorum
1372 1956 1683 2027 noticiam
1717 1966 1942 2026 tenore
1975 1959 2388 2044 presencium
2418 1960 2713 2027 volumus
2745 1979 2971 2045 perue-

717 2066 878 2153 nire,
933 2067 1105 2153 quod
1153 2066 1532 2135 Theodorus
1589 2069 1806 2135 Banus
1860 2069 2030 2137 filius
2061 2068 2387 2136 Theodori
2423 2069 2588 2134 Bani
2622 2067 2702 2135 de
2736 2087 2972 2153 genere

719 2173 1008 2262 Gycwad
1039 2175 1253 2242 fidelis
1286 2182 1505 2244 noster
1536 2175 1622 2244 ad
1654 2182 1941 2242 nostram
1996 2177 2313 2244 accedens
2347 2177 2754 2262 presenciam
2789 2175 2969 2242 exhi-

717 2285 859 2351 buit
906 2284 1096 2351 nobis
1147 2283 1597 2368 priuilegiales
1632 2285 1891 2352 litteras
1924 2284 2217 2369 Magistri
2250 2283 2475 2368 Vgrini
2506 2284 2628 2370 filij
2665 2284 2968 2367 Magistri

717 2392 886 2459 Pous
939 2391 1020 2458 de
1067 2410 1304 2476 genere
1337 2389 1529 2456 enak
1561 2411 1757 2475 super
1792 2390 1962 2458 facto
2000 2391 2333 2459 cuiusdam
2370 2397 2539 2458 terre
2574 2411 2687 2458 seu
2719 2411 2971 2477 posses·

717 2497 923 2566 sionis
971 2496 1177 2564 Keniz
1225 2504 1475 2584 vocate,
1525 2504 1754 2582 petens
1786 2519 1827 2564 a
1860 2497 2045 2565 nobis
2080 2518 2315 2582 magna
2352 2517 2494 2565 cum
2529 2497 2874 2587 instancia,
2908 2507 2979 2567 vt

719 2608 899 2692 ipsas
958 2611 1137 2673 ratas
1187 2602 1447 2692 habere,
1500 2611 1562 2672 et
1612 2610 1835 2672 nostro
1888 2604 2308 2689 dignaremur
2361 2605 2705 2691 priuilegio
2751 2606 2980 2673 conflr-

717 2732 916 2778 mare.
983 2708 1269 2788 Quarum
1330 2711 1588 2796 quidem
1653 2710 2167 2797 priuilegialium
2231 2713 2592 2779 iit-terarum
2644 2720 2829 2782 tenor
2880 2722 2978 2779 ta·

719 2822 800 2888 lis
838 2829 973 2888 est:

931 2930 1065 2995 Nos
1117 2928 1433 3013 Magister
1488 2927 1770 3012 Vgrinus
1822 2929 1991 2996 tilius
2046 2927 2345 3013 Magistri
2397 2929 2567 2995 Pons
2611 2927 2690 2995 de
2723 2947 2969 3012 genere

717 3036 905 3103 Chak
956 3038 1080 3104 stb.
1136 3033 1560 3122 (kevetkezik
1592 3034 1798 3120 Ugrin
1835 3036 2203 3105 mesternek
2245 3035 2515 3104 1284-ki
2548 3034 2970 3123 adomauyle·

715 3144 879 3229 vele,
916 3143 1076 3210 mint
1106 3143 1304 3209 alam)
1337 3145 1489 3213 296.
1525 3164 1610 3211 sz.
1648 3135 1740 3230 a.)

927 3251 1063 3318 Nos
1109 3251 1305 3336 igitur
1353 3250 1558 3336 ipsius
1610 3249 1940 3319 Theodori
1978 3252 2142 3318 Bani
2176 3252 2478 3336 precibus
2514 3251 2826 3336 inclinati,
2867 3257 2969 3315 at·

708 3358 1055 3426 tondentes
1089 3357 1294 3425 eciam
1328 3356 1618 3425 eiusdem
1653 3358 2043 3443 peticionem
2077 3358 2310 3424 iustam
2348 3366 2492 3424 esse
2525 3358 2589 3423 in
2617 3358 2739 3424 hac
2760 3365 2985 3443 parte‚·

714 3466 1043 3554 predictas
1077 3464 1518 3552 priuilegiaies
1551 3466 1805 3533 litteras
1841 3466 2043 3550 ipsius
2077 3466 2372 3549 Magistri
2406 3466 2635 3548 Vgriui
2669 3464 2748 3531 de
2770 3465 2975 3532 uerbo

716 3575 801 3641 ad
834 3574 1099 3642 uerbum
1133 3572 1542 3659 presentibus
1576 3571 1846 3642 fecimus
1881 3575 2203 3658 annotari,
2239 3581 2300 3641 et
2337 3595 2449 3659 per
2482 3573 2973 3659 apposicionem

715 3679 1040 3767 dupplicis
1073 3680 1277 3766 sigilli
1309 3679 1694 3748 confirmari.
1736 3683 1976 3748 Datum
2009 3702 2124 3770 per
2157 3701 2383 3747 manus
2418 3681 2810 3748 venerabilis
2862 3681 2980 3744 do-

715 3792 872 3858 mini
906 3791 1154 3858 Thome
1184 3790 1309 3857 Dei
1343 3790 1569 3875 gracia
1603 3788 1903 3876 Episcopi
1950 3791 2344 3876 Waciensis,
2377 3792 2525 3858 aule
2556 3797 2770 3856 nostre
2803 3787 2976 3855 Can-

717 3898 985 3985 ceilarij‚
1039 3897 1303 3965 Comitis
1337 3896 1418 3965 de
1449 3897 1611 3982 Plis,
1646 3897 1868 3964 dilecti
1906 3902 1971 3963 et
2001 3896 2215 3964 fidelis
2251 3897 2472 3983 nostri,
2509 3917 2676 3961 anno
2711 3894 2980 3961 Domini

715 4005 952 4074 M0OC⁰
1012 4006 1447 4091 octuagesimo
1510 4012 1745 4090 quarto
1806 4006 1912 4072 VI.
1965 4004 2281 4072 kalendas
2332 4007 2371 4071 J
2380 4005 2550 4089 unij,
2606 4003 2981 4070 indiccione

716 4114 1118 4198 duodecima,
1150 4113 1356 4198 Regni
1392 4120 1605 4180 autem
1641 4114 1846 4180 nostri
1881 4133 2052 4178 anuo
2087 4110 2484 4179 duodecimo.

714 4313 991 4377 (Er-edetis
1033 4307 1390 4377 biirhArtyain,
1437 4311 1661 4375 melyrssl
1715 4308 2206 4378 sargawiolaazintt
2250 4308 2703 4374 selyemzsiuoron
2729 4323 2762 4356 a
2786 4310 2986 4373 pecset

999 4400 1256 4455 teredeke
1279 4406 1452 4468 stig-33
1481 4418 1514 4453 a
1539 4400 1929 4466 szombathelyi
1960 4397 2226 4466 kaptaian
2257 4393 2672 4463 leveltstraban.)

1633 4654 1755 4664 ———=-
1820 4656 1831 4659 -
1904 4656 1949 4657 ⁷7
1996 4656 2049 4659 *-—
