3319 5249
1339 371 1471 439 225

276 591 382 637 ras
413 569 651 635 ciuium
702 568 786 635 de
837 568 1159 654 Suprunio
1198 577 1261 635 et
1293 570 1772 654 sagitariorum,
1821 569 2044 652 ibique
2075 578 2253 637 terra
2283 569 2530 640 Mathei

276 678 675 763 terminatur,
724 685 788 743 et
821 677 912 746 ibi
944 685 1043 743 est
1074 696 1248 746 noua
1280 683 1490 762 meta;
1542 675 1776 744 deinde
1828 675 2124 761 ascendit
2165 678 2409 747 directe
2445 681 2532 748 ad

275 783 671 853 occidentem
703 805 817 869 per
850 790 1053 852 metas
1082 805 1290 869 usque
1325 783 1497 852 uiam
1531 785 2058 874 Supruniensem,
2100 787 2193 854 ibi
2228 796 2383 856 sunt
2401 788 2531 858 due

275 902 462 975 mete,
512 913 637 975 que
667 896 973 978 separant
1003 899 1211 959 terras
1243 892 1480 959 ciuium
1511 899 1575 958 et
1606 892 2064 977 sagitariorum
2095 895 2531 980 predictorum

275 1023 314 1066 a
343 1000 535 1067 terris
595 999 826 1083 Daag3
901 998 1133 1066 deinde
1198 998 1429 1067 iterato
1480 998 1690 1066 tendit
1739 998 1826 1067 ad
1877 1001 2277 1068 occidentem
2329 1022 2530 1087 usque

278 1114 481 1173 metas
507 1105 881 1188 angulares,
934 1126 1059 1188 que
1099 1114 1408 1191 separant
1438 1107 1619 1191 ipsas
1653 1113 1786 1172 tres
1819 1114 2028 1173 terras
2062 1108 2278 1176 statim
2301 1129 2525 1195 supra-

279 1218 525 1293 dictas;
575 1212 840 1299 postbec
892 1212 1072 1279 uadit
1123 1214 1209 1278 ad
1262 1214 1594 1280 meridiem
1645 1234 1850 1298 usque
1905 1214 2246 1281 ecclesiam
2307 1217 2526 1284 Sancti

283 1322 560 1406 Georgij,
612 1327 675 1385 et
708 1320 797 1386 ibi
831 1321 1001 1387 ultra
1031 1319 1203 1386 viam
1254 1328 1403 1387 sunt
1453 1322 1578 1387 due
1628 1327 1798 1387 mete
1835 1322 2230 1409 angulares,
2279 1343 2402 1407 que
2433 1322 2525 1389 di·

254 1431 563 1512 stingunt
595 1428 770 1511 ipsas
803 1435 937 1495 tres
969 1435 1215 1512 terras3
1251 1426 1487 1495 deinde
1520 1428 1726 1496 tendit
1759 1426 1843 1495 ad
1865 1429 2201 1495 meridiem
2222 1429 2310 1496 ad
2329 1452 2524 1498 unum

278 1539 502 1624 riuum,
553 1536 664 1603 ubi
717 1556 832 1621 per
865 1542 999 1602 tres
1048 1544 1255 1603 metas
1306 1543 1476 1602 mete
1526 1535 1814 1620 predicte
1863 1543 2029 1603 terre
2060 1536 2524 1624 Supruniensis

274 1653 334 1711 et
368 1642 822 1728 sagitariorum
858 1643 1283 1709 terminantur
1331 1665 1373 1710 a
1406 1644 1596 1710 terris
1628 1646 1834 1728 Daag.
1853 1644 2260 1729 nuncupatis,
2310 1644 2527 1728 ibique

274 1752 677 1818 terminatur.
745 1750 963 1816 Siluas
1016 1758 1235 1817 autem
1289 1758 1351 1816 et
1403 1759 1692 1836 montes,
1755 1759 1945 1836 prout
1992 1751 2059 1816 in
2101 1751 2335 1817 litteris
2367 1749 2524 1817 dicti

275 1858 559 1945 Capituli
594 1857 908 1924 contineri
942 1856 1261 1941 uidimus,
1328 1859 1517 1925 metis
1570 1858 1992 1943 reliquissent
2041 1878 2170 1925 non
2207 1858 2558 1925 distictas.·

275 1969 356 2034 Vt
388 1967 585 2051 igitur
636 1964 826 2033 huius
857 1970 1076 2032 nostre
1109 1964 1485 2033 collacionis
1519 1966 1720 2032 series
1752 1967 1944 2032 robur
1978 1968 2268 2052 optineat
2299 1984 2524 2051 perpe-

271 2082 377 2140 tue
423 2074 786 2157 firmitatis,
865 2094 981 2141 nec
1032 2071 1241 2157 possit
1293 2072 1427 2138 vllo
1479 2090 1763 2156 unquam
1815 2078 2104 2158 tempore
2163 2072 2228 2137 in
2270 2074 2523 2139 irritum

274 2180 627 2266 retractari,
679 2186 1006 2264 presentes
1039 2177 1248 2245 eidem
1286 2179 1600 2262 Magistro
1630 2177 1925 2244 Dionisio
1959 2178 2391 2246 concessimus
2420 2179 2523 2245 lit·

274 2299 444 2357 teras
474 2287 805 2375 dupplicis
838 2285 1044 2370 sigilli
1076 2285 1281 2352 nostri
1313 2285 1665 2352 munimine
1696 2285 2081 2353 roborando.
2131 2287 2374 2354 Datum
2406 2305 2525 2372 per

276 2417 502 2464 manus
532 2394 926 2462 venerabilis
963 2392 1086 2460 viri
1118 2392 1412 2476 Mag'istri
1445 2392 1702 2460 Nicolai
1736 2393 1887 2459 aule
1925 2399 2143 2460 nostre
2175 2393 2524 2461 vice-Can-

274 2504 519 2573 cellarii
559 2502 779 2570 dilecti
819 2509 882 2568 et
914 2501 1124 2568 fidelis
1157 2504 1385 2583 nostri,
1420 2523 1590 2569 anno
1612 2498 1875 2567 Domini
1915 2499 2258 2568 millesimo
2290 2499 2519 2569 ducen-

274 2611 500 2678 tesimo
531 2609 1014 2698 septuagesimo
1045 2630 1216 2679 nono
1237 2663 1255 2696 ‚
1300 2610 1502 2694 Regni
1553 2615 1771 2677 autem
1823 2608 2026 2677 nostri
2060 2630 2230 2676 anno
2253 2616 2515 2677 octauo.

274 2793 552 2858 (En-edetis
578 2787 928 2858 bssrhartyam
980 2807 1016 2843 a
1065 2791 1370 2858 mirga-zold
1421 2790 1879 2858 selyemzsinoron
1919 2791 2136 2856 fssggbtt
2170 2788 2354 2856 pecset
2377 2789 2523 2841 elve-

773 2887 944 2944 szett3
982 2895 1017 2932 a
1041 2880 1206 2932 budai
1247 2881 1346 2932 kir.
1375 2881 1614 2932 kamarai
1643 2876 2024 2950 leveltarban.)

1184 3150 1607 3161 *θ’-ο-

1334 3485 1478 3554 160.

274 3689 389 3756 IV.
424 3688 660 3756 Ldszlo
690 3686 911 3772 kirozly
961 3709 1003 3750 a
1051 3706 1138 3749 εκ.
1173 3684 1397 3770 qued
1446 3682 1726 3769 somoqyi
1757 3657 2106 3766 konventje
2134 3682 2277 3746 elate
2313 3679 2521 3746 Ja'nos

142 3794 149 3798 ’
271 3802 465 3884 ispcin
495 3797 559 3863 e‘s
590 3820 631 3859 α
653 3795 1059 3880 somoqudri
1075 3790 1442 3878 jobba'yyok
1474 3793 1682 3857 kb‘z'o'tt
1701 3789 2000 3875 Moqorey
2015 3787 2177 3874 salu
2208 3788 2383 3853 ircim
2402 3789 2524 3852 kalt

982 3900 1318 3987 eqyesse'qet
1349 3899 1577 3982 dtirja.
1629 3899 1822 3964 1279.

488 4083 864 4183 Eadyzlaus
904 4096 1026 4160 Dei
1057 4095 1283 4177 gracia
1311 4092 1647 4176 Hungarie
1664 4144 1683 4178 ,
1742 4089 2124 4177 Dalmacie,
2175 4088 2524 4169 Crowacie,

271 4206 513 4291 Bame‚
562 4204 827 4290 Seruie‚
874 4201 1195 4287 Gallicie,
1252 4200 1666 4284 Lodomerie‚
1727 4195 2042 4265 Cumanie
2086 4193 2527 4281 Bulgarieque

271 4315 414 4379 Rex
445 4313 743 4379 omnibus
793 4309 1031 4377 Christi
1069 4307 1365 4375 fidelibus
1403 4312 1769 4394 presentem
1802 4305 2111 4390 paginam
2144 4303 2527 4390 inspecturis

273 4421 555 4487 salutem
590 4419 659 4485 in
692 4438 787 4502 e0,
825 4418 933 4501 qui
966 4416 1248 4500 Regibus
1281 4414 1395 4482 dat
1427 4416 1724 4484 salutem.
1773 4414 1881 4480 Ad
1917 4413 2364 4480 vniuersorum
2395 4418 2525 4476 tam

273 4526 685 4611 presencium
737 4545 927 4608 quam
980 4524 1339 4591 futurorum
1389 4523 1695 4589 noticiam
1748 4521 1973 4588 harum
2026 4518 2195 4587 serie
2232 4518 2528 4586 volumus

271 4631 657 4717 peruenire,
708 4632 884 4713 quod
935 4630 1165 4697 Comes
1216 4630 1546 4698 Johannes
1596 4628 1764 4696 filius
1816 4628 2008 4713 Iseph
2046 4627 2129 4695 ab
2163 4646 2290 4693 una
2322 4631 2527 4711 parte,

366 4766 571 4803 nom.
602 4763 767 4803 nune.
798 4764 937 4803 mer.
974 4775 1051 4785 —-
1086 4762 1309 4803 nmou.
1368 4758 1439 4804 1⁷.
2125 4737 2205 4803 15
