3319 5249
1753 405 1879 468 216
1907 493 1970 500 —

678 604 961 685 dumque
993 618 1396 667 successores
1435 619 1514 666 ex
1546 597 1908 665 donacione
1941 597 2187 665 domini
2222 597 2382 665 Bele
2413 595 2673 684 (Regis)
2706 598 2944 666 inclite

679 708 990 782 memorie
1050 708 1189 775 iure
1252 706 1639 774 hereditario
1692 704 2024 790 possidere
2055 704 2598 785 dinoscebantur,
2647 705 2946 773 vendidit

677 818 972 886 Plebano
1003 814 1374 901 supradicto
1413 834 1490 880 ac
1522 813 1833 880 fratribus
1858 812 2149 880 eiusdem
2182 833 2301 899 pro
2335 813 2678 896 sexaginta
2709 815 2945 880 marcis

682 926 889 992 minus
924 924 1134 991 tribus
1165 921 1401 989 marcis
1421 972 1440 1006 ‚
1489 939 1683 1003 quam
1736 920 1999 1004 quidem
2031 921 2428 987 solucionem
2466 919 2679 987 dictus
2710 920 2943 988 Pleba·

682 1053 805 1100 nus
838 1038 904 1098 et
934 1029 1171 1097 fratres
1204 1029 1492 1097 eiusdem
1544 1047 1759 1097 coram
1811 1029 2000 1095 nobis
2034 1028 2364 1095 antedicto
2395 1027 2717 1095 Anthaleo
2750 1030 2944 1114 plene

683 1147 747 1206 et
777 1141 1047 1222 integre
1066 1137 1563 1224 persoluerunt3
1630 1137 1984 1222 assumpsit
2022 1135 2228 1203 eciam
2259 1136 2453 1222 ydem
2485 1135 2844 1204 Anthaleus
2877 1144 2939 1203 et

684 1246 856 1313 filius
888 1244 1200 1332 eiusdem,
1253 1243 1424 1329 quod
1458 1245 1872 1331 priuilegium
1910 1245 2156 1312 domini
2194 1244 2392 1329 Regis
2425 1245 2586 1312 Bele
2619 1252 2685 1312 et
2716 1246 2942 1312 omnia

684 1353 1152 1439 instrumenta,
1202 1371 1323 1420 nec
1373 1372 1503 1420 non
1554 1357 1621 1418 et
1672 1353 2108 1439 munimenta,
2180 1371 2306 1438 que
2344 1371 2542 1436 super
2570 1351 2749 1420 dicta
2779 1352 2944 1419 villa

686 1460 928 1529 habere
960 1452 1488 1544 dinoscebantur‚=
1524 1460 1611 1528 ad
1651 1481 1882 1529 manus
1915 1460 2232 1546 sepedicti
2265 1460 2539 1528 Plebani
2570 1467 2636 1527 et
2666 1459 2942 1527 fratrum

691 1588 951 1638 suorum
986 1574 1385 1654 statuerent;
1435 1570 1492 1636 si
1525 1589 1657 1654 qua
1690 1589 1845 1636 uero
1878 1589 2009 1635 non
2042 1573 2404 1637 statuerent
2443 1569 2524 1637 de
2563 1577 2780 1637 cetero
2810 1568 2952 1636 nul-

590 1676 594 1681 ’
690 1676 816 1743 lius
850 1685 1066 1744 essent
1117 1678 1361 1762 uigoris
1413 1679 1518 1745 uel
1571 1680 1899 1746 momenti.
1946 1677 2336 1762 obligarunt
2386 1680 2592 1745 eciam
2644 1698 2716 1746 se
2747 1677 2951 1761 ijdem

688 1784 1057 1852 Anthaleus
1092 1793 1157 1852 et
1186 1784 1355 1853 filius
1389 1784 1682 1855 eiusdem
1707 1837 1724 1870 ‚
1776 1794 1847 1855 vt
1879 1788 2248 1873 quicunque
2279 1787 2644 1874 inpulsaret
2677 1785 2952 1855 eundem

696 1893 1057 1960 Plebanum
1108 1912 1187 1959 ac
1235 1893 1470 1961 fratres
1524 1894 1817 1964 eiusdem
1865 1914 2062 1982 super
2112 1894 2290 1962 dicta
2327 1895 2709 1976 hereditate,
2758 1914 2952 1979 expe-

695 2001 835 2067 dire
865 2005 1243 2067 teneruntur
1291 2003 1646 2070 secundum
1698 2004 1906 2087 Regni
1939 2002 2464 2072 consuetudinem
2495 2006 2949 2090 approbatam.

697 2108 780 2174 Et
842 2114 914 2173 ut
962 2108 1120 2176 facti
1170 2111 1373 2178 series
1425 2113 1621 2182 robur
1672 2113 1984 2196 obtineat,
2034 2112 2242 2180 dictus
2281 2112 2648 2180 Anthaleus
2680 2117 2747 2179 et
2777 2110 2954 2178 filius

696 2213 981 2282 eiusdem
1018 2216 1475 2300 obligauerunt
1525 2242 1597 2289 se
1651 2241 1866 2289 coram
1906 2222 2093 2289 nobis
2115 2271 2135 2308 ,
2183 2220 2631 2306 prenominato
2662 2220 2954 2287 Plebano

700 2329 765 2388 et
819 2322 1138 2391 fratribus
1187 2326 1474 2393 eiusdem
1526 2348 1670 2395 cum
1723 2328 2065 2415 priuilegio
2117 2328 2358 2395 domini
2411 2328 2710 2396 Ladizlai
2752 2326 2952 2409 Regis

698 2465 785 2476 —
837 2465 925 2477 -·
983 2468 1055 2478 -
1107 2433 1506 2503 confirmare.
1570 2436 1811 2504 Datum
1864 2458 2038 2504 anno
2090 2436 2354 2504 Domini
2410 2434 2635 2504 M⁰CO⁰
2699 2438 2951 2520 septua-

698 2538 944 2620 gesimo
979 2544 1227 2606 octauo.

702 2716 770 2780 (A
796 2720 1008 2783 szepesi
1034 2716 1414 2787 kaptalannak
1463 2725 1616 2775 1301.
1658 2727 1752 2794 „in
1790 2730 2024 2778 crastino
2052 2727 2369 2778 festiuitatis
2395 2703 2762 2776 Beatc'Lucie
2787 2722 2953 2786 virgi-

701 2802 818 2858 nis“
849 2807 963 2860 kclt
988 2804 1297 2881 itiratabol,
1343 2830 1376 2865 a
1426 2809 1667 2881 Barczay
1695 2812 1879 2867 csalad
1906 2812 2316 2878 leveltarabam
2356 2814 2570 2867 kozolte
2594 2808 2957 2873 Radvanszky

1744 2902 1919 2970 Bela.)

1615 3187 2036 3199 ——-

1765 3601 1912 3669 153.

708 3797 765 3864 A
798 3803 1061 3865 vasva'ri
1108 3800 1542 3887 kciplalannak
1591 3801 2116 3887 bizonysciqlevele
2136 3851 2156 3880 ‚
2223 3802 2389 3885 hoyy
2439 3798 2754 3863 Her-mani
2802 3800 2960 3864 Bal-

717 3909 878 3974 dain
910 3911 971 3973 e's
1005 3908 1267 3972 Ma‘reon
1317 3934 1358 3972 a
1408 3909 1655 3974 szaldlci
1704 3914 1826 3972 υάτ·
1857 3910 2053 3995 helyet
2107 3910 2319 3973 Rubi„
2357 3908 2763 3993 alvajdcinak
2794 3907 2963 3971 clad-

1654 4016 1786 4081 ra'k.
1821 4020 2016 4082 1278.

1175 4198 1234 4258 A
1604 4192 1659 4258 Β
2028 4193 2077 4258 Ο
2447 4193 2506 4256 D

923 4356 1059 4423 Nos
1123 4356 1493 4442 Capitulum
1555 4355 1852 4422 Ecclesie
1913 4355 2137 4423 Sancti
2186 4352 2526 4420 Michaelis
2589 4354 2671 4420 de
2734 4353 2964 4421 Castro

713 4465 953 4531 Ferreo
985 4471 1206 4532 notum
1240 4463 1512 4532 facimus
1546 4470 1771 4531 tenore
1801 4461 2199 4549 presencium
2232 4460 2575 4545 uniuersis,
2620 4461 2788 4545 quod
2821 4462 2965 4528 Bal·

713 4572 954 4639 duinus
988 4579 1052 4639 et
1083 4572 1401 4640 Martinus
1434 4572 1551 4657 filij
1588 4570 2029 4639 Bartholomei
2082 4569 2163 4637 de
2211 4571 2498 4637 Herman
2531 4589 2746 4638 coram
2778 4569 2967 4637 nobis

711 4681 1042 4748 constituti
1092 4682 1301 4747 locum
1356 4679 1550 4764 castri
1603 4681 1800 4746 situm
1855 4680 1923 4748 in
1973 4687 2146 4746 terra
2183 4667 2403 4746 Zalak
2434 4698 2576 4745 cum
2610 4677 2964 4744 fossatibus
