3319 5249
1203 377 1210 381 ,
1285 425 1324 433 m
1392 335 1513 401 107

1390 873 1495 938 137.

315 1069 496 1135 C'ha‘k
549 1071 1001 1156 ncmzetaeybeli
1046 1070 1248 1156 Uqrin
1278 1078 1494 1136 mester
1543 1069 1640 1134 ke‘t
1675 1070 1902 1136 Pethen
1937 1080 2088 1134 net-ii
2110 1074 2410 1155 jo'sza'qot
2444 1074 2571 1133 ἰάν-

311 1182 518 1264 wazo'
570 1179 932 1263 αᾶοπιάπῃα
964 1175 1194 1244 Sudan
1243 1175 1701 1262 mmzetaeqbeli
1732 1179 1939 1243 Βόηθε
1990 1188 2208 1242 mester
2247 1182 2567 1244 sza'mdru.

1351 1288 1542 1353 1274.

533 1482 847 1567 Magister
881 1484 1157 1567 Vgrinus
1198 1482 1369 1548 filius
1402 1482 1575 1548 Pous
1614 1479 1695 1548 de
1727 1501 1966 1565 genere
2002 1483 2233 1549 Chaak
2264 1483 2571 1566 Magister

316 1594 695 1675 Agasonum
746 1591 987 1659 domini
1037 1589 1233 1672 Regis
1283 1588 1583 1655 Ladizlai
1638 1591 1935 1659 omnibus
1988 1589 2227 1657 Christi
2277 1588 2575 1655 fidelibus

319 1706 655 1785 presentes
705 1699 959 1767 litteras
1006 1696 1401 1783 inspecturis
1458 1697 1734 1762 salutem
1786 1699 1854 1763 in
1907 1698 2185 1763 Domino
2237 1695 2571 1782 sempiter-

317 1829 490 1874 nam.
524 1806 799 1872 Nouerit
830 1806 1225 1874 vniuersitas
1260 1812 1498 1890 uestra,
1532 1804 1705 1888 quod
1735 1826 1856 1872 nos
1890 1805 2238 1889 meritorijs
2269 1803 2574 1890 seruicijs

318 1914 615 1996 Magistri
649 1913 947 1998 Dyonisij
1002 1913 1116 1997 filij
1153 1911 1414 1978 Arnath
1446 1912 1528 1979 de
1560 1931 1799 1994 genere
1832 1911 2072 1998 Sudan,
2120 1913 2351 1998 quibus
2401 1909 2571 1976 idem

317 2043 359 2087 a
389 2042 502 2088 sue
533 2021 822 2105 puericie
855 2019 1253 2105 temporibus
1307 2018 1585 2086 diuersis
1632 2017 2066 2104 periculorum
2100 2020 2358 2088 casibus
2389 2038 2572 2088 suam

317 2149 666 2214 personam
715 2128 902 2195 nobis
951 2126 1319 2213 scientibus,
1378 2147 1529 2212 ymo
1579 2126 1826 2212 pluries
1875 2127 2264 2209 videntibus,
2317 2127 2575 2194 fortune

317 2236 704 2322 exponendo
757 2235 1006 2300 studuit
1055 2233 1332 2300 fideliter
1383 2235 1571 2301 nobis
1601 2233 2023 2319 complacere,
2056 2242 2246 2317 grata
2278 2255 2573 2321 compen·

316 2345 584 2412 sacione
639 2343 936 2408 volentes
988 2359 1358 2421 occurrere3
1408 2340 1517 2423 qui
1571 2340 1727 2408 licet
1759 2346 2023 2424 propter
2054 2361 2176 2406 sua
2217 2340 2578 2408 laudabilia

317 2451 600 2519 seruicia
630 2450 879 2515 maiora
911 2469 992 2515 ex
1039 2456 1236 2534 parte*
1260 2447 1467 2515 nostri
1497 2447 1831 2514 debuisset
1880 2450 2268 2534 promereri,
2317 2448 2402 2516 ad
2439 2470 2574 2533 pre-

319 2580 468 2627 sens
502 2567 761 2647 tamen,
813 2565 884 2624 vt
915 2558 1030 2644 alij
1078 2556 1375 2643 exemplo
1427 2555 1798 2626 huiusmodi
1833 2559 1919 2624 ad
1954 2559 2213 2628 alcioris
2244 2559 2578 2628 fidelitatis

319 2670 639 2735 feruorem
679 2667 1024 2751 inuigilent
1074 2673 1139 2734 et
1169 2673 1565 2749 assurgant:
1615 2666 1779 2733 duas
1812 2667 2007 2736 villas
2039 2676 2299 2735 nostras
2330 2667 2577 2734 Pethen

316 2782 584 2842 vocatas
636 2777 705 2839 in
740 2774 1061 2840 Comitatu
1093 2771 1573 2856 Neugradiensi
1629 2774 2007 2861 existentes,
2063 2776 2126 2840 in
2164 2775 2392 2841 eadem
2444 2772 2572 2858 ple-

320 2883 615 2949 nitudine
671 2889 737 2948 et
788 2882 908 2948 sub
957 2880 1198 2947 eisdem
1254 2882 1440 2947 metis
1460 2931 1479 2967 ,
1551 2881 1785 2964 quibus
1836 2889 2023 2967 pater
2071 2890 2290 2950 noster
2344 2890 2405 2948 et
2458 2902 2577 2948 nos

319 2992 672 3073 tenuimus,
705 2989 1021 3075 dedimus,
1076 2987 1460 3055 donauimus
1494 2996 1559 3056 ct
1589 2990 1980 3059 contulimus
2014 2991 2223 3059 eidem
2258 2994 2575 3075 Magistro

321 3098 642 3183 Dyonisio
665 3149 683 3183 ,
733 3105 797 3162 et
824 3117 940 3184 per
976 3116 1122 3163 eum
1156 3095 1292 3165 suis
1339 3096 1688 3164 heredibus
1732 3107 2042 3183 perpetuo
2078 3108 2142 3167 et
2173 3099 2576 3166 inreuocabi-

320 3208 468 3272 liter
499 3207 971 3291 possidendas;
1022 3206 1133 3288 ita,
1188 3205 1362 3288 quod
1411 3225 1530 3272 nec
1563 3226 1684 3272 nos
1734 3208 2061 3292 possimus
2112 3209 2180 3274 in
2219 3215 2576 3293 posterum,

321 3336 441 3381 nec
475 3315 682 3382 nostri
716 3333 1126 3383 successores
1160 3314 1243 3379 ab
1277 3311 1418 3398 ipso
1449 3314 1764 3396 Magistro
1797 3315 2133 3401 Dyonisio,
2185 3317 2291 3384 vel
2323 3316 2409 3382 ab
2441 3315 2579 3381 eius

321 3422 672 3489 heredibus
732 3422 999 3489 valeant
1061 3440 1386 3487 reuocare.
1453 3420 1537 3485 Vt
1586 3420 1785 3503 igitur
1844 3422 1960 3488 hec
2025 3430 2247 3489 nostra
2301 3424 2575 3489 donacio

323 3532 518 3597 robur
571 3531 864 3616 optineat
909 3536 1221 3615 perpetue
1272 3526 1622 3611 firmitatis,
1674 3536 2005 3612 presentes
2058 3530 2229 3597 dicto
2263 3529 2575 3614 Magistro

324 3638 643 3723 Dyonisio
678 3637 1118 3705 concessimus
1156 3637 1411 3703 litteras
1442 3642 1668 3703 nostro
1703 3637 1918 3719 sigillo
1954 3639 2396 3706 communitas.
2446 3640 2578 3703 Da·

326 3756 461 3810 tum
492 3765 671 3810 anno
703 3743 968 3811 Domini
1000 3745 1220 3811 M⁰CC⁰
1255 3743 1738 3828 septuagesimo
1772 3751 2017 3827 quarto.

328 3925 598 3976 ‘Er-edetis
627 3922 954 3990 b6rhartyan
978 3964 989 3983 ‚
1030 3925 1253 3990 melyro'l
1294 3941 1326 3974 a
1373 3922 1557 3990 pecset
1596 3922 2093 3990 sarga·violaszinii
2123 3924 2579 3991 selyemzsinoron

819 4016 990 4080 sugg,
1030 4031 1063 4065 a
1088 4015 1253 4065 budai
1295 4016 1397 4065 kir.
1437 4013 1683 4064 kamarai
1723 4011 2116 4067 leveltaraban.
