3319 5249
1424 371 1571 473 485·

328 566 486 633 alia
512 565 926 633 edificiasibi
956 566 1224 632 reficere
1254 573 1645 653 recusasset,
1684 572 1744 632 et
1791 565 1979 631 nobis
2000 569 2384 652 pensionem
2434 569 2619 635 dimi-

351 671 458 738 die
493 692 707 738 marce
738 673 992 755 argenti
1023 674 1089 737 in
1122 671 1251 740 illis
1285 694 1401 740 sex
1432 676 1626 741 annis
1656 674 1922 759 elapsis,
1955 682 2173 759 preter
2206 674 2519 744 collectas
2541 683 2605 743 et

326 781 521 846 alias
553 779 954 866 exacciones,
986 800 1112 863 que
1141 781 1329 847 nobis
1364 802 1442 846 ex
1500 790 1688 864 parte
1721 782 1926 866 ipsius
1990 782 2269 868 Nycolai
2319 783 2405 848 ad
2453 783 2620 850 ordi-

348 907 497 953 nem
531 895 597 954 et
631 886 999 972 exemplum
1032 888 1306 954 aliorum
1359 889 1748 974 populorum
1800 894 2185 977 nostrorum,
2235 891 2400 956 sicut
2450 897 2617 961 terre

334 991 632 1060 xdominis
664 994 990 1080 competit,
1025 994 1453 1080 debebantur,
1486 1017 1601 1081 per
1644 1015 1767 1062 nos
1799 995 2171 1076 frequenter
2190 996 2538 1080 requisitus
2559 1005 2622 1066 et

343 1100 629 1166 monitus
664 1102 870 1166 eciam
909 1101 1165 1169 soluere
1227 1101 1658 1190 denegasset,
1730 1122 1802 1169 se
1866 1104 1935 1168 in
1998 1102 2272 1171 diuersis
2333 1104 2493 1172 locis
2553 1113 2621 1173 et

334 1206 641 1292 ‘partibus
672 1210 974 1274 continue
1005 1209 1434 1275 absentando.
1468 1210 1602 1277 Nos
1629 1212 1694 1275 in
1723 1209 1894 1276 facto
1916 1209 2206 1276 eiusdem
2227 1210 2409 1277 fundi
2442 1214 2616 1279 curie

344 1314 773 1397 respicientes
806 1321 1019 1381 nostre
1058 1316 1342 1383 Ecclesie
1371 1317 1662 1399 meliora,
1693 1325 1756 1383 et
1787 1319 1961 1383 lucro
1982 1339 2061 1383 ac
2081 1319 2413 1384 commodo
2447 1326 2614 1386 terre

344 1427 564 1487 nostre
603 1441 821 1488 carere
854 1423 1170 1510 nolenteS,
1240 1444 1357 1488 nec
1422 1422 1712 1508 ejusdem
1773 1425 1832 1489 N
1834 1423 2050 1507 yeolai
2113 1426 2484 1492 absenciam
2547 1433 2616 1493 et

341 1527 820 1613 negligenciam
854 1530 1146 1596 ualentes
1187 1531 1458 1597 ulterius
1490 1534 1848 1614 sustinere3
1883 1531 2242 1615 predictam
2262 1552 2486 1599 aream
2505 1554 2610 1600 cu-

340 1634 462 1721 rie,
496 1636 663 1701 inter
694 1636 915 1702 domos
949 1638 1160 1703 Datne
1191 1643 1255 1702 et
1286 1638 1603 1705 Johannis
1636 1636 1805 1705 fabri
1848 1640 2284 1727 constitutam,
2336 1640 2423 1706 ad
2474 1661 2611 1726 pre-

296 1766 305 1781 ·
342 1763 495 1809 sens
516 1762 790 1808 vacuam
830 1751 893 1809 et
925 1743 1201 1828 edificijs
1233 1744 1631 1832 destitutam,
1654 1745 1957 1811 Michaeli
1988 1747 2219 1812 sartori
2260 1754 2323 1813 et
2342 1748 2475 1814 suis
2495 1767 2607 1833 po-

326 1850 741 1917 steritatibus
775 1849 1251 1917 concedendam
1285 1851 1813 1936 irreuocabiliter,
1848 1860 1910 1917 et
1939 1859 2250 1936 perpetuo
2300 1852 2605 1921 duximus

333 1955 750 2022 statuendam
773 1980 787 2041 ;
812 1957 904 2023 ita
924 1957 1246 2043 videlicet,
1267 1957 1443 2042 quod
1469 1965 1679 2043 preter
1698 1957 2004 2024 collectas
2025 1965 2089 2024 et
2110 1959 2278 2025 alias
2313 1963 2607 2027 exaccio-

250 2100 253 2103 >
339 2084 478 2148 nes,
513 2064 1029 2131 contribuciones
1052 2072 1117 2130 et
1145 2066 1693 2150 presentaciones,
1727 2084 1850 2146 que
1881 2084 1996 2148 pro
2029 2071 2320 2149 tempore
2346 2066 2609 2135 fuerant.

341 2177 762 2254 emergentes,
793 2171 966 2237 idem
996 2171 1298 2258 Mychael
1331 2179 1540 2238 sartor
1574 2179 1633 2237 et
1666 2190 1781 2238 sue
1813 2171 2225 2256 posteritates
2263 2177 2451 2240 annis
2473 2175 2602 2241 sin-

337 2279 509 2362 gulis
540 2279 604 2343 in
628 2284 1008 2362 perpetuum
1045 2278 1293 2344 dabunt
1322 2278 1509 2344 nobis
1542 2285 1607 2344 et
1636 2278 1876 2344 nostris
1909 2280 2386 2346 successoribus
2423 2284 2601 2350 circa

337 2385 572 2450 festum
594 2384 817 2450 Sancti
847 2385 1206 2469 Mychaelis
1238 2384 1638 2469 Archangeli
1673 2385 1754 2450 de
1789 2385 2150 2469 Septembri
2191 2404 2307 2453 sex
2357 2409 2600 2477 pensas

336 2491 749 2557 denariorum
770 2492 1277 2579 Vyeunensium,
1302 2492 1513 2558 minus
1536 2492 1756 2581 decem
1778 2493 2085 2577 deuarijs,
2109 2495 2193 2560 ad
2215 2515 2484 2579 presens
2505 2497 2603 2561 ‹li-

338 2597 601 2665 midiam
636 2619 921 2664 marcam
958 2597 1081 2664 fini
1115 2600 1371 2683 argenti
1409 2606 1475 2666 et
1507 2600 1633 2665 tria
1665 2598 1956 2685 pondera
1976 2599 2310 2687 facientes,
2345 2604 2449 2669 uel
2484 2605 2607 2670 sol-

338 2713 494 2772 uent
526 2705 827 2771 denarios
859 2708 1119 2772 vsuales
1150 2726 1266 2791 pro
1303 2712 1590 2789 tempore
1623 2713 1954 2772 currentes
1986 2709 2149 2773 tanti
2178 2709 2423 2776 ualoris
2457 2732 2588 2795 pro·

336 2814 628 2894 terragio
680 2813 819 2877 siue
853 2833 1069 2893 censu,
1131 2832 1254 2895 que
1316 2815 1502 2878 nobis
1566 2821 1862 2896 pretextu
1928 2812 2257 2880 domorum
2321 2838 2604 2904 suarum,

338 2940 504 3002 quas
525 2920 589 2984 in
612 2919 903 3003 predicto
925 2920 1124 2985 fundo
1145 2919 1319 2984 curie
1353 2928 1727 2985 construent
1762 2929 1827 2984 et
1857 2919 2094 2986 sacient
2115 2923 2248 2988 suis
2269 2924 2602 2993 laboribus

336 3032 402 3091 et
465 3021 807 3110 expensis,
871 3034 934 3090 et
996 3027 1287 3092 Ecclesie
1322 3034 1539 3092 nostre
1592 3047 1672 3091 ex
1735 3039 1921 3110 parte
1983 3046 2203 3094 eorum
2265 3034 2598 3098 annuatim

338 3139 403 3196 et
435 3142 774 3219 perpetuo,
830 3140 1017 3217 prout
1068 3134 1463 3217 prediximus
1484 3184 1503 3219 ,
1556 3135 1977 3208 debebantur.
2029 3136 2330 3230 Preterea
2386 3141 2593 3205 eidem

338 3240 664 3325 Mychaeli
699 3241 933 3307 sartori
966 3242 1236 3307 fecimus
1270 3242 1440 3332 hanc
1471 3243 1759 3323 graciam
1795 3242 2164 3329 specialem,
2186 3251 2257 3308 ut
2286 3242 2407 3310 hoc
2429 3267 2601 3311 anno

338 3348 633 3433 presenti
668 3347 1022 3433 predictam
1049 3348 1423 3432 pensionem
1446 3349 1617 3414 circa
1653 3350 1894 3417 festum
1917 3350 2141 3416 Sancti
2161 3353 2424 3417 Martini
2456 3374 2603 3437 pro-

337 3463 482 3540 pter
499 3455 858 3520 nouitatem
878 3475 1062 3520 suam
1085 3457 1273 3522 nobis
1286 3457 1537 3522 soluere
1563 3465 1822 3523 teneatu
1833 3458 1948 3539 r,in
1970 3458 2235 3541 reliquis
2250 3460 2438 3526 annis
2461 3481 2604 3543 pre-

337 3567 628 3627 notatam
642 3561 1336 3648 pensitacionem,sicut
1357 3564 1855 3650 premisimus,in
1875 3563 2043 3630 festo
2066 3564 2284 3631 Sancti
2299 3566 2358 3629 M
2364 3566 2598 3652 ychae-

333 3669 420 3736 lis
454 3668 804 3750 Arcangeli
840 3669 1179 3738 soluturus.
1214 3672 1285 3734 Iu
1321 3671 1502 3737 cuius
1551 3672 1644 3737 rei
1679 3673 2055 3738 memoriam
2109 3680 2171 3738 et
2220 3682 2599 3758 perpetuam

322 3778 697 3842 <firmitatem
733 3783 1064 3861 presentes
1098 3783 1314 3844 nostro
1348 3779 1567 3862 sigillo
1602 3779 1900 3846 dedimus
1950 3783 2400 3846 communitas.
2456 3782 2588 3845 Da-

328 3893 471 3948 tum
505 3905 622 3969 per
656 3903 886 3949 manus
918 3883 1181 3950 discreti
1215 3885 1337 3950 viri
1374 3885 1667 3968 Magistri
1701 3889 2014 3973 Cypriani
2049 3889 2339 3955 Ecclesie
2374 3895 2592 3954 nostre

322 3990 622 4056 „Lectoris
654 4010 825 4056 anno
868 3992 1145 4057 Domini
1181 3991 1392 4057 M0CC
1409 3994 1940 4061 0LXXX‹·VI110.
1975 3994 2058 4058 V⁰
2093 3995 2414 4062 kalendas
2445 3997 2602 4080 Maij

1092 4189 1151 4253 A
1479 4189 1533 4254 B
1860 4191 1909 4257 C

524 4385 631 4447 (Ax
660 4386 863 4436 eredeti
890 4381 1023 4436 υἱέι)
1051 4386 1244 4436 Knauz
1273 4384 1511 4446 Nandor,
1542 4387 1776 4466 Magyarl
1798 4389 1928 4438 Sion
1959 4390 2058 4450 111,
2089 4389 2141 4440 k.
2167 4389 2289 4440 699.
2317 4389 2377 4452 l.)
