3319 5249
1417 438 1545 504 217

1329 522 1639 539 -„-—-,⁴..-

345 635 522 724 (igy)
556 643 620 704 et
649 636 1066 720 indaginibus
1095 634 1403 719 antiquis,
1434 639 1624 720 prout
1654 631 1870 701 iacent
1899 652 2106 717 usque
2124 649 2430 716 magnam
2456 646 2596 712 por-

345 752 480 810 tam
513 744 705 811 sitam
740 743 925 810 iuxta
956 762 1261 826 magnam
1293 742 1501 826 viam,
1550 740 1982 808 uendiderunt
2029 760 2149 824 pro
2181 740 2404 807 decem
2436 756 2603 801 mar-

347 850 442 917 cis
476 851 729 917 Rubino
761 849 1230 937 Uiceuoyuada
1261 850 1397 916 filio
1431 848 1706 916 Comitis
1734 849 2048 915 Hermani
2080 847 2218 915 iure
2250 842 2607 914 herditario

347 955 811 1041 possidendum
868 957 1172 1025 heredum
1204 956 1271 1022 in
1307 955 1596 1024 heredes.
1648 953 1838 1032 Quod
1870 961 1941 1020 ut
1974 960 2182 1020 ratum
2217 954 2302 1020 sit
2336 971 2606 1039 presens

346 1064 655 1149 scriptum
719 1063 1114 1133 contulimus
1174 1070 1397 1132 nostro
1462 1063 1683 1148 sigillo
1746 1064 2222 1130 communitum.
2289 1060 2604 1145 Magistro

347 1171 601 1238 Thoma
631 1173 970 1259 Preposito
1022 1172 1319 1240 Ecclesie
1369 1178 1626 1257 nostre,
1678 1172 1989 1255 Magistro
2041 1172 2271 1253 Eguke
2310 1169 2609 1250 Cantore,

354 1279 621 1346 Andrea
651 1281 970 1368 Custode,
1019 1282 1251 1349 Cosma
1290 1283 1554 1350 Decano
1607 1280 2059 1348 existentibus.
2106 1281 2296 1344 Anno
2349 1274 2606 1342 Domini

352 1388 699 1456 millesimo
731 1386 1172 1457 ducentesimo
1202 1388 1684 1475 septuagesimo
1719 1397 1973 1456 octauo.

570 1516 813 1583 Kivuz:
880 1514 1078 1582 Carta
1114 1514 1353 1581 Rubini
1386 1533 1579 1599 super
1611 1515 1947 1600 empcione
1977 1510 2103 1581 loci
2137 1512 2336 1581 castri
2370 1508 2604 1577 Zalak.

354 1694 458 1758 (Az
500 1695 702 1747 eredeti
748 1692 879 1747 utzin
924 1693 1118 1747 Rtimer
1141 1695 1338 1758 Floria,
1378 1696 1546 1760 Gyb'ri
1589 1691 1921 1747 'Portenolmi
1960 1690 2016 1745 6³
2041 1691 2325 1761 Regeszcti
2351 1690 2613 1752 Fiizotek‚

1246 1786 1320 1839 11.
1348 1785 1463 1836 ket.
1503 1786 1628 1836 305.
1657 1782 1718 1849 1.)

1412 2514 1561 2583 154.

358 2718 419 2784 A
456 2720 794 2805 veszpre'mi
831 2717 1279 2806 kdptalavmak
1318 2717 1841 2804 bizonysdqlevele
1862 2768 1882 2800 ,
1952 2719 2118 2804 hoyy
2151 2718 2370 2803 Eykai
2401 2715 2618 2797 Gund,

360 2827 686 2914 Nempty-23
735 2826 1105 2912 Madeynak
1157 2836 1415 2913 &zveqye
1465 2828 1934 2911 hozomdnya'ra
1990 2828 2053 2892 έε
2103 2826 2402 2892 Ιι·ἰεὸθ”ι·ένε
2436 2831 2616 2891 ne'zve

1140 2934 1582 3021 krieleqittetett.
1647 2936 1841 3000 1278.

575 3116 711 3181 Nos
767 3111 1132 3198 Capitulum
1183 3111 1690 3198 vesprimiensis
1741 3110 2034 3179 Ecclesie
2075 3111 2306 3178 damus
2340 3131 2455 3197 pro
2489 3132 2615 3180 me·

363 3224 584 3307 moria,
631 3220 804 3304 quod
835 3220 1101 3287 domina
1135 3218 1326 3286 Gund
1360 3219 1495 3286 filia
1527 3220 1703 3286 Petri
1739 3219 1823 3285 de
1855 3218 2070 3306 Eyka,
2117 3219 2348 3286 relicta
2377 3218 2614 3303 Madey

362 3330 446 3395 de
475 3328 715 3412 Nemty
737 3378 755 3413 ,
821 3347 981 3394 vxor
1029 3348 1184 3395 vero
1236 3327 1533 3412 Fabyani
1587 3327 1670 3394 de
1721 3326 1855 3393 Ech
1889 3345 2033 3393 cum
2066 3327 2296 3394 eodem
2328 3326 2617 3393 Fabiano

363 3436 596 3501 marito
652 3453 771 3501 suo
823 3434 1176 3501 constituta
1206 3435 1636 3519 personaliter
1669 3451 1885 3501 eoram
1916 3432 2125 3517 nobis,
2185 3435 2484 3501 confessa
2513 3455 2618 3502 ex·

362 3544 518 3628 titit,
567 3562 638 3609 se
670 3561 712 3607 a
742 3543 935 3610 Petro
965 3541 1100 3609 filio
1130 3541 1369 3627 Madye
1402 3541 1730 3625 prenotati
1762 3539 1977 3608 mariti
2011 3541 2110 3607 sui
2142 3541 2270 3607 iam
2306 3542 2613 3626 defuncti,

364 3658 427 3718 et
461 3671 502 3715 a
528 3648 777 3716 Comite
810 3648 1114 3734 Gylyano
1145 3666 1385 3733 genero
1437 3648 1728 3715 eiusdem
1762 3648 1957 3732 Petri,
2006 3648 2308 3715 vndecim
2360 3670 2616 3717 marcas

362 3778 480 3844 pro
528 3755 955 3843 expedicione
1010 3756 1180 3823 dotis
1234 3762 1298 3822 et
1345 3775 1557 3822 rerum
1600 3774 1866 3825 suarum
1899 3756 2409 3840 parafarnalium
2440 3755 2622 3824 iuxta

367 3866 643 3933 sormam
677 3864 1170 3950 composicionis
1221 3863 1512 3931 habitam
1550 3863 1719 3934 inter
1749 3864 1928 3951 ipsos
1958 3866 2318 3951 recepisse,
2363 3865 2621 3951 sibique

364 3993 567 4058 super
596 3970 929 4057 premissis
980 3973 1133 4039 dote
1166 3978 1230 4039 et
1259 3974 1452 4041 rebus
1485 3991 1705 4040 secum
1737 3972 1975 4040 delatis
2011 3972 2152 4041 fore
2182 3973 2480 4058 plenarie
2513 3993 2618 4040 sa-

362 4079 716 4148 tisfactum.
762 4080 954 4148 Vnde
1002 4079 1227 4149 eadem
1280 4080 1545 4147 domina
1594 4080 1858 4147 Petrum
1909 4088 1974 4148 et
2023 4081 2341 4149 Comitem
2373 4081 2618 4168 Gylya-

365 4208 519 4256 num
550 4193 926 4273 prenotatos
958 4189 1025 4255 in
1059 4208 1256 4257 eausa
1286 4188 1579 4274 predicta
1611 4188 1900 4256 reddidit
1919 4190 2259 4275 expeditos
2282 4197 2348 4258 et
2365 4190 2622 4275 penitus

365 4296 744 4375 absolutos,
790 4303 1018 4381 petens
1069 4315 1211 4362 cum
1253 4298 1597 4380 instancia,
1644 4296 1819 4379 quod
1854 4294 1985 4363 filio
2017 4296 2256 4383 Madye
2287 4298 2618 4383 sepedicto

361 4412 621 4471 nostras
671 4401 1123 4489 priuilegiales
1177 4404 1334 4471 dare
1384 4404 1638 4473 litteras
1686 4424 1880 4489 super
1930 4407 2250 4491 premissa
2291 4405 2619 4493 expedici-

365 4534 491 4581 one
521 4511 952 4598 dignaremur.
998 4511 1188 4591 Quod
1221 4532 1342 4580 nos
1374 4511 1662 4580 facturos
1691 4513 2103 4598 promisimus
2123 4563 2140 4596 ,
2191 4514 2248 4581 si
2280 4520 2621 4600 presentes

365 4620 556 4688 nobis
607 4621 678 4687 in
728 4621 849 4687 hoc
898 4641 1070 4690 anno
1119 4627 1543 4707 reportentur.
1592 4622 1832 4688 Datum
1884 4640 2058 4690 anno
2094 4623 2359 4690 Domini
2396 4621 2621 4691 M⁰CC⁰

367 4729 850 4814 septuagesimo
889 4734 1135 4795 octauo.
