3319 5249
1399 433 1524 502 165

1356 1323 1502 1393 110.

296 1577 359 1644 A
393 1583 583 1645 va'czi
614 1581 1065 1669 kciptalannak
1097 1580 1621 1667 bizonysciqlevele
1640 1631 1661 1661 ‚
1709 1582 1872 1669 hoqy
1916 1582 2163 1648 Zolnuk
2194 1588 2550 1666 nemzetsey-

289 1684 411 1750 beli
461 1685 777 1751 Leuszta‘k
825 1689 887 1751 e's
935 1688 1208 1753 rokonai
1262 1690 1500 1774 Baqun
1550 1693 1610 1753 ὄσ
1668 1688 1932 1754 Zobolch
1978 1697 2137 1752 nevil
2170 1687 2550 1775 foldeiknek

296 1793 731 1881 neqyedresze't
780 1796 1175 1861 ndverilknek
1224 1796 1632 1862 Erzse'betnck
1685 1800 1746 1862 e's
1778 1797 2073 1884 fem‘e'nek
2112 1797 2407 1862 Peternek
2453 1801 2547 1861 dt-

1130 1903 1446 1988 enqedt6k.
1509 1907 1700 1970 1276.

502 2130 871 2217 Capitulum
904 2132 1195 2201 Ecclesie
1247 2134 1653 2203 Wachiensis
1699 2136 1993 2203 omnibus
2045 2134 2286 2202 Christi
2337 2134 2541 2202 fideli·

289 2241 435 2325 bus,
468 2239 703 2323 quibus
738 2248 1072 2326 presentes
1107 2241 1552 2326 ostenduntur,
1593 2243 1874 2310 salutem
1908 2243 1973 2309 in
2007 2241 2289 2310 omnium
2322 2243 2540 2311 salua·

284 2354 442 2415 tore.
489 2348 596 2414 Ad
647 2348 1093 2417 vniuersorum
1143 2350 1449 2417 noticiam
1500 2357 1721 2418 tenore
1781 2352 2188 2435 presencium
2239 2352 2540 2418 volumus

283 2454 648 2541 peruenire,
699 2455 871 2539 quod
921 2475 1137 2524 coram
1189 2457 1378 2524 nobis
1429 2458 1795 2526 constitutis
1847 2458 2171 2525 nobilibus
2235 2460 2392 2527 viris
2456 2460 2537 2527 ab

287 2582 414 2630 vna
442 2570 637 2649 parte
667 2564 1055 2634 Leustachio
1108 2563 1190 2633 de
1224 2586 1459 2651 genere
1490 2567 1746 2634 Zolnuk
1798 2586 1915 2652 pro
1966 2586 2037 2634 se
2069 2573 2132 2634 et
2182 2587 2296 2653 pro
2330 2568 2535 2635 Paulo

279 2673 482 2739 fratre
514 2692 654 2759 suc,
705 2674 896 2740 Petro
947 2694 1089 2740 cum
1143 2674 1640 2758 consanguineis
1695 2676 1847 2760 suis,
1895 2676 2132 2762 Pousa,
2182 2677 2372 2743 Petro
2404 2675 2536 2744 filio

287 2780 558 2845 Theneu
589 2799 708 2865 pro
742 2801 813 2846 se
846 2788 910 2847 et
940 2802 1060 2869 pro
1094 2781 1265 2848 dicto
1297 2790 1482 2869 patre
1514 2804 1650 2871 sue,
1704 2781 2036 2849 Gothardo
2069 2805 2184 2869 pro
2220 2802 2290 2849 se
2324 2791 2389 2851 et
2419 2805 2536 2869 pro

285 2887 440 2972 filijs
505 2889 644 2954 suis
691 2886 976 2970 Andrea,
1026 2891 1296 2978 Kemen,
1344 2891 1708 2978 DominicO,
1774 2889 2063 2974 Nicola0,
2128 2889 2439 2956 Ladizlao
2472 2897 2536 2955 et

281 2996 637 3081 Stephano,
687 3015 766 3062 ac
796 3017 916 3082 pro
946 2999 1137 3064 Petro
1168 2998 1303 3065 filio
1337 2998 1491 3065 dieti
1522 3001 1792 3083 Kemen,
1843 3006 1907 3065 et
1944 2997 2216 3084 paruulo
2243 2998 2376 3064 filio
2410 2998 2535 3064 An-

283 3103 439 3170 dree
470 3104 805 3190 annotati;
852 3107 936 3173 ab
967 3106 1180 3174 altera
1209 3128 1359 3176 uero
1394 3109 1583 3175 Petro
1633 3108 1768 3174 filio
1819 3108 2107 3193 Bulehu3
2169 3106 2342 3173 idem
2377 3106 2532 3173 Leu-

278 3210 573 3280 stachius
606 3215 959 3301 proposuit,
989 3215 1162 3299 quod
1194 3215 1275 3282 de
1308 3236 1627 3284 consensu
1661 3224 1725 3282 et
1756 3216 2166 3302 beneplacita
2196 3215 2532 3282 voluntate

281 3316 717 3405 predictorum
782 3324 1408 3407 consanguineorum
1473 3344 1757 3408 suorum,
1812 3332 1876 3390 et
1924 3322 2143 3390 fratris
2193 3321 2298 3390 sui
2360 3322 2532 3388 Petri

277 3425 618 3510 antedicti,
667 3428 1005 3497 dedissent
1037 3437 1103 3498 et
1136 3433 1560 3500 contulissent
1591 3432 1672 3499 de
1704 3433 1891 3500 terris
1930 3434 2064 3500 suis
2097 3429 2532 3517 hereditariis,

274 3554 441 3616 quas
475 3535 749 3603 haberet
781 3538 848 3602 in
882 3541 1075 3606 terris
1107 3540 1337 3624 Bagun
1369 3547 1434 3606 et
1452 3542 1741 3610 Zobolch
1764 3544 2032 3625 vocatis,
2067 3548 2368 3626 quartam
2389 3559 2530 3625 par-

271 3650 398 3708 tem
434 3663 580 3710 cum
620 3646 756 3711 suis
789 3644 1177 3715 vtilitatibus
1209 3655 1272 3714 et
1304 3648 1727 3734 pertinencijs
1777 3649 1980 3717 sorori
2032 3668 2148 3715 sue
2185 3645 2529 3714 Elizabeth

276 3757 337 3814 et
368 3770 611 3834 sponso
643 3771 780 3832 suc,
828 3752 1058 3820 marito
1089 3752 1292 3841 ipsius
1322 3755 1692 3843 Elizabeth,
1747 3759 1933 3824 Petro
1971 3755 2273 3824 videlicet
2306 3773 2525 3838 supra·

274 3857 449 3924 dieto
481 3858 609 3925 sibi
639 3857 1051 3943 ipsorumque
1080 3858 1430 3929 heredibus
1463 3862 1858 3930 heredumue
1889 3862 2371 3931 successoribus
2390 3862 2528 3928 iure

274 3976 593 4052 perpetuo
626 3964 1106 4052 possidendam,
1142 3990 1256 4055 per
1289 3972 1652 4056 quempiam
1674 3972 2046 4039 nullatenus
2067 3969 2524 4056 repetendam3

274 4074 367 4140 ita
397 4081 643 4159 tamen,
694 4074 866 4157 quod
899 4076 978 4143 de
1009 4073 1230 4144 eadem
1265 4086 1500 4161 quarta
1549 4079 1979 4146 Leustachius
2013 4079 2300 4164 prefatus
2332 4077 2528 4144 dona-

266 4180 424 4247 ticia
452 4188 754 4264 quartam
785 4190 1036 4267 partem
1085 4204 1199 4269 pro
1250 4186 1383 4251 alia
1424 4205 1642 4253 sorore
1695 4208 1817 4254 sua
1867 4187 2225 4256 reseruauit
2289 4184 2520 4253 Petka.

266 4287 538 4355 Cosmas
572 4289 655 4355 de
683 4288 863 4355 Zeud
891 4311 1167 4375 sponsus
1200 4293 1496 4377 Magistri
1536 4296 1782 4363 Kiliani
1803 4349 1823 4383 ,
1878 4303 1947 4363 ut
1979 4295 2180 4380 dixit,
2228 4314 2345 4380 pro
2376 4295 2521 4379 ipso

261 4396 579 4479 Magistro
612 4397 874 4466 Kiliano
907 4419 1121 4466 coram
1155 4401 1343 4468 nobis
1381 4405 1807 4492 constitutus,
1855 4405 1966 4490 qui
2013 4404 2328 4490 Magister
2361 4403 2525 4468 Kili-

260 4522 431 4570 anus
489 4504 557 4569 in
619 4526 750 4571 vna
811 4514 996 4591 parte
1058 4518 1536 4579 commetaneus
1605 4521 1773 4581 terre
1839 4517 2072 4599 Bagun
2153 4533 2301 4580 esse
2366 4511 2520 4576 dici-

261 4617 406 4694 tur,
453 4611 603 4677 huie
668 4613 1128 4682 condonacioni
1189 4638 1522 4687 assensum
1573 4625 1832 4707 prebuit
1881 4631 1943 4690 et
1992 4645 2396 4691 eonsensum.
2447 4624 2521 4689 In

265 4717 454 4784 euius
492 4717 587 4787 rei
623 4719 1061 4790 testimonium
1095 4723 1181 4789 ad
1214 4726 1597 4795 instanciam
1620 4731 1912 4815 parcium
1931 4732 2358 4818 predictarum
2382 4753 2522 4818 pre-
