3319 5249
1763 364 1849 428 ‘24

1759 900 1862 966 14.

602 1090 605 1095 ¹
680 1101 795 1167 IV.
846 1101 1077 1167 Ldszld
1108 1101 1457 1186 kirdlynak
1487 1100 1782 1164 Palkuna
1819 1108 1974 1163 ‘nevit’
1993 1098 2423 1185 foldbirtokot
2455 1102 2761 1185 tcirqyazd
2791 1098 2947 1161 ado-

745 1209 1409 1295 mdny-privileqiuma
1449 1206 1658 1273 Ochuz
1690 1218 1904 1273 mester
1934 1207 2165 1272 Buzad
2178 1208 2283 1290 fia
2314 1213 2629 1273 szcimcira.
2683 1208 2811 1270 127
2815 1207 2876 1268 3.

900 1420 1247 1488 Ladizlaus
1308 1423 1435 1488 Dei
1497 1421 1722 1506 gracia
1785 1421 2158 1506 Hungarie,
2220 1420 2596 1503 Dalmacie‚
2656 1418 2942 1501 Croacic‚

682 1530 928 1614 Rame,
977 1527 1237 1612 Seruie,
1293 1527 1608 1613 Gallicie‚
1656 1528 2076 1616 Lodomerie,
2147 1529 2458 1596 Cumanie
2504 1526 2945 1611 Bulgarieque

686 1636 984 1703 omnibus
1012 1634 1254 1702 Christi
1306 1635 1605 1704 fidelibus
1654 1644 1992 1723 presentes
2041 1636 2296 1706 litteras
2345 1632 2736 1721 inspecturis
2768 1632 2943 1698 salu-

684 1750 812 1808 tem
864 1744 929 1808 in
982 1742 1216 1809 salutis
1266 1743 1598 1827 largitore.
1653 1744 1928 1828 Regalis
1978 1742 2396 1811 sublimitatis
2448 1738 2945 1824 circumspeccio

688 1849 888 1937 officij
924 1850 1027 1916 sui
1058 1852 1356 1917 meritum
1389 1859 1544 1918 tunc
1574 1851 1992 1937 prosequitur
2024 1860 2090 1921 et
2119 1854 2422 1937 exylarat
2441 1902 2460 1937 ,
2509 1870 2653 1916 cum
2685 1866 2946 1915 suorum

686 1956 1122 2023 subiectorum
1157 1957 1356 2023 corda
1390 1960 1694 2041 gratuitis
1729 1960 2277 2028 remuneracionis
2305 1956 2614 2041 remedijs
2645 1953 2948 2023 consonet

689 2069 754 2127 et
787 2062 1062 2128 extollit.
1112 2063 1393 2131 Proinde
1424 2067 1871 2133 vniuersorum
1921 2067 2160 2133 noticie
2213 2065 2349 2133 fieri
2392 2064 2691 2131 volumus
2744 2062 2948 2127 mani·

692 2166 952 2250 festum,
1003 2167 1176 2250 quod
1209 2169 1517 2253 Magister
1549 2171 1768 2239 chuz
1807 2173 1981 2239 filius
2013 2173 2235 2238 Buzad
2266 2170 2476 2237 fidelis
2512 2178 2729 2236 noster
2761 2188 2954 2253 expo-

690 2273 825 2338 suit
856 2274 1043 2341 nobis
1076 2273 1407 2341 humiliter
1460 2277 1915 2364 supplicando,
1968 2279 2142 2364 quod
2174 2299 2318 2345 cum
2351 2277 2651 2344 dominus
2685 2276 2955 2361 Stepha-

690 2401 813 2446 nus
847 2380 1312 2448 Serenissimus
1347 2383 1804 2467 Hungarorum
1846 2388 2008 2472 Reiz,
2062 2393 2254 2471 pater
2303 2393 2518 2453 noster
2567 2383 2954 2451 karissimus

691 2485 1065 2554 felicissime
1107 2488 1579 2557 recordacionis
1630 2512 1746 2578 pro
1780 2491 2221 2560 laudabilibus
2274 2491 2559 2559 eiusdem
2594 2488 2954 2574 obsequijs„

691 2615 817 2680 que
867 2592 1041 2662 idem
1094 2596 1159 2662 in
1210 2595 1615 2664 diuersorum
1668 2606 2030 2687 temporum
2081 2597 2419 2667 curriculis
2480 2597 2956 2667 feruentissimc

694 2702 1030 2769 fidelitatis
1083 2702 1298 2771 studio
1350 2703 1627 2771 viriliter
1677 2704 2011 2791 inpendit3
2072 2707 2398 2792 quandam
2453 2713 2688 2776 terram
2739 2705 2955 2772 Castri

694 2811 1104 2879 Zaladiensis
1155 2810 1459 2880 Palkuna
1508 2822 1951 2899 nuncupatam
2002 2817 2120 2881 sub
2171 2814 2537 2882 testimonio
2581 2814 2953 2880 Conuentus

693 2920 1072 3004 Monasterij
1109 2920 1333 2986 Sancti
1365 2920 1663 3007 Adryani
1714 2921 1800 2989 de
1829 2923 1996 2988 Zala
2044 2943 2163 3009 per
2194 2923 2520 2990 hominem
2561 2943 2745 2988 suum
2779 2921 2954 2987 Povs

694 3027 957 3095 nomine
989 3029 1163 3095 nullo
1214 3029 1685 3096 contradictore
1736 3039 2090 3117 apparente
2139 3031 2346 3098 eidem
2385 3028 2712 3113 assignari
2762 3027 2953 3095 fecis·

696 3144 836 3219 set,
898 3134 1200 3202 donando
1250 3143 1314 3202 et
1362 3137 1756 3206 conferendo
1811 3138 1938 3206 sibi
1993 3139 2078 3206 de
2128 3138 2402 3225 speciali
2452 3157 2574 3203 sua
2621 3136 2846 3219 gracia
2880 3155 2958 3201 ac

698 3244 963 3326 fauore3
1001 3243 1140 3327 ipse
1173 3242 1489 3328 Magister
1507 3244 1728 3312 Ochuz
1760 3247 2178 3332 priuilegium
2209 3246 2486 3331 predicti
2518 3245 2723 3330 patris
2757 3242 2962 3308 nostri

700 3369 890 3434 super
922 3349 1293 3417 huiusmodi
1328 3349 1686 3418 collacione
1736 3373 1858 3419 sua
1891 3353 2183 3419 obtinere
2215 3353 2634 3436 nequiuisset,
2692 3369 2769 3415 eo
2803 3349 2962 3430 quia

702 3456 918 3522 medio
969 3464 1258 3543 tempore
1308 3457 1631 3544 predictus
1686 3458 2072 3526 karissimus
2122 3466 2306 3545 pater
2357 3466 2575 3526 noster
2605 3454 2746 3522 Ade
2779 3456 2962 3521 debi-

703 3571 861 3648 tum,
916 3564 1286 3651 prohdolor,
1319 3567 1739 3651 persoluens,
1814 3566 1898 3633 ad
1969 3566 2316 3633 Dominum
2382 3563 2962 3647 transmigrasset;

701 3676 929 3756 petens
983 3692 1025 3737 a
1075 3671 1264 3738 nobis
1314 3670 1659 3758 diligenter
1709 3679 1774 3738 et
1824 3678 2111 3758 attente,
2161 3672 2334 3758 qnod
2384 3691 2504 3739 nos
2538 3670 2965 3738 donacionem

703 3777 1041 3846 karissimi
1092 3781 1297 3864 patris
1349 3782 1550 3848 nostri
1599 3780 2011 3867 prehabitam
2030 3831 2049 3866 ,
2110 3780 2176 3846 in
2226 3780 2433 3867 ipsius
2473 3799 2818 3865 personam
2868 3778 2966 3843 fa-

703 3894 878 3954 ctam
910 3893 1122 3954 ratam
1162 3889 1481 3956 habentes
1499 3939 1518 3974 ,
1570 3887 1695 3954 sibi
1746 3909 1941 3974 super
1989 3887 2161 3955 hanc
2212 3887 2503 3955 conferre
2553 3886 2969 3973 priuilegium

708 3996 1144 4078 dignaremur.
1215 3996 1353 4063 Nos
1385 3996 1751 4081 siquidem,
1801 3995 1912 4079 qui
1963 4015 2043 4060 ex
2075 3995 2361 4081 suscepti
2393 3997 2597 4061 nostri
2634 3995 2971 4081 regiminis

711 4101 923 4168 officio
973 4102 1377 4187 singulorum
1429 4103 1662 4171 merita
1713 4101 1897 4170 oculo
1951 4102 2215 4188 pictatis
2265 4100 2476 4169 metiri
2516 4122 2643 4168 non
2676 4101 2971 4168 inmerito

716 4218 1029 4294 tenemur,
1077 4206 1429 4276 fidelitates
1482 4216 1546 4277 et
1581 4209 1868 4278 seruicia
1899 4208 2189 4278 ciusdem
2228 4209 2523 4293 Magistri
2558 4208 2799 4296 Ochuz,
2848 4229 2973 4293 que

708 4317 819 4384 uel
850 4335 1016 4398 quas
1046 4316 1285 4384 nostris
1321 4322 1386 4384 et
1413 4317 1689 4403 predicti
1718 4317 2051 4386 karissimi
2093 4317 2299 4402 patris
2333 4319 2538 4386 nostri
2570 4316 2970 4401 temporibus

710 4422 993 4491 fideliter
1024 4422 1332 4509 exercuit,
1368 4423 1780 4511 recensendo,
1815 4427 1882 4492 in
1918 4428 2588 4510 recompensacionem
2623 4422 2974 4492 eorundem

712 4531 1135 4601 seruiciorum
1154 4581 1173 4616 ,
1222 4531 1376 4600 licet
1424 4539 1488 4599 et
1538 4552 1653 4617 per
1683 4532 1967 4618 amplius
2019 4533 2229 4599 eidem
2270 4532 2339 4598 in
2373 4531 2727 4599 maioribus
2759 4531 2975 4617 proui-

714 4641 868 4708 dere
934 4637 1381 4726 intendamus,
1450 4646 1669 4707 tamen
1738 4638 1822 4705 ad
1871 4657 2141 4724 presens
2201 4646 2439 4706 terram
2489 4639 2778 4706 Palcuna
2829 4657 2979 4704 cum
