3319 5249
1391 454 1433 461 -.
1492 358 1617 428 291

425 556 630 641 ipsius
679 552 923 627 domini
952 557 1252 627 Ladizlai
1284 559 1479 644 Regis
1512 559 1581 626 in
1615 568 2034 648 conspectum
2065 579 2260 647 super
2292 559 2469 631 facto
2500 570 2669 632 terre

424 669 764 757 Tarnuky,
798 666 968 752 qnod
1007 668 1189 735 iuxta
1216 669 1487 735 formam
1518 669 1885 736 litterarum
1919 669 2184 736 Comitis
2215 669 2308 739 St.
2341 674 2664 756 quondam

424 776 825 846 Viceiudicis
874 776 1068 844 Curie
1110 776 1356 845 domini
1387 776 1586 863 Regis
1619 778 1691 843 in
1721 777 1972 845 octauis
2003 778 2372 865 Epiphanie
2403 782 2663 850 Domini

420 885 912 953 sentencialium
947 884 1011 974 (⁰?
1041 906 1101 952 v.
1129 882 1451 973 similiter)
1482 885 1549 951 iu
1582 885 1920 971 presencia
1972 886 2163 971 ipisis
2197 888 2438 956 domini
2469 890 2665 975 Regis

423 996 704 1063 debebat
751 993 1093 1079 exhibere;
1145 1014 1272 1078 quo
1321 992 1611 1062 exhibito
1665 996 1734 1061 in
1784 995 2126 1080 presencia
2174 994 2419 1064 domini
2449 998 2666 1082 Regis,
2774 1048 2786 1063 .

417 1104 726 1189 quicquid
773 1125 966 1192 super
1012 1106 1184 1172 facto
1234 1104 1442 1190 ipsius
1491 1112 1666 1172 terre
1697 1103 1838 1170 fieri
1871 1102 2127 1188 debeat,
2163 1126 2280 1190 per
2310 1108 2521 1192 ipsum
2552 1107 2662 1173 do-

417 1216 664 1281 minum
693 1215 937 1297 Regem
970 1214 1396 1299 decernatur3
1464 1219 1614 1299 post
1644 1212 1766 1278 hoc
1797 1220 2016 1298 partes
2046 1212 2524 1297 quintodecimo
2553 1215 2659 1283 die

417 1326 509 1391 ab
559 1322 720 1408 ipsis
775 1322 1114 1406 quindenis
1146 1321 1503 1390 residencie
1534 1322 1853 1389 exercitus
1885 1323 2314 1409 computando
2339 1344 2656 1412 compare·

418 1433 583 1499 bunt
631 1451 844 1498 coram
891 1430 1082 1496 nobis
1132 1430 1365 1497 iterato
1415 1431 1648 1498 seriem
1700 1429 1903 1516 ipsuis
1935 1431 2152 1498 totalis
2184 1431 2341 1500 facti
2372 1434 2557 1501 nobis
2587 1435 2654 1499 in

417 1539 655 1607 litteris
704 1537 994 1606 eiusdem
1046 1538 1289 1607 domini
1331 1539 1528 1625 Regis
1561 1537 1961 1605 exhibentes.
1991 1540 2292 1607 Preterea
2325 1540 2391 1607 in
2424 1543 2652 1609 eodem

417 1647 891 1731 quintodecimo
922 1646 1028 1714 die
1068 1644 1288 1714 eedem
1310 1667 1559 1714 sorores
1588 1655 1819 1714 contra
1838 1646 2196 1732 predictum
2218 1648 2656 1716 Alexandrum

416 1759 676 1826 soluent
722 1756 844 1823 illa
887 1755 1013 1822 duo
1061 1755 1325 1841 iudicia,
1376 1757 1442 1822 in
1493 1757 1728 1841 quibus
1777 1754 1960 1821 iuxta
1988 1757 2259 1822 formam
2294 1756 2654 1825 litterarum

413 1864 840 1952 iudicialium,
890 1885 1015 1932 non
1066 1863 1500 1951 comparendo
1548 1886 1666 1934 nec
1712 1865 2026 1933 mittendo
2077 1862 2504 1951 comperimus
2554 1885 2647 1931 re·

416 1974 775 2060 mansisse5
810 1978 874 2040 et
904 1972 986 2039 de
1016 1974 1249 2057 quibus
1279 1975 1340 2040 si
1367 1994 1439 2041 se
1469 1996 1596 2041 non
1629 1980 1929 2058 poterunt
1958 1973 2444 2041 racionabiliter
2463 1995 2652 2043 excu-

418 2102 588 2149 sare.
620 2081 867 2148 Datum
897 2082 1018 2148 sub
1051 2089 1265 2149 castro
1298 2083 1510 2149 Potok
1544 2081 1870 2149 dominica
1899 2083 2194 2168 proxima
2213 2092 2366 2150 ante
2387 2090 2653 2149 octauas

414 2190 619 2258 Beate
667 2188 942 2275 uirginis
990 2190 1380 2277 Margarete,
1434 2196 1665 2257 octauo
1718 2189 2029 2257 uidelicet
2079 2190 2187 2258 die
2218 2190 2474 2257 termini
2504 2210 2651 2275 par·

413 2299 612 2368 ciium
640 2298 1095 2387 predictarum.

630 2409 834 2474 Kivill
852 2433 872 2472 :
924 2408 1047 2475 Pro
1101 2407 1434 2475 sororibus
1465 2407 1546 2474 de
1576 2409 1801 2476 Insulu
1835 2416 2060 2476 contra
2089 2408 2534 2477 Alexandrum
2565 2406 2652 2474 ad

415 2515 779 2603 quindenas
833 2515 1190 2585 residencie
1240 2515 1562 2585 exercitus
1602 2519 1689 2584 ad
1718 2516 2121 2603 presenciam
2153 2517 2397 2585 domini
2428 2518 2647 2601 Regis.

412 2714 689 2787 (Eredetie
731 2713 1077 2782 Βδτὴίηγάυ,
1119 2732 1153 2768 a
1198 2714 1470 2784 zar-pecset
1512 2717 1788 2778 ebremou,
1832 2733 1866 2768 a
1889 2718 2056 2769 budai
2083 2719 2185 2768 kir.
2212 2718 2458 2770 kamarai
2484 2715 2649 2769 level·

1409 2804 1649 2870 tarban.)

1325 3109 1745 3121 —————.

1466 3584 1621 3654 209.

419 3787 916 3872 Τάνυέπψωεέεί
945 3786 1219 3871 okmdny
1252 3786 1514 3851 Sdndor
1556 3785 1918 3852 Simonnak
1934 3787 2043 3868 fia
2073 3787 2136 3851 6³
2165 3786 2427 3871 Mihdly
2456 3809 2653 3854 comes

1118 3894 1415 3960 Ubulnak
1433 3895 1539 3977 fia
1568 3895 1729 3960 kozt.
1764 3894 1960 3958 1280.

626 4110 839 4176 Datur
890 4129 1006 4195 pro
1055 4111 1380 4193 memoria,
1417 4111 1589 4193 quod
1622 4130 1765 4175 cum
1799 4108 2145 4176 seeundum
2179 4110 2653 4178 continenciam

408 4219 772 4286 litterarum
818 4225 1186 4284 nostrarum
1233 4218 1679 4284 memorialum
1728 4216 2102 4284 Alexander
2143 4219 2316 4285 filius
2349 4217 2654 4303 Symonis

407 4336 601 4397 sexta
647 4327 816 4393 feria
865 4326 1161 4412 proxima
1209 4336 1362 4395 ante
1411 4328 1837 4394 Pentecosten
1871 4325 2213 4394 Nicolaum
2247 4327 2445 4393 filium
2477 4324 2656 4392 Petri

412 4457 631 4504 coram
686 4436 878 4502 nobis
928 4442 1213 4502 statuere
1280 4436 1643 4518 debuisset3
1714 4434 1803 4500 ad
1851 4434 2311 4501 affirmandum
2366 4433 2432 4499 id
2484 4432 2656 4516 quod

419 4547 650 4613 Comes
700 4543 945 4630 Symon
978 4550 1042 4609 et
1071 4542 1192 4628 filij
1227 4542 1346 4626 sui,
1382 4541 1669 4609 Jacobus
1701 4543 1873 4609 filius
1904 4543 2238 4630 Mongoch‚
2275 4550 2340 4609 et
2370 4543 2653 4608 Alexan-

407 4653 524 4720 der
553 4659 945 4720 memoratus
977 4671 1119 4718 cum
1140 4650 1386 4718 Comite
1407 4650 1701 4736 Mycaele
1721 4649 1855 4716 filio
1875 4649 2068 4718 Wbul
2086 4660 2150 4717 et
2169 4650 2255 4716 fili
2252 4653 2321 4732 js
2354 4647 2645 4715 eiusdem

2214 4763 2330 4828 19*
