3319 5249
1787 269 1870 330 32

1778 784 1887 854 17.

695 981 808 1045 IV.
880 981 1111 1047 La'szlo
1170 983 1521 1068 kirciZynak
1600 984 2146 1072 bizonysa'ylevele,
2206 989 2369 1072 koyy
2432 990 2670 1053 Miklo's
2737 991 2963 1055 azeldtt

694 1091 1042 1173 qarzenczei
1072 1086 1354 1175 foe’spdn
1404 1088 1630 1155 Peklen
1680 1093 1958 1157 bio-tolocit
1995 1091 2278 1157 Benedek
2318 1094 2577 1162 Mdv-ton
2609 1096 2848 1178 fia'nak
2885 1099 2963 1162 el—

1605 1199 1783 1264 adta.
1857 1203 2050 1267 1273.

911 1392 1046 1459 Nos
1080 1389 1428 1460 Ladizlaus
1460 1393 1582 1461 Dei
1634 1396 1858 1478 gracia
1890 1396 2028 1462 Rex
2062 1397 2401 1480 Hungarie
2439 1399 2748 1467 memorie
2787 1420 2958 1468 com·

694 1501 1075 1567 mendamus
1127 1500 1575 1585 significantes
1627 1508 1852 1570 tenore
1899 1502 2308 1588 presencium
2359 1505 2716 1591 vniuersis,
2781 1510 2957 1592 quod

694 1607 969 1675 Nicolao
1000 1609 1134 1677 filio
1160 1610 1371 1696 Tyba,
1402 1610 1680 1678 condam
1704 1609 1951 1678 Oomite
1977 1611 2057 1678 de
2077 1612 2450 1705 Guersence
2482 1615 2567 1680 ab
2589 1634 2717 1681 vna
2749 1623 2956 1700 parte,

695 1715 1045 1784 Benedicto
1102 1718 1237 1784 filio
1285 1718 1549 1784 Martini
1622 1739 1702 1785 ex
1751 1718 1961 1784 altera
2011 1738 2228 1786 coram
2279 1719 2465 1787 nobis
2527 1722 2959 1807 personaliter

693 1825 1097 1908 constitutis3
1165 1825 1337 1893 idem
1391 1826 1620 1893 Comes
1671 1825 1984 1893 Nicolaus
2036 1834 2272 1893 terram
2330 1829 2579 1895 Peklen
2632 1839 2954 1916 vocatam,

692 1933 1072 1999 existentem
1124 1934 1195 1999 in
1233 1933 1555 2001 Comitatu
1607 1932 1689 2000 dc
1721 1934 2096 2002 Guerzence
2114 1986 2134 2020 ,
2185 1956 2312 2019 que
2361 1936 2687 2019 quondam
2741 1938 2958 2005 fuerat

692 2047 869 2106 terra
898 2040 1155 2108 Nicolai
1206 2038 1362 2108 dicti
1412 2041 1684 2126 Toldol,
1731 2062 1926 2125 quam
1978 2042 2151 2109 idem
2184 2044 2416 2111 Comes
2449 2043 2762 2114 Nicolaus
2810 2046 2970 2133 ipso-

691 2148 891 2237 (sine)
925 2149 1234 2216 heredum
1274 2148 1521 2215 solacio
1579 2148 1932 2217 decedente
1970 2170 2050 2216 ex
2085 2152 2445 2220 collacione
2476 2153 2686 2237 Regia
2716 2153 2958 2221 habue-

691 2264 797 2323 rat
850 2265 913 2322 et
945 2257 1367 2346 possederat,
1416 2254 1752 2324 confessus
1810 2265 1910 2324 est
1958 2279 2030 2325 se
2062 2259 2474 2346 vendidisse,
2525 2259 2715 2327 nobis
2748 2261 2954 2328 eciam

688 2365 1215 2449 permittentibus
1278 2373 1342 2432 et
1402 2365 1989 2451 consencientibus,
2058 2363 2350 2453 predicto
2411 2367 2768 2435 Benedicto
2833 2388 2956 2453 pro

693 2473 1113 2556 septuaginta
1145 2474 1421 2558 marcis,
1471 2479 1734 2556 recepta
1765 2472 1912 2558 ipsa
1943 2474 2222 2559 pecunia
2254 2476 2552 2560 plenarie
2583 2477 2667 2542 ab
2702 2477 2953 2559 eodem,

699 2579 867 2646 sicut
899 2578 1104 2646 eciam
1134 2580 1202 2646 in
1223 2579 1597 2664 patentibus
1627 2580 1865 2649 litteris
1888 2581 2171 2667 Capituli
2198 2581 2616 2651 Ohasmensis
2649 2584 2770 2651 sub
2801 2604 2955 2670 pen-

691 2686 868 2753 denti
902 2686 1121 2770 sigillo
1154 2687 1474 2754 emanatis
1505 2688 1696 2754 nobis
1729 2688 1944 2774 patuit
1977 2689 2291 2757 eudenter
2325 2714 2339 2755 ε
2387 2690 2508 2756 tali
2543 2691 2952 2776 obligacione

689 2797 1067 2879 interiecta,
1116 2797 1290 2880 quod
1343 2797 1902 2881 quandocunque,
1950 2797 2059 2863 uel
2109 2817 2228 2881 per
2278 2797 2727 2882 quemcunque
2775 2800 2952 2866 idem

690 2901 1080 2971 Benedictus
1113 2905 1452 2972 occasione
1491 2906 1807 2990 premisse
1837 2911 2011 2972 terre
2040 2914 2406 2991 vexaretur,
2436 2914 2691 2974 tenetur
2723 2909 2956 2975 Comes

689 3010 1001 3078 Nicolaus
1035 3031 1178 3078 eum
1214 3012 1524 3098 expedire
1556 3011 1838 3099 propi-ijs
1869 3013 2206 3081 laboribus
2238 3022 2304 3080 et
2332 3015 2661 3101 expensis.
2713 3016 2955 3081 Datum

688 3118 868 3184 Bude
918 3120 984 3184 in
1036 3119 1379 3203 quindenis
1444 3122 1861 3187 Pentecostes
1918 3140 2093 3187 anno
2141 3120 2403 3188 Domini
2455 3122 2544 3187 Μ0
2578 3121 2705 3188 00⁰
2737 3123 2953 3187 LXX⁰

686 3226 904 3293 tercio.

689 3403 966 3468 (Eredetie
1003 3402 1335 3470 borhartyan
1361 3445 1374 3469 ,
1412 3422 1446 3457 a
1481 3404 1635 3458 hatul
1674 3408 1779 3459 oda
1816 3415 2064 3473 nyomott
2107 3408 2294 3475 penset
2330 3409 2591 3460 elveszett
2613 3447 2624 3469 ‚
2663 3423 2698 3458 a
2743 3407 2958 3458 fdmelt-

1261 3496 1351 3561 hg.
1392 3495 1689 3562 Batthyani
1730 3495 1912 3549 esahffl
1952 3495 2382 3564 leveltitraban.)
