3319 5249
1753 303 1878 367 134

670 501 737 569 in
770 504 949 586 Bury
998 496 1301 567 dixerunt
1348 520 1420 567 se
1469 500 1727 587 habere,
1776 506 1842 567 et
1892 519 2038 567 esse
2086 484 2355 568 mixtam
2405 521 2549 568 cum
2594 508 2766 568 terra
2798 504 2931 568 Ma-

673 611 859 697 gistri
896 608 1214 696 Stephani
1246 629 1362 695 per
1395 629 1510 677 uos
1544 610 1807 694 collata,
1862 608 2168 677 dederint
2200 617 2265 677 et
2289 608 2676 679 tradiderint
2724 610 2933 677 eidem

673 720 986 804 Magistro
1035 715 1369 802 Stephano
1420 717 1609 783 titulo
1662 694 2168 802 permutacionis
2219 715 2314 784 ita
2364 715 2709 802 uidelicet,
2762 716 2938 800 quod

676 829 991 913 Magister
1039 826 1404 912 Stephanus
1463 824 1715 892 dederit
1766 832 1830 892 et
1877 826 2320 910 assignauerit
2375 826 2470 893 eis
2522 826 2588 891 in
2639 846 2939 893 concam-

676 938 854 1004 bium
902 942 1069 1004 terre
1122 955 1342 1003 eorum
1394 934 1713 1019 quasdam
1768 941 1980 1004 terras
2011 934 2275 1002 Mohala
2325 941 2392 1003 et
2424 934 2788 1003 Wolkouch
2831 957 2943 1004 no·

679 1053 881 1131 cataS,
928 1064 1053 1130 que
1086 1044 1387 1111 dicuntur
1438 1063 1585 1112 esse
1616 1044 1999 1130 populorum
2035 1042 2249 1111 Castri
2283 1043 2484 1110 uestri
2535 1043 2827 1129 predicti,
2878 1050 2943 1111 et

678 1153 744 1217 in
777 1152 1062 1238 quadam
1095 1159 1273 1219 terra
1303 1154 1537 1237 Tayna
1566 1159 1804 1220 vocata
1855 1153 2302 1237 assignauerit
2335 1152 2544 1219 eciam
2577 1153 2672 1220 eis
2709 1160 2944 1220 terram

677 1261 853 1328 Elka
901 1267 968 1328 et
1020 1260 1319 1347 Thywan
1370 1261 1756 1347 populorum
1806 1262 2021 1329 Castri
2072 1262 2389 1347 predicti;
2439 1267 2503 1328 et
2554 1262 2711 1346 quia
2760 1268 2939 1327 terra

671 1369 1099 1453 j0bagionum
1133 1369 1350 1436 Castri
1400 1366 1798 1456 prefatorum
1839 1370 2067 1436 melior
2101 1376 2168 1437 et
2200 1369 2420 1437 ulilior
2453 1377 2594 1437 erat
2625 1367 2813 1435 terris
2847 1369 2944 1435 eis

611 1501 626 1513 ·
682 1480 751 1544 in
784 1476 1225 1547 concambium
1262 1479 1666 1565 assignatis,
1715 1479 2030 1563 Magister
2064 1479 2431 1564 Stephanus
2472 1480 2540 1546 in
2570 1496 2940 1565 recompen-

682 1585 1005 1655 sacionem
1040 1584 1450 1661 melioritatis
1506 1593 1676 1653 terre
1726 1607 1945 1655 eorum
1996 1586 2301 1655 soluisset
2332 1588 2426 1655 eis
2461 1586 2943 1671 quinquaginta

683 1715 958 1781 marcas,
1005 1716 1170 1780 quas
1218 1695 1417 1781 ijdem
1459 1696 1850 1780 jobagiones
1898 1696 2110 1763 Castri
2159 1694 2564 1763 affirmarunt
2597 1697 2680 1762 ab
2715 1695 2939 1762 eodem

684 1805 998 1887 Magistro
1046 1805 1380 1891 Stephano
1431 1825 1503 1871 se
1549 1804 1843 1890 plenarie
1890 1804 2240 1890 recepisse.
2311 1806 2478 1870 Item
2526 1804 2757 1870 Comes
2786 1803 2942 1868 Ala-

686 1911 910 1978 darius
962 1933 1078 1998 pro
1131 1933 1201 1981 se
1259 1920 1324 1979 et
1374 1912 1708 2000 Stephano
1766 1912 1899 1979 filio
1948 1933 2104 1999 suo,
2170 1914 2351 1979 Luca
2399 1919 2464 1979 et
2514 1910 2772 1979 Zochou
2821 1910 2939 1995 filij

685 2018 951 2088 Joanka
999 2020 1083 2086 de
1112 2020 1428 2107 Thayna,
1479 2021 1748 2104 Egidius
1801 2022 1975 2088 filius
2025 2022 2196 2088 Bala
2243 2041 2360 2105 pro
2391 2040 2462 2087 sc
2512 2026 2577 2085 et
2625 2039 2742 2103 pro
2776 2018 2943 2085 Chu-

688 2127 1009 2212 murthan‚
1062 2129 1309 2196 Paulus
1342 2130 1514 2198 filius
1547 2131 1746 2198 Waro
1779 2130 1859 2197 de
1888 2130 2219 2199 Kelechen
2269 2152 2388 2216 pro
2423 2130 2710 2217 Mykone
2740 2128 2943 2194 fratre

687 2230 804 2302 suo
823 2288 842 2322 ‚
890 2235 1240 2324 Thyvodor
1290 2238 1459 2306 filius
1491 2239 1765 2307 Jambur
1816 2259 1931 2325 pro
1966 2259 2037 2306 se
2086 2246 2149 2306 et
2182 2260 2297 2324 pro
2331 2240 2545 2305 Bense
2577 2236 2709 2305 filio
2742 2237 2941 2323 Bene,

688 2347 923 2413 Petrus
945 2345 1117 2414 filius
1149 2347 1344 2434 Mysk
1365 2348 1447 2414 de
1466 2345 1800 2414 Podlusan
1821 2367 1938 2433 pro
1958 2368 2050 2429 se,
2085 2367 2205 2433 pro
2226 2348 2419 2414 Petro
2459 2354 2522 2413 et
2553 2346 2756 2413 Paulo
2787 2342 2945 2430 filijs

688 2452 899 2541 Sysk,
934 2453 1123 2521 Stefk
1156 2454 1330 2522 filius
1361 2453 1667 2540 Bozycha
1688 2475 1801 2540 pro
1834 2475 1904 2522 se
1924 2505 1941 2538 ,
1990 2475 2109 2541 pro
2142 2454 2312 2522 Sebe
2352 2461 2415 2521 et
2445 2452 2755 2520 Marcello
2785 2451 2945 2535 filijs

691 2562 924 2648 Enese,
973 2560 1286 2630 Nicolaus
1324 2561 1498 2630 filius
1530 2561 1750 2630 Endre
1788 2562 1868 2629 de
1899 2564 2070 2649 Zeg,'
2104 2562 2442 2631 Barnabas
2471 2560 2644 2628 filius
2676 2559 2946 2644 Thome,

690 2669 1010 2760 Rombud,
1062 2670 1347 2738 Morwch
1379 2671 1548 2738 filius
1582 2673 1916 2739 Mortunus
1965 2672 2046 2738 de
2077 2672 2334 2739 Korsan
2384 2693 2501 2758 pro
2534 2690 2606 2737 se
2657 2676 2720 2735 et
2757 2675 2947 2754 patre

691 2798 807 2847 suo
840 2780 1193 2868 Mauricio,
1241 2780 1441 2847 fratre
1491 2801 1607 2849 suo
1657 2781 1951 2848 Albeuch
1970 2833 1990 2867 ,
2039 2800 2158 2867 pro
2209 2780 2411 2848 fratre
2460 2779 2670 2865 patris
2715 2776 2834 2862 sui,
2880 2782 2949 2843 et

689 2888 929 2974 Mykus
961 2889 1044 2956 de
1078 2887 1445 2956 Wolkouch
1476 2888 1651 2954 filius
1682 2889 1915 2955 Pakan
1946 2909 2062 2976 pro
2094 2909 2184 2977 se,
2219 2909 2333 2974 pro
2365 2892 2539 2958 Baas
2571 2889 2772 2957 fratre
2804 2909 2943 2976 suo,

691 3000 929 3064 Kesart
958 2996 1133 3065 filius
1165 2999 1337 3063 Zata
1368 2995 1448 3065 de
1478 3000 1580 3064 En
1610 3018 1731 3084 pro
1762 3017 1855 3084 se,
1889 3019 2001 3084 pro
2033 3003 2219 3085 patre
2251 3017 2368 3065 suo
2401 3006 2462 3066 et
2493 3001 2712 3084 Legen
2742 2995 2949 3064 fratre

694 3125 833 3191 suo,
870 3107 1279 3191 j0bagiones
1316 3104 1608 3173 eiusdem
1643 3104 1858 3172 Castri
1904 3105 2107 3172 uestri
2136 3106 2501 3175 Borsiensis
2535 3107 2623 3173 ad
2652 3112 2947 3172 nostram

694 3213 1076 3281 accedentes
1126 3213 1572 3300 presenciam,
1643 3213 2008 3281 huiusmodi
2058 3214 2579 3299 permutaciones
2628 3223 2947 3283 terrarum

693 3322 1132 3406 predictarum
1180 3323 1344 3389 inter
1375 3322 1763 3406 Magistrum
1796 3320 2195 3407 Stephanum
2228 3330 2292 3390 et
2310 3324 2703 3407 jobagioncs
2736 3321 2947 3391 Castri

696 3433 897 3500 uestri
945 3434 1247 3518 superius
1308 3433 1697 3517 nominatoS,
1761 3430 2045 3498 confessi
2108 3439 2259 3498 sunt
2307 3433 2399 3499 eis
2429 3431 2835 3519 presentibus
2886 3440 2951 3498 et

698 3540 1256 3610 consencientibus
1291 3560 1434 3609 esse
1466 3540 1697 3609 factas.
1749 3542 1993 3609 Datum
2024 3541 2225 3607 tercio
2260 3541 2408 3609 idus
2441 3541 2758 3610 Octobris.

695 3719 811 3792 (lv.
839 3718 1033 3775 Laszlo
1059 3719 1358 3789 kiralynak
1385 3723 1610 3776 1275-ki
1656 3719 1983 3787 megerdsitfl
2026 3720 2522 3790 privilegiumabol,
2567 3726 2702 3776 mint
2727 3722 2949 3776 fentebb

1682 3814 1769 3864 74.
1794 3827 1868 3864 σε.
1894 3811 1969 3876 a.)
