3319 5249
1345 369 1425 433 81

267 585 425 631 uano
480 563 727 630 Comite-
780 564 861 628 de
911 565 1219 648 Zounuk‚
1265 563 1600 648 Joachyno
1657 564 1969 647 Magistro
2001 562 2515 629 Tauarnicorum

265 682 616 739 nostrorum
668 673 914 739 Comite
965 672 1046 738 de
1094 671 1296 755 Pylis,
1342 670 1623 737 Nicolao
1667 671 1895 737 Judice
1929 670 2120 738 Curie
2152 677 2369 737 nostre
2402 671 2516 736 Co-

267 782 409 846 mite
445 781 526 846 de
561 779 830 847 Gechke
851 833 869 866 ,
918 776 1253 865 Reynoldo
1286 778 1600 861 Magistro
1633 778 2088 863 Dapiferorum
2127 785 2514 864 nostrorum,

267 888 595 955 Herbordo
646 888 959 970 Magistro
1009 888 1383 970 Agasonum
1436 894 1801 952 nostrorum
1861 884 2113 951 Comite
2172 885 2255 951 de
2307 887 2514 971 Bana,

268 995 434 1078 Moys
468 995 785 1076 Magistro
819 995 1332 1062 Tauarnicorum
1384 995 1647 1060 domine
1682 994 1934 1078 Regine
1986 993 2330 1059 karissime
2372 1015 2514 1060 con-

266 1102 453 1169 sortis
499 1111 721 1170 nostre
768 1104 1015 1170 Comite
1063 1102 1500 1188 symigiensi,
1552 1100 1803 1167 Dedalo
1840 1102 2086 1168 Comite
2117 1101 2516 1188 Zaladiensi,

267 1210 554 1276 Johanne
619 1211 865 1279 Comite
929 1211 1378 1297 Supruniensi,
1444 1211 1690 1277 Jacobo
1753 1209 2002 1276 Comite
2065 1210 2400 1295 Nitriensi,
2454 1218 2520 1276 et

270 1317 411 1401 alijs
460 1337 657 1400 quam
692 1319 984 1404 pluribus
1017 1320 1375 1387 Comitatus
1408 1320 1614 1403 Regni
1653 1318 1860 1384 nostri
1915 1319 2278 1384 tenentibus
2314 1327 2379 1384 et
2409 1318 2515 1382 ho·

268 1446 469 1491 nores.

269 1551 531 1614 (Eredetie
585 1550 908 1618 b6rhartyan
934 1592 946 1614 ,
988 1569 1022 1604 a
1066 1554 1233 1619 ffiggs·
1285 1552 1472 1620 pecset
1518 1553 1798 1614 elveszett,
1838 1569 1871 1603 a
1917 1553 2083 1603 budai
2128 1553 2229 1603 kir.
2275 1553 2519 1602 kamarai

1208 1642 1583 1708 leveltarban.)

1335 2106 1444 2172 45.

275 2303 378 2365 IV.
447 2288 680 2367 La'szld
745 2306 963 2389 kircily
1027 2305 1165 2369 tsbb
1212 2309 1473 2391 sop‘roni
1522 2306 1978 2391 vcirjobbdyyot
2027 2305 2314 2371 Forkosd
2360 2314 2517 2368 nevit

569 2411 977 2475 birtokukkal
1008 2422 1220 2497 eyyit‘tt
1253 2416 1485 2478 nemesi
1525 2414 1772 2477 cilla'sra
1803 2414 1990 2477 emeli.
2041 2416 2235 2478 1274.

480 2606 829 2675 Ladizlaus
895 2609 1014 2675 Dei
1083 2610 1308 2694 gracia
1369 2607 1705 2692 Hungarie
1731 2660 1748 2691 ,
1798 2610 2138 2676 Dalmacie
2158 2663 2173 2695 ,
2227 2610 2516 2694 Oroacie,

273 2716 483 2802 Rame,
533 2717 803 2800 Seruio,
850 2717 1167 2804 Gallicie,
1216 2715 1631 2802 Lodomerie,
1683 2718 2033 2803 Cumanie,
2083 2719 2519 2802 Bulgarieque

274 2824 404 2888 Rex
455 2826 755 2890 omnibus
788 2823 1027 2890 Christi
1076 2826 1379 2891 fidelibus
1433 2845 1699 2911 presens
1753 2826 2067 2909 scriptum
2119 2827 2518 2893 intuentibus

271 2930 542 2995 salutem
578 2932 646 2994 in
679 2931 962 2997 omnium
997 2933 1344 2998 saluatore.
1391 2932 1529 2998 Juri
1563 2931 1911 3016 conforme,
1960 2939 2024 2997 et
2057 2939 2154 2997 est
2185 2939 2514 2999 consenta-

270 3058 452 3104 neum
487 3040 758 3119 racioni,
795 3047 865 3104 ut
896 3040 1106 3122 Reges
1141 3061 1401 3105 suorum
1436 3041 1800 3123 ponderent
1823 3040 2054 3107 merita
2085 3038 2515 3123 subditorum3

271 3154 330 3210 et
355 3148 503 3213 licet
534 3147 954 3230 generalibus
987 3147 1326 3230 generales
1350 3148 1632 3215 existant
1652 3148 1717 3212 in
1742 3147 1984 3233 fauore,
2007 3148 2264 3214 illorum
2297 3154 2513 3214 tamen

271 3257 534 3340 meritis,
586 3275 859 3339 quorum
916 3256 1190 3323 virtutes
1229 3260 1295 3324 in
1327 3258 1657 3343 prosperis
1709 3264 1773 3322 et
1825 3256 2119 3323 aduersis
2153 3254 2514 3338 radiarunt,

270 3361 504 3428 debent
534 3363 932 3445 respondere
966 3364 1434 3447 multiplicibus
1469 3363 1818 3432 donatiuis.
1839 3363 2123 3429 Proinde
2155 3363 2239 3427 ad
2265 3363 2513 3428 vniuer-

269 3486 481 3533 sorum
516 3468 827 3535 noticiam
861 3469 1088 3536 harum
1124 3471 1291 3537 serie
1327 3470 1627 3537 volumus
1662 3467 2193 3555 peruenire,quod
2227 3471 2382 3552 quia
2399 3471 2516 3534 To-

271 3574 390 3660 boy
423 3584 489 3642 et
520 3575 740 3643 Endre
770 3577 889 3662 filij
915 3578 1245 3664 Farkasij,
1269 3578 1657 3644 Benedictus
1689 3577 2097 3662 etSeraphin
2129 3577 2244 3660 filij
2269 3577 2519 3661 Jacobi,

271 3680 642 3750 Herbordus
689 3685 859 3751 filius
892 3685 1299 3770 Sebastiaui,
1355 3686 1644 3752 Guebart
1679 3686 1849 3751 filius
1883 3686 2160 3769 Guebse,
2208 3685 2520 3750 Nicolaus

268 3790 435 3857 filius
465 3792 745 3874 Nicolai,
779 3799 845 3858 et
881 3793 1067 3878 Papa
1104 3795 1280 3859 filius
1315 3793 1592 3877 Georgij,
1625 3793 2007 3875 iobagiones
2040 3792 2252 3858 Castri
2285 3794 2522 3875 Supru-

268 3898 509 3965 niensis
541 3900 769 3967 fideles
800 3901 1000 3965 nostri
1035 3903 1101 3966 in
1143 3902 1422 3968 diuersis
1457 3901 1773 3980 articulis,
1825 3901 2114 3983 negocijs
2165 3907 2229 3966 et
2264 3900 2521 3984 expedi-

265 4005 560 4070 cionibus
594 4006 832 4072 nostris
863 4012 930 4072 et
962 4007 1246 4073 tuicione
1297 4006 1554 4089 confinij
1591 4005 1794 4073 nostri
1827 4005 2284 4090 Suprunicnsis
2317 4007 2524 4073 fideli-

263 4112 421 4179 tatis
451 4112 703 4196 ingenti
735 4111 963 4180 ardore
997 4115 1205 4201 nobis,
1237 4117 1460 4197 Regno
1493 4121 1557 4179 et
1588 4115 1841 4180 Corone
1872 4119 2091 4179 nostre
2122 4114 2344 4180 debito
2377 4115 2521 4180 viri-

266 4220 414 4287 liter
449 4230 516 4286 et
548 4221 974 4287 laudabiliter
1009 4220 1403 4304 dimicando,
1440 4241 1557 4288 suo
1592 4220 1913 4302 sanguine
1951 4220 2332 4307 frequenter,
2373 4243 2524 4305 ymo

259 4328 616 4395 inmediate
645 4329 993 4413 plurimum
1026 4329 1434 4413 insudarunt3
1474 4335 1539 4395 et
1581 4328 1862 4396 maxime
1895 4347 2040 4394 cum
2074 4330 2155 4396 dc
2189 4328 2519 4395 machina-

261 4437 447 4503 cione
499 4436 744 4503 inimici
797 4439 1003 4504 nostri
1054 4440 1356 4524 capitalis
1408 4440 1607 4520 Regis
1664 4438 2041 4502 Boemorum
2093 4444 2521 4503 castrumno-

264 4554 470 4611 strnm
507 4545 858 4613 Jauriense
890 4545 1121 4613 suisset
1154 4553 1557 4631 occupatum,
1604 4564 1733 4611 non
1766 4545 1976 4611 minus
2008 4544 2243 4612 feruidi
2277 4546 2525 4610 inuenti

264 4653 514 4718 suntin
548 4655 1037 4737 expugnacione
1089 4653 1244 4719 dicti
1282 4652 1478 4719 castri
1521 4690 1590 4705 —v
1636 4689 1713 4699 -
1752 4652 1926 4735 quod
1959 4673 2088 4717 non
2118 4653 2325 4718 solum
2364 4653 2522 4736 lapi-

354 4787 566 4823 uoxmt.
598 4787 760 4823 nuno.
794 4789 934 4824 ms'r.
964 4789 1107 4830 mvn.
1143 4801 1217 4812 —
1262 4782 1330 4828 17.
2162 4762 2202 4825 6
