3319 5249
1785 318 1916 387 272

1766 835 1924 903 1911.

714 1001 832 1069 IV.
890 1000 1120 1066 Ldozld
1168 999 1516 1086 kirdlynak
1577 1000 1814 1087 Iqriczi
1872 1000 2178 1086 helyse'qet
2239 1000 2552 1085 tdrqyazd
2611 994 2978 1079 adomdnya

1143 1108 1325 1172 Peter
1355 1108 1559 1193 vajola
1590 1112 1650 1172 e'a
1684 1110 1964 1173 testve‘rei
1992 1111 2314 1173 szdmdra.
2351 1108 2544 1173 1280.

927 1267 1278 1335 Ladizlaus
1363 1268 1490 1334 Dei
1539 1263 1772 1353 gracia'
1795 1266 2148 1353 Hungarie,
2211 1265 2580 1351 Dalmacie,
2620 1261 2977 1348 Orowacie,

716 1377 919 1441 Rame
942 1425 961 1459 ,
1009 1375 1274 1460 Seruie‚
1322 1374 1602 1442 Gallicie
1622 1427 1641 1462 ,
1691 1375 2108 1463 Lodomerie,
2141 1374 2485 1460 Comanie,
2534 1371 2978 1456 Bulgarieque

715 1483 855 1548 Rex
907 1522 983 1530 —
1041 1523 1118 1532 —
1169 1468 1257 1530 -’
1310 1521 1388 1532 -
1439 1483 1507 1549 in
1539 1481 1822 1551 omnium
1857 1484 2204 1551 saluatore.
2245 1482 2349 1549 Ad
2391 1481 2833 1550 vniuersorum
2867 1496 2980 1542 no·

712 1589 935 1657 ticiam
984 1595 1211 1657 tenore
1270 1592 1675 1675 presencium
1727 1592 2023 1659 volumus
2074 1590 2418 1676 peruenire
2436 1642 2457 1675 ,
2530 1588 2702 1672 quod
2752 1588 2980 1653 Petrus

713 1695 1051 1764 Voiauoda
1107 1696 1278 1765 filius
1329 1698 1662 1765 Dominici
1721 1737 1793 1746 -
1856 1739 1933 1749 —
1994 1738 2071 1748 --
2127 1737 2214 1746 ——-
2272 1706 2561 1766 nostram
2599 1694 2980 1765 accedentes

713 1803 1117 1891 presenciam
1151 1804 1485 1872 humiliter
1517 1805 1965 1893 postularunt,
2018 1812 2088 1872 ut
2138 1804 2468 1889 quandam
2501 1802 2975 1890 possessionem

714 1910 1070 1978 Alexandri
1132 1909 1213 1979 de
1276 1912 1413 1980 Ech
1469 1912 1846 1981 decedentis
1911 1915 2053 1980 sine
2112 1912 2354 1980 herede
2415 1911 2618 1997 Igrici
2678 1916 2976 1979 vocatam

721 2058 795 2068 -
838 2057 926 2068 —
959 2055 1046 2066 —
1078 2057 1165 2067 —
1198 2026 1264 2086 et
1294 2026 1517 2088 nostra
1553 2021 1725 2089 idem
1777 2020 2154 2088 Alexander
2206 2017 2621 2105 possederat,
2668 2020 2768 2086 eis
2818 2015 2977 2083 dare

716 2134 781 2194 et
811 2127 1107 2195 conferre
1139 2126 1574 2212 dignaremur.
1622 2127 1754 2195 Sed
1806 2128 1960 2213 quia
2008 2130 2197 2197 nobis
2252 2129 2498 2195 ueritas
2552 2148 2685 2194 non
2725 2131 2976 2193 consta·

715 2238 861 2321 bat,
938 2243 1150 2302 vtrum
1203 2236 1378 2304 dicta
1428 2244 1603 2306 terra
1655 2240 1901 2322 absque
1954 2257 2165 2304 con—
2203 2274 2278 2284 -—
2320 2273 2402 2284 —
2437 2275 2524 2285 —
2564 2233 2874 2318 Gregorio
2911 2239 2978 2299 et

718 2344 1028 2410 fratribus
1077 2364 1296 2412 eorum
1347 2344 1630 2412 conferri
1695 2352 1760 2412 et
1819 2346 2018 2411 statui
2057 2344 2309 2430 possit,
2388 2342 2690 2410 fidelibus
2738 2337 2977 2407 nostris

717 2452 1019 2538 Capitulo
1048 2450 1356 2535 Agriensi
1389 2450 1776 2519 dederamus
1826 2450 1893 2539 in
1943 2448 2267 2518 mandatis
2306 2487 2382 2497 -
2428 2488 2505 2498 —
2547 2487 2624 2497 —-
2665 2486 2742 2496 —
2781 2449 2973 2515 homo

717 2564 937 2626 noster
983 2558 1174 2624 Petro
1208 2558 1576 2626 Woianoda
1623 2578 1703 2624 ac
1736 2556 2051 2644 Gregorio
2104 2565 2171 2626 et
2207 2557 2517 2628 fratribus
2556 2557 2839 2642 ipsorum
2874 2574 2971 2621 co·

714 2687 851 2733 ram
887 2685 1107 2733 eorum
1140 2665 1509 2733 testimonio
1560 2672 1877 2733 statueret
1925 2673 1991 2733 et
2039 2668 2445 2752 assignaret,
2505 2668 2562 2732 si
2613 2686 2742 2732 non
2792 2663 2975 2730 fieret

716 2773 1186 2841 contradictum
1223 2811 1296 2820 --
1341 2811 1416 2820 -
1458 2810 1535 2821 -
1574 2810 1665 2822 -
1695 2779 1897 2844 caret„
1942 2774 2176 2841 Verum
2211 2774 2370 2858 quia
2397 2793 2512 2859 per
2542 2773 2796 2840 litteras
2815 2770 2974 2837 dicti

716 2880 1002 2965 Capituli
1034 2881 1223 2949 nobis
1253 2882 1628 2950 omnimoda
1661 2883 1952 2950 constitit
1983 2884 2248 2968 ueritas,
2294 2882 2695 2968 sepedictam
2734 2886 2972 2947 terram

716 2988 909 3073 Igrici
942 2995 1256 3056 statutam
1288 2988 1492 3059 fuisse
1524 2991 1721 3057 Petro
1772 2991 2000 3079 Voy—
2036 3027 2125 3040 -
2155 3026 2244 3041 —-
2279 2997 2467 3076 —te;
2517 3011 2638 3057 nos
2687 2987 2975 3056 conside·

714 3102 933 3164 rantes
965 3097 1243 3164 seruicia
1274 3096 1429 3164 dicti
1460 3099 1641 3165 Petri
1674 3098 2053 3187 Voyauode,
2090 3098 2383 3184 Gregorij
2424 3103 2490 3164 et
2525 3097 2795 3165 fratrum
2827 3115 2973 3165 suo·

714 3224 855 3272 rum
885 3204 1163 3272 filiorum
1194 3207 1464 3274 Comitis
1496 3208 1708 3296 Pauli,
1758 3228 1886 3292 que
1917 3208 1987 3274 in
2018 3210 2315 3276 omnibus
2354 3214 2418 3275 et
2450 3206 2727 3274 diuersis
2768 3240 2845 3252 -
2890 3241 2968 3252 -

721 3349 797 3360 -
841 3351 917 3359 —
960 3352 1036 3362 —
1076 3323 1353 3399 -runt,
1404 3336 1476 3382 se
1528 3324 1593 3383 et
1643 3336 1766 3384 sua
1814 3316 2094 3385 diuersis
2133 3317 2391 3384 casibus
2423 3315 2681 3383 fortune
2712 3311 2975 3381 submit·

713 3420 948 3488 tendo:
996 3419 1237 3488 dictam
1272 3430 1511 3490 terram
1540 3423 1738 3509 Igrici
1771 3444 1851 3491 ex
1879 3424 2286 3510 benignitate
2333 3423 2541 3509 Regia
2587 3422 2749 3509 ipsis
2782 3421 2971 3488 Petro

716 3525 1102 3616 Voyauoda,
1151 3528 1470 3615 Gregorio
1512 3567 2066 3583 —————
2073 3532 2370 3600 acionem
2420 3538 2488 3598 et
2523 3547 2969 3615 recompensa·

714 3636 965 3704 cionem
999 3638 1422 3706 seruiciorum
1455 3640 1825 3728 eorundem,
1858 3641 2020 3710 licet
2051 3641 2297 3709 maiora
2328 3646 2741 3723 mererentur,
2791 3635 2971 3702 dedi-

717 3764 880 3825 mus,
915 3744 1298 3813 donauimus
1329 3755 1395 3814 et
1424 3749 1810 3817 contulimus
1840 3750 1980 3817 iure
2009 3758 2317 3836 perpetuo
2349 3755 2415 3815 et
2473 3783 2553 3797 -—
2613 3784 2691 3795 —
2744 3782 2831 3793 -
2866 3779 2965 3830 ,-

717 3852 1029 3938 antiquis,
1077 3856 1314 3938 quibus
1362 3854 1543 3923 dicta
1576 3863 1751 3922 terra
1781 3878 1896 3943 per
1928 3856 2379 3925 Alexandrum
2411 3856 2494 3925 de
2523 3855 2660 3923 Ech
2689 3852 2973 3922 limitata

715 3961 1116 4047 dignoscitur
1148 3967 1215 4027 et
1241 3983 1568 4048 possessa.
1616 3965 1694 4030 In
1734 3967 1915 4034 cuius
1946 3963 2042 4032 rei
2076 3966 2448 4033 memoriam
2479 3964 2972 4044 firmitatemque

715 4075 1099 4154 perpetuam
1168 4107 1245 4117 —-
1299 4107 1386 4118 -
1439 4109 1524 4120 —-
1575 4110 1663 4120 -
1727 4072 2077 4141 munimine
2124 4074 2484 4142 roboratas.
2563 4072 2805 4139 Datum
2854 4089 2974 4158 per

717 4194 948 4243 manus
983 4174 1247 4244 discreti
1279 4177 1403 4245 viri
1421 4179 1719 4264 Magistri
1743 4177 2089 4269 A(cho)nis
2110 4182 2259 4249 aule
2277 4189 2496 4248 nostre
2518 4177 2973 4249 Vico-Cancel-

717 4282 868 4368 larij
902 4283 1123 4351 dilecti
1157 4291 1221 4350 et
1239 4283 1454 4352 fidelis
1489 4328 1559 4338 -
1609 4323 1687 4336 ——
1731 4326 1807 4336 -
1833 4289 2042 4374 Regni
2062 4297 2280 4355 autem
2299 4288 2505 4357 nostri
2524 4307 2694 4356 anno
2715 4294 2969 4355 octauo.

716 4426 990 4490 (Eredetie
1035 4425 1384 4495 bor-haman,
1425 4432 1550 4496 igen
1589 4429 1932 4499 megrongsst
1958 4430 2291 4500 allapotban,
2329 4449 2364 4483 a
2408 4432 2710 4485 violaszintl
2735 4432 2968 4499 selyem·

790 4517 1036 4572 asinoron
1063 4521 1278 4586 fflggott
1303 4520 1485 4588 peccet
1505 4522 1805 4588 elveszett3
1844 4539 1877 4576 a
1915 4525 2084 4578 budai
2119 4525 2222 4581 kir.
2248 4525 2491 4578 kamarai
2516 4522 2898 4611 leveltlrban.)
