3319 5249
1797 343 1881 409 68

709 535 1130 622 misissemus,
1179 536 1665 622 prenominatus
1718 538 2029 623 Magister
2075 538 2412 622 Nyeolaus
2462 561 2590 607 vna
2635 563 2778 608 eum
2829 563 2973 628 pre·

708 645 882 713 dicto
915 645 1116 712 fratre
1150 665 1267 712 suo
1301 647 1368 710 in
1401 644 1687 712 medium
1726 647 2009 713 acierum
2048 647 2129 713 de
2163 647 2305 733 ipso
2339 656 2552 716 castro
2585 649 2970 718 exenneium

706 753 980 839 irruens,
1029 760 1157 822 tres
1207 754 1592 821 Teotonieos
1648 774 1791 821 eum
1843 756 2076 822 lancea
2114 757 2569 825 miserabiliter
2618 759 2966 845 interemit,

707 872 773 931 et
801 863 1126 951 quendam
1157 861 1537 946 Hungarum
1593 863 1673 929 de
1704 864 1942 930 nostris
1995 865 2362 934 hominibus
2415 875 2676 955 captum
2726 870 2962 936 libcra-

703 973 818 1061 uit,
866 972 979 1040 ubi
1028 993 1282 1039 summa
1315 971 1650 1039 fidelitatis
1702 992 1817 1040 sue
1849 993 2048 1058 opera
2099 975 2533 1060 probabiliter
2583 979 2869 1047 exercuit
2900 988 2965 1046 et

700 1084 1038 1170 impendit.
1103 1085 1264 1149 Item
1298 1102 1443 1149 eum
1494 1081 1823 1169 predictus
1858 1084 2239 1151 Boemorum
2272 1087 2408 1153 Rex
2446 1086 2737 1153 ualidum
2776 1107 2959 1156 exer-

700 1194 900 1259 eitum
950 1212 1135 1260 suum
1192 1193 1278 1258 ad
1334 1192 1836 1276 expugnandum
1897 1197 1962 1258 et
2010 1194 2462 1278 occupandum
2512 1202 2797 1263 castrum
2846 1215 2959 1263 no-

700 1309 905 1370 strum
954 1302 1200 1371 Detreh
1250 1308 1543 1368 uocatum
1606 1301 2038 1386 destinasset,
2090 1309 2156 1368 et
2204 1323 2324 1371 nos
2375 1304 2462 1370 ad
2512 1303 2956 1371 defensionem

696 1411 903 1497 ipsius
953 1413 1148 1479 castri
1197 1410 1402 1477 nostri
1452 1409 1775 1493 prefatum
1828 1410 2212 1493 Magistrum
2243 1412 2624 1479 Joachinum
2676 1418 2742 1478 et
2789 1411 2956 1480 alios

693 1520 918 1588 fideles
952 1521 1236 1588 Barones
1289 1526 1547 1587 nostros
1579 1520 2002 1604 misissemus,
2054 1518 2211 1585 dieti
2257 1519 2612 1588 Ladizlaus
2645 1527 2709 1588 et
2739 1521 2955 1604 Nyco·

691 1631 834 1696 laus
884 1629 970 1695 ad
1003 1628 1438 1695 inchoandum
1494 1628 1736 1695 bellum
1789 1649 1932 1694 eum
1985 1629 2272 1696 exercitu
2318 1630 2527 1714 ipsius
2565 1628 2757 1712 Regis
2791 1629 2951 1694 Boe·

691 1759 957 1823 morum,
1009 1739 1120 1821 qni
1159 1737 1369 1824 ipsum
1417 1745 1699 1803 castrum
1752 1738 2095 1805 obsidebat
2146 1746 2209 1802 et
2260 1737 2697 1823 expugnabat,
2746 1742 2949 1803 trans·

687 1848 870 1913 missi
925 1851 1150 1912 eontra
1200 1847 1460 1913 eosdem
1501 1845 1890 1913 Teotonicos
1941 1846 2357 1913 laudabiliter
2407 1844 2816 1911 dimicarunt.
2865 1845 2949 1912 Et

688 1954 858 2022 idem
888 1954 1241 2022 Ladizlaus
1273 1956 1598 2039 quendam
1652 1955 1927 2023 militem
1955 1953 2354 2040 Teotonium,
2395 1954 2943 2036 consanguineum

689 2063 993 2132 videlieet
1024 2063 1297 2130 Comitis
1331 2064 1753 2147 Kyrunguert
1783 2063 2159 2149 captiuauit,
2213 2065 2448 2129 multos
2503 2062 2668 2128 alios
2718 2060 2942 2129 vulne·

685 2175 912 2241 raudo.
963 2173 1040 2236 In
1075 2193 1203 2256 quo
1235 2172 1441 2239 eciam
1474 2173 1646 2238 bello
1687 2173 1886 2260 ijdem
1917 2173 2205 2239 Barones
2234 2171 2442 2238 nostri
2473 2181 2618 2237 octo
2651 2171 2940 2237 Barones

680 2281 887 2364 ipsius
946 2281 1145 2364 Regis
1206 2280 1590 2348 Boemorum
1654 2281 2103 2368 captiuarunt',
2166 2288 2229 2345 et
2290 2280 2474 2347 nobis
2526 2277 2940 2345 adduxerunt

684 2389 1069 2474 captiuatos.
1136 2388 1211 2454 In
1243 2388 1477 2472 quibus
1510 2389 1771 2473 quidem
1801 2389 1991 2457 bellis
2024 2396 2090 2457 et
2123 2389 2532 2473 processibus
2566 2386 2772 2452 multa
2802 2384 2938 2451 uul-

679 2517 854 2578 nera,
904 2502 970 2564 et
1022 2495 1394 2583 specialiter
1425 2499 1542 2565 sub
1578 2498 1751 2565 dieto
1804 2502 2015 2564 castro
2047 2497 2427 2564 Zombothel
2471 2493 2668 2562 letale
2701 2493 2936 2560 uulnus

676 2607 742 2674 in
776 2626 974 2673 manu
1022 2607 1253 2674 dextra
1296 2607 1436 2693 ipse
1469 2608 1784 2691 Magister
1814 2607 2124 2675 Nicolaus
2173 2628 2290 2693 per
2326 2608 2623 2674 lanceam
2668 2604 2936 2691 pertulit

674 2724 737 2781 et
771 2716 1062 2801 excepit3
1113 2723 1305 2800 prout
1353 2717 1712 2800 premissas
1763 2715 2111 2783 fidelitates
2155 2723 2218 2781 et
2249 2715 2665 2782 seruiciorum
2705 2732 2933 2780 eorun-

674 2823 817 2891 dem
856 2826 1087 2891 merita
1136 2824 1501 2892 antedictus
1535 2825 1852 2909 Magister
1880 2824 2238 2892 Joaehinus
2292 2829 2357 2889 et
2388 2823 2501 2908 alij
2540 2821 2767 2888 fideles
2801 2819 2926 2885 Ba·

672 2951 860 2999 rones
892 2934 1100 2999 nostri
1132 2934 1318 3001 nobis
1352 2935 1704 3000 recitarunt
1757 2935 2018 2999 oraculo
2052 2933 2199 2998 vine
2236 2931 2430 2999 vocis.
2481 2931 2770 3013 Cumque
2803 2929 2929 3012 ipsi

667 3040 1016 3108 Ladizlaus
1068 3050 1132 3108 et
1162 3043 1223 3107 N
1222 3044 1497 3129 ycolaus
1527 3049 1793 3128 propter
1822 3040 2194 3108 huiusmodi
2230 3038 2446 3106 fidelia
2497 3043 2563 3105 et
2592 3034 2929 3103 meritoria

667 3150 950 3215 seruicia
1000 3169 1121 3217 sua
1171 3150 1499 3234 quandam
1559 3158 1795 3217 terram
1848 3152 2047 3217 castri
2097 3145 2668 3231 Zulgageuriensis
2720 3141 2923 3208 Cbuc·

664 3257 844 3340 seldy
894 3266 1191 3325 vocatam
1243 3278 1516 3325 vacuam
1568 3268 1630 3326 et
1682 3258 2156 3326 habitatoribus
2215 3258 2593 3324 destitutam
2644 3275 2686 3320 a
2737 3252 2924 3319 nobis

663 3364 790 3431 sibi
823 3365 964 3432 dari
996 3367 1397 3454 petiuissent,
1443 3375 1508 3433 et
1547 3389 1666 3435 uos
1697 3367 1939 3435 sactum
1981 3367 2270 3434 eiusdem
2304 3374 2473 3432 terre
2504 3361 2921 3446 inquisicioni

660 3473 831 3539 Petri
866 3475 980 3560 filij
1015 3478 1224 3543 Mersc
1257 3477 1531 3543 hominis
1565 3478 1768 3544 nostri
1801 3476 1920 3544 sub
1955 3475 2325 3544 testimonio
2361 3472 2643 3560 Capituli
2680 3472 2917 3539 Alben-

658 3584 750 3649 sis
782 3585 1346 3671 commisissemus3
1395 3586 1566 3653 idem
1605 3585 1978 3670 Capitulum
2021 3584 2425 3670 postmodum
2470 3582 2657 3649 nobis
2689 3582 2918 3647 reseri-

655 3698 924 3776 pserunt
978 3693 1044 3758 in
1076 3693 1251 3760 hune
1286 3693 1585 3761 modum:
1641 3694 1811 3779 quod
1862 3694 2031 3760 idem
2066 3695 2295 3760 Petrus
2349 3692 2541 3759 homo
2592 3697 2814 3757 noster
2848 3689 2917 3753 in

652 3800 996 3885 presencia
1028 3802 1306 3869 hominis
1341 3804 1645 3888 ipsorum,
1683 3803 1916 3870 vicinis
1949 3809 2013 3870 et
2045 3802 2504 3870 commetancis
2538 3798 2914 3867 conuocatis

651 3910 862 3994 ipsam
911 3919 1147 3978 terram
1200 3913 1381 3980 iuxta
1412 3920 1665 3981 veteres
1716 3921 1924 3980 metas
1977 3932 2121 3978 eum
2172 3911 2470 3978 omnibus
2523 3909 2911 3976 vtilitatibus
3014 3988 3019 3993 η

648 4026 711 4084 et
740 4021 1161 4106 pertinencijs
1214 4023 1351 4089 suis
1384 4022 1708 4089 Vniuersis
1742 4021 2210 4087 reambulando
2260 4019 2597 4088 statuisset
2648 4024 2715 4084 et
2747 4019 2909 4086 assi-

645 4135 916 4210 gnasset
967 4129 1208 4196 eisdem
1239 4129 1548 4196 Ladizlao
1603 4138 1667 4198 et
1700 4132 1994 4218 Nycolao
2043 4134 2222 4201 nullo
2264 4132 2732 4201 contradictore
2773 4131 2907 4196 exi·

648 4242 901 4320 stente;
951 4245 1247 4321 preterea
1297 4247 1538 4307 terram
1589 4242 1779 4308 vnius
1832 4242 2034 4309 aratri
2084 4240 2187 4312 vel
2227 4242 2655 4328 paulopluris‚
2708 4259 2907 4323 super

641 4364 769 4426 qua
818 4365 936 4430 per
975 4344 1242 4413 Lukach
1281 4348 1482 4414 filium
1518 4350 1744 4435 Thepe
1798 4349 1879 4416 de
1912 4350 2079 4417 Chut
2129 4352 2339 4419 extitit
2390 4351 2900 4437 contradictum;

638 4461 828 4539 prout
879 4456 946 4520 in
980 4455 1213 4524 litteris
1256 4458 1544 4527 ciusdem
1580 4459 1871 4546 Capituli
1915 4460 2197 4529 vidimus
2231 4462 2561 4528 contineri.
2609 4461 2749 4526 Nos
2784 4461 2903 4545 igi·

636 4568 745 4629 tur
777 4564 1208 4634 consideratis
1244 4565 1672 4635 fidelitatibus
1726 4577 1788 4635 et
1821 4570 2168 4654 meritorijs
2202 4571 2499 4655 seruieijs
2533 4569 2898 4654 eorundem,

635 4683 701 4743 et
753 4675 1009 4743 litteras
1072 4676 1232 4741 dieti
1289 4678 1574 4762 Capituli
1646 4680 2131 4770 approbantes,
2199 4683 2406 4767 ipsam
2461 4688 2698 4749 terram
2753 4700 2896 4748 cum
