3319 5249
1270 227 1403 294 427

1264 876 1424 944 304.

217 1072 523 1140 Daadolo
572 1073 779 1142 Jdnos
825 1077 1128 1145 velenczei
1176 1078 1332 1165 doye
1380 1078 1867 1166 meybizottukat
1916 1079 2077 1145 kald
2135 1078 2314 1146 Τναα
2360 1080 2470 1142 vd-

1073 1186 1362 1252 rosdhoz.
1413 1187 1606 1251 1285.

431 1374 765 1444 Johannes
811 1375 1155 1445 Dandulus
1205 1378 1330 1446 Dei
1390 1380 1614 1465 gracia
1662 1379 2085 1448 Veneciarum
2136 1387 2257 1447 etc.
2319 1381 2470 1447 Dux

225 1482 659 1568 prudentibus
688 1482 848 1551 viris
898 1483 1158 1551 Rectori
1207 1491 1270 1553 et
1299 1485 1729 1555 Vniuersitati
1759 1486 2181 1572 Traguriensi
2215 1485 2473 1553 dilectis

222 1592 354 1660 suis
390 1593 674 1659 salutem
707 1597 773 1657 et
792 1589 1172 1658 dileccionis
1190 1591 1514 1661 affectum.
1545 1596 1714 1662 Ecce
1747 1596 1920 1662 viros
1950 1593 2205 1661 nobiles
2238 1599 2307 1660 et
2322 1612 2472 1677 pru-

222 1698 450 1766 dentes
500 1698 788 1765 Marcum
839 1698 1266 1766 Treuisanum
1288 1749 1309 1784 ,
1373 1707 1436 1766 et
1490 1698 1802 1769 ,Iacobum
1851 1699 2165 1782 Michael,
2199 1699 2473 1766 dilectos

221 1806 452 1875 fideles
486 1813 550 1874 et
597 1807 1105 1874 ambasciatores
1156 1813 1410 1875 nostros
1457 1809 1544 1875 ad
1575 1829 1694 1876 vos
1725 1807 2156 1894 personaliter
2196 1806 2475 1875 destina·

222 1935 401 1998 mus;
438 1911 854 2000 prudenciam
887 1922 1170 1981 vestram
1202 1921 1506 1999 rogantes
1541 1924 1606 1983 et
1655 1917 1988 1984 hortantes
2020 1922 2283 2003 attente,
2318 1934 2475 1997 qua·

223 2029 409 2089 tenus
441 2042 559 2107 ea,
613 2041 740 2105 que
775 2022 969 2105 ijdem
1027 2043 1108 2090 ex
1140 2028 1329 2108 parte
1377 2031 1603 2091 nostra
1651 2022 1969 2107 dixerint,
2031 2023 2475 2089 indubitanter
2591 2079 2598 2087 .

222 2127 529 2216 credatis,
563 2134 627 2194 et
662 2129 897 2194 curetis
949 2127 1201 2197 effectui
1250 2129 1665 2197 demandare.
1716 2131 1961 2196 Datum
2013 2128 2076 2193 in
2111 2135 2328 2195 nostro
2362 2127 2474 2193 du-

225 2235 347 2304 cali
383 2236 645 2322 palacio
676 2236 828 2302 XII.
860 2238 1155 2325 Augusti,
1186 2237 1369 2303 XIII.
1404 2235 1789 2303 indiccione.
1825 2233 2084 2324 (1285.)

292 2468 542 2535 (Lucius,
570 2472 653 2522 De
678 2473 838 2523 rebus
863 2471 1174 2524 Dalmatiae
1195 2478 1247 2523 et
1274 2472 1524 2524 Croattae
1550 2472 1678 2524 libri
1705 2487 1815 2541 sex,
1841 2469 1977 2523 Becs
2007 2471 2163 2523 1757.
2195 2472 2314 2522 178.
2341 2469 2404 2537 1.)

1149 2753 1217 2764 --ῆ-

1283 3241 1442 3310 305.

441 3442 685 3509 ΜὶΙεΖόε
734 3444 944 3508 midor
994 3442 1241 3526 Laztay
1294 3442 1600 3528 helyse'qet
1650 3464 1695 3504 a
1724 3441 2019 3527 kedhdyi
2069 3437 2484 3525 apdtsdqnak

988 3550 1489 3636 adomdnyozza.
1526 3550 1732 3614 1285.

442 3763 767 3845 Quoniam
801 3770 965 3832 teste
997 3762 1342 3848 sapiencia
1372 3763 1688 3830 bonorum
1719 3779 1991 3848 operum
2021 3760 2346 3846 gloriosus
2377 3765 2482 3830 est

227 3876 499 3958 fructus,
532 3880 715 3939 tanto
747 3873 1024 3955 quisque
1053 3870 1120 3936 in
1151 3875 1374 3937 eterne
1404 3868 1725 3937 claritatis
1742 3888 1943 3953 regno
1976 3868 2320 3952 gloriosior
2337 3887 2484 3936 con·

227 3981 538 4062 stituitur,
570 3987 815 4065 quanto
845 3997 1017 4044 nunc
1047 3977 1114 4043 in
1135 3978 1436 4065 operibus
1468 3977 1656 4045 bonis
1686 3976 2051 4061 religiosior
2082 3982 2150 4042 et
2178 3973 2487 4043 deuocior

230 4088 579 4155 inuenitur.
616 4084 853 4154 Fallax
904 4098 1146 4165 autem,
1196 4085 1391 4152 immo
1439 4083 1634 4151 nulla
1682 4090 1782 4150 est
1828 4082 2066 4167 gloria,
2122 4101 2317 4167 quam
2356 4103 2489 4149 non

232 4196 558 4263 sincerum
632 4193 845 4260 sancti
912 4196 1130 4280 operis
1182 4193 1477 4261 meritum
1529 4190 1902 4278 parturiuit.
1965 4190 2213 4256 Harum
2265 4207 2479 4255 rerum

232 4305 420 4371 clara
449 4302 976 4371 consideracione
1007 4302 1285 4389 permoti
1317 4321 1436 4369 nos
1470 4298 1807 4387 Nycolaus
1860 4298 2090 4367 Comes
2144 4294 2488 4363 Palatinus

234 4411 414 4480 filius
445 4410 734 4478 Heinrici
765 4410 1094 4495 quondam
1141 4411 1304 4477 Bani
1359 4417 1492 4477 tam
1544 4407 1956 4495 presentibus
2004 4424 2197 4489 quam
2248 4399 2485 4469 futuris

236 4520 570 4596 hominum
600 4519 1139 4618 generacionibus
1170 4518 1317 4598 fieri
1369 4517 1664 4612 cupimus
1712 4515 2147 4602 manifestum,
2197 4507 2375 4602 quod
2420 4506 2490 4582 in
