3319 5249
1314 284 1447 350 515

237 477 685 562 probabimus.
721 480 962 545 Datum
983 477 1024 542 J
1027 476 1185 544 adre
1209 477 1316 544 die
1336 477 1443 545 VI.
1465 483 1742 545 exeunte
1762 475 1985 561 Marcij
2012 477 2075 544 M
2087 476 2213 544 “CC
2229 488 2248 521 ⁰
2291 483 2508 546 octua-

238 586 490 668 gesimo
523 606 717 672 nono,
752 581 1118 653 indiccione
1156 587 1463 654 secunda.

1193 783 1538 852 (Ugyanott.)

1164 1038 1589 1049 .————-—

1307 1481 1466 1550 372.

249 1685 434 1749 Trau
466 1688 657 1747 miros
689 1682 1135 1766 hatdsdqdnak
1169 1683 1580 1761 hatdrozata,
1630 1684 1798 1764 hoqy
1830 1702 1873 1742 a
1922 1681 2174 1767 kozce'qi
2225 1684 2505 1747 zavarok

244 1791 649 1856 alkalma'val
679 1789 1175 1854 bebb‘rtssnzc'ittek
1206 1790 1299 1853 mi
1349 1790 1582 1853 m6don
1632 1812 1676 1850 a
1726 1786 2048 1853 ὂόνιὸπόὅί
2098 1787 2503 1854 kibocsdthct-

1199 1897 1322 1963 tole.
1364 1896 1557 1962 1289.

462 2098 649 2161 Anno
683 2091 1179 2160 M⁰CO⁰LXXX⁰
1212 2111 1380 2158 nono
1412 2090 1521 2157 die
1553 2092 1762 2175 primo
1795 2090 2112 2179 Augusti3
2149 2092 2216 2156 in
2251 2090 2375 2158 Dei
2395 2112 2510 2158 no·

241 2203 419 2270 mine
453 2204 676 2268 Amen.
708 2199 1168 2266 Examinatum
1201 2206 1301 2264 est
1331 2219 1448 2284 per
1480 2197 1813 2265 dominum
1876 2198 2213 2266 Stefanum
2265 2200 2492 2283 Vgerij

243 2312 457 2377 ciuem
487 2309 961 2375 Anconitanum
993 2308 1417 2394 Potestatem,
1450 2315 1513 2373 et
1549 2315 1825 2390 quatuor
1878 2308 2206 2394 sapientes
2261 2307 2347 2372 ad
2400 2308 2493 2374 in-

240 2417 595 2502 frascripta
628 2415 1087 2483 examinanda.
1146 2416 1227 2481 Et
1255 2422 1356 2481 est
1420 2414 1889 2509 examinatum⁸
1930 2423 1994 2480 et
2056 2418 2492 2501 approbatum

240 2544 366 2612 per
395 2522 518 2587 XV
566 2523 895 2608 sapientes
926 2522 1216 2588 homines
1250 2520 1329 2586 de
1364 2523 1702 2605 TraguriO,
1762 2523 2237 2589 communicato
2287 2521 2501 2589 consi·

240 2635 337 2701 lio
367 2633 538 2699 inter
601 2653 712 2700 eos
755 2652 949 2718 super
1013 2632 1190 2699 facto
1224 2632 1647 2724 captiuorum,
1682 2633 1792 2716 qui
1826 2653 1941 2717 pro
1976 2631 2313 2700 Communi
2342 2634 2500 2700 Tra·

238 2742 411 2826 gurij
447 2743 512 2807 in
545 2761 802 2808 carcere
834 2738 1237 2807 detinentur:
1273 2737 1461 2816 Quod
1492 2740 1546 2807 si
1583 2741 1741 2807 dicti
1784 2742 2028 2829 captiui
2061 2743 2285 2810 volunt
2316 2743 2496 2808 exire

241 2869 574 2918 carcerem
607 2846 999 2934 Communis,
1036 2847 1209 2930 qnod
1238 2852 1372 2913 tam
1405 2847 1551 2934 ipsi,
1601 2867 1800 2931 quam
1851 2850 2061 2916 Lucas
2116 2859 2180 2917 et
2231 2850 2495 2928 Daniel,

239 2958 354 3041 qui
386 2964 536 3024 sunt
569 2962 755 3024 extra
790 2955 1055 3023 forciam
1090 2955 1482 3040 communie,
1518 2952 1799 3023 debeant
1831 2977 2062 3043 parere
2113 2964 2179 3024 et
2236 2955 2498 3025 obedire

238 3064 567 3132 mandatis
596 3064 1014 3150 Potestatum,
1048 3066 1089 3130 J
1095 3063 1351 3131 udicum
1383 3070 1447 3130 et
1478 3065 1840 3154 Rectorum,
1875 3072 1939 3131 et
1971 3065 2342 3132 Communis
2395 3063 2497 3131 ci-

238 3173 465 3241 uitatis
523 3171 827 3257 Tragurij
851 3224 869 3259 ,
933 3179 1067 3239 tam
1117 3173 1526 3258 presencium
1577 3193 1771 3258 quam
1832 3173 2191 3240 futurorum
2215 3225 2232 3258 ,
2265 3180 2329 3240 et
2361 3192 2495 3237 ma-

242 3286 425 3351 xime
486 3280 869 3368 infrascipta
920 3281 1133 3348 forma
1194 3282 1381 3367 pacis
1445 3288 1508 3347 et
1571 3281 2085 3367 condicionibus,
2153 3280 2498 3347 videlicet:

236 3389 428 3469 Quod
476 3387 631 3456 dicti
679 3390 993 3457 carcerati
1048 3389 1265 3457 statim
1287 3440 1305 3473 ,
1379 3388 1532 3457 dnm
1582 3389 1856 3457 detracti
1906 3388 2143 3457 fuerint
2220 3389 2302 3456 de
2367 3411 2499 3456 car-

237 3519 386 3568 cere
404 3550 423 3585 ,
454 3517 597 3564 cum
650 3495 841 3562 dictis
904 3494 1186 3563 Daniele
1252 3505 1317 3562 et
1396 3498 1615 3584 Luca,
1669 3498 2042 3583 promittere
2091 3497 2372 3562 debeant
2432 3503 2497 3562 et

235 3612 469 3691 iurent,
502 3613 678 3674 stare
715 3612 779 3670 et
828 3605 1063 3670 morari
1125 3611 1398 3688 quatuor
1429 3605 1619 3672 annis
1653 3605 1978 3672 continuis
2010 3606 2311 3686 Ancone3
2374 3604 2497 3671 hoc

220 3711 532 3802 excepto,
564 3713 740 3798 quod
772 3735 915 3781 cum
958 3714 1233 3780 licencia
1282 3714 1635 3782 Potestatis
1690 3717 1956 3782 Ancone
1995 3713 2184 3779 dictis
2223 3720 2496 3798 quatuor

232 3827 430 3894 annis
450 3824 535 3891 ad
566 3843 983 3908 quascunque
1014 3830 1235 3908 partes
1271 3823 1363 3888 ire
1396 3822 1649 3909 possint
1685 3824 1770 3889 ad
1802 3823 2210 3909 lucrandum,
2251 3830 2502 3910 preter·

235 3953 434 4017 quam
455 3930 541 3998 ad
559 3939 777 4019 partes
796 3932 1154 3998 Dalmacie.
1174 3930 1386 3998 Dictis
1406 3939 1622 3999 autem
1643 3938 1920 4015 quatuor
1941 3932 2131 3998 annis
2153 3930 2494 4015 completis

236 4039 568 4107 debebunt
598 4038 896 4105 habitare
927 4038 1042 4123 filij
1080 4039 1310 4105 Jacobi
1346 4040 1531 4124 Decij
1571 4039 1638 4103 in
1689 4038 1910 4122 Jadra‚
1959 4040 2076 4124 filij
2131 4039 2312 4108 Petri
2365 4039 2497 4104 Da-

235 4148 423 4231 matij
459 4145 755 4213 habitare
796 4146 1076 4213 debeant
1097 4147 1164 4212 in
1186 4145 1364 4232 Arbi,
1400 4147 1678 4214 ressidui
1718 4166 1870 4213 vero
1890 4145 2190 4213 habitare
2212 4147 2497 4213 debeant

234 4259 305 4323 in
338 4256 533 4340 Fara,
567 4255 960 4338 temporibus
1022 4254 1156 4320 vite
1208 4274 1427 4320 eorum
1463 4275 1605 4320 cum
1673 4254 1971 4321 omnibus
2034 4255 2116 4320 de
2149 4275 2365 4320 corum
2399 4255 2494 4321 fa·

235 4363 459 4447 milijs.
492 4362 575 4427 Et
604 4362 775 4446 quod
808 4363 987 4429 nullo
1038 4364 1230 4429 modo
1266 4363 1347 4430 dc
1380 4370 1595 4430 cetero
1647 4371 2028 4447 presumant
2086 4362 2348 4429 realiter
2381 4363 2492 4428 vel

237 4469 668 4557 personaliter
738 4466 1082 4556 offendere,
1130 4470 1233 4535 vel
1296 4468 1787 4554 quomodolibet
1849 4468 2318 4554 dampnificare
2373 4467 2492 4534 ali-

237 4598 429 4666 quem
491 4577 594 4644 vel
646 4577 905 4659 aliquos
946 4578 1025 4645 de
1091 4576 1448 4665 Tragurio,
1513 4599 1632 4645 nec
1699 4597 1916 4646 eorum
1969 4577 2144 4643 ciues
2180 4584 2245 4643 et
2310 4576 2495 4643 Com·

2043 4686 2168 4758 33*
