3319 5249
1325 348 1457 418 407

1319 982 1473 1052 289.

262 1200 331 1264 A
383 1203 797 1288 naqudradi
841 1202 1288 1290 kdptalannak
1321 1205 1621 1289 jelentdse
1666 1205 1718 1268 Ῑ
1724 1201 1791 1266 V.
1856 1203 2086 1269 Ldszld
2145 1204 2503 1288 kirdlyhoz,

264 1309 430 1396 hoqy
463 1308 665 1391 Pe'ter,
698 1311 953 1398 Mihdly
990 1311 1298 1377 comesnelc
1309 1312 1437 1394 fla,
1470 1312 1729 1377 Ekmch
1759 1314 1821 1378 6⁸
1851 1310 2142 1377 Pozdum
2170 1311 2502 1377 birtokdba

1088 1422 1461 1486 iktattatott.
1498 1420 1693 1486 1284.

482 1650 1044 1720 Excellentissimo
1075 1652 1332 1720 domiuo
1364 1673 1480 1719 suo
1512 1649 1820 1718 Ladizlao
1849 1651 1972 1719 Dei
2005 1650 2227 1736 gracia
2247 1651 2498 1719 Illustri

260 1760 429 1847 Regi
480 1760 761 1844 Vngarie
811 1760 1184 1847 Capitulum
1231 1761 1527 1828 Ecclesie
1576 1760 2020 1828 waradiensis
2069 1758 2404 1827 oraciones
2434 1760 2498 1826 in

266 1869 569 1936 Domino.
621 1870 924 1956 Receptis
979 1869 1213 1937 litteris
1250 1868 1627 1936 Serenitatis
1661 1869 1890 1935 Uestre
1922 1889 2067 1936 cum
2097 1869 2337 1935 Abram
2369 1869 2501 1936 filio

263 1978 486 2046 Pousa
535 1977 791 2045 homine
840 1985 1054 2045 vestro
1105 1978 1367 2044 Petrum
1419 1978 1842 2063 presbiterum
1894 1977 1975 2045 de
2024 1997 2174 2044 coro
2204 1978 2500 2046 Ecclesie

264 2091 485 2152 nostre
511 2104 629 2172 pro
660 2084 1030 2153 testimonio
1064 2085 1204 2152 uice
1251 2085 1455 2152 nostri
1499 2085 1790 2152 misimus
1824 2083 1911 2151 ad
1941 2083 2253 2152 mandata
2282 2090 2501 2152 uestra

269 2192 692 2279 exequenda;
724 2195 833 2279 qui
867 2191 1120 2261 demum
1151 2192 1238 2260 ad
1268 2212 1389 2261 nos
1448 2192 1712 2261 rediens
1742 2193 1929 2261 nobis
1958 2192 2144 2280 dixit,
2176 2193 2348 2277 quod
2379 2200 2498 2261 ter-

269 2323 413 2369 ram
463 2303 882 2372 castrensium
933 2309 1289 2371 uestrorum
1341 2300 1421 2369 de
1451 2301 1752 2369 Zobouch
1781 2301 2053 2370 Ekeuch
2084 2311 2402 2387 uocatam,
2437 2310 2500 2369 et

265 2411 550 2479 Pozdum
601 2411 1021 2479 castrensium
1071 2411 1155 2478 de
1205 2412 1483 2499 Burzua,
1515 2430 1761 2480 uacuas
1793 2418 1860 2477 et
1888 2409 2359 2479 habitatoribus
2392 2410 2498 2478 de·

266 2522 545 2606 stitutas,
594 2521 995 2606 presentibus
1046 2518 1340 2588 omnibus
1380 2517 1838 2587 commetaneis
1869 2525 1936 2587 et
1964 2517 2218 2602 vicinis,
2250 2524 2316 2585 et
2343 2519 2496 2602 alijs

268 2650 461 2715 quam
492 2629 789 2716 plurimis
820 2629 1054 2715 quibus
1086 2628 1381 2718 decebat,
1436 2649 1551 2716 per
1581 2635 1833 2696 ueteres
1862 2635 2067 2696 metas
2098 2634 2163 2694 ct
2193 2629 2498 2715 antiquas

268 2738 722 2826 reambulatas,
768 2740 951 2805 nullo
1004 2737 1476 2806 contradictore
1524 2736 1839 2805 existente
1888 2736 2267 2807 statuissent
2304 2745 2368 2806 et
2399 2756 2499 2804 as·

268 2846 632 2931 signassent
649 2847 839 2914 Petro
870 2846 1003 2914 filio
1033 2847 1298 2914 Comitis
1327 2845 1684 2934 Mychaelis
1715 2853 2024 2934 perpetuo
2055 2846 2496 2933 possidendas.

266 2956 506 3023 Datum
554 2955 723 3023 feria
765 2957 970 3025 tercia
1017 2955 1310 3043 proxima
1364 2963 1509 3043 post
1558 2955 1797 3024 festum
1854 2955 2271 3025 Pentecostes
2319 2974 2490 3022 anno

267 3063 526 3131 Domini
554 3065 655 3131 M⁶
684 3063 821 3132 00⁰
851 3063 1291 3151 octuagesimo
1323 3072 1571 3150 quarto.

278 3300 545 3366 (Eredetie
570 3297 916 3371 δότὴίηγίιι,
942 3318 978 3356 a
999 3299 1276 3371 sarpocsst
1301 3302 1593 3366 elveszettg
1636 3318 1672 3353 a
1695 3318 1875 3357 nemos
1899 3299 2096 3369 Killay
2115 3297 2301 3355 csslffl
2325 3298 2490 3352 level-

1248 3389 1515 3459 tal-aban.)

1173 3679 1592 3690 ..ὴ-ὺ-
