3319 5249
1763 281 1850 345 30

656 475 846 563 -quod
878 479 1127 564 Tywan
1162 485 1227 543 et
1260 475 1666 544 Theodotius
1703 476 1821 560 filij
1857 475 2102 543 Viliam
2135 471 2217 543 de
2247 473 2434 542 Olazi
2465 474 2693 542 fideles
2728 474 2938 540 nostri

660 586 1005 672 quandam
1057 585 1448 672 particulam
1495 590 1664 651 terre
1713 584 1781 650 in
1813 582 2130 650 Medekes
2168 582 2249 649 de
2280 583 2494 668 Lypto
2526 583 2936 669 existentem,

674 696 1019 780 pecierunt
1071 714 1113 759 a
1143 692 1333 760 nobis
1365 691 1492 759 sibi
1526 693 1694 758 dari.
1764 692 1850 759 Et
1884 691 2040 775 quia
2072 689 2152 758 de
2204 689 2523 775 qualitate
2581 697 2647 756 et
2678 688 2937 774 quanti·

672 809 806 870 tate
856 801 1060 887 ipsius
1093 807 1263 868 terre
1287 854 1306 885 ,
1355 806 1418 868 et
1452 806 1665 866 utrum
1715 806 1932 866 nostre
1965 798 2309 867 collacioni
2341 799 2427 867 sit
2457 799 2787 885 pertinens
2820 818 2938 864 nec

672 929 775 995 ne,
826 908 1015 976 nobis
1066 929 1198 978 non
1240 915 1494 975 constat
1544 908 1838 991 ueritas,
1890 907 2192 974 fidelitati
2237 916 2452 975 vestre
2500 907 2937 994 precipientes

672 1017 1059 1086 mandamus
1080 1070 1098 1103 ,
1148 1021 1469 1100 quatenus
1499 1017 1774 1083 mittatis
1811 1037 2006 1082 vnum
2058 1037 2137 1082 ex
2169 1016 2353 1084 vobis
2386 1015 2594 1081 virum
2628 1014 2937 1081 idoneum

671 1144 788 1211 pro
819 1123 1232 1210 testimonio,
1282 1144 1499 1191 coram
1551 1144 1679 1208 quo
1711 1123 1998 1190 Johanes
2050 1122 2330 1190 clericus
2375 1124 2457 1191 de
2492 1120 2718 1189 eadem
2751 1122 2939 1188 Olazi

671 1232 861 1298 homo
917 1237 1154 1317 noster,
1203 1231 1610 1317 presentibus
1681 1227 2122 1298 conmetaneis
2177 1237 2241 1296 et
2288 1230 2524 1297 vicinis
2572 1230 2939 1297 reambulet

672 1340 885 1424 ipsam
921 1345 1199 1423 terram,
1248 1345 1312 1404 et
1363 1337 1420 1404 si
1451 1343 1670 1404 nostre
1712 1336 2051 1402 collacioni
2103 1336 2531 1420 pertinentem
2583 1336 2933 1416 inuenerit,

572 1532 575 1535 A
673 1446 867 1513 certis
928 1445 1117 1511 metis
1169 1465 1211 1510 a
1262 1452 1434 1512 terra
1508 1445 1897 1530 populorum
1966 1451 2323 1510 nostrorum
2393 1443 2474 1511 de
2520 1445 2736 1529 Topla
2759 1497 2778 1531 ‚
2848 1443 2934 1509 de

671 1552 944 1619 Varalia
995 1559 1058 1617 et
1107 1549 1188 1619 de
1225 1549 1450 1618 Hodaz
1501 1549 1921 1635 distingendo
1963 1549 2367 1637 separando,
2413 1557 2659 1619 statuat
2691 1549 2935 1620 eisdem

673 1662 924 1746 Tywan
960 1680 1037 1725 ac
1069 1659 1461 1746 Theodorio,
1517 1666 1582 1725 et
1631 1660 1850 1726 sinon
1881 1658 2075 1725 fucrit
2131 1659 2635 1746 contradictum3
2684 1668 2935 1727 contra-

674 1769 953 1835 dictores
987 1788 1139 1837 vero
1172 1769 1229 1836 si
1260 1769 1369 1852 qui
1403 1768 1640 1836 suerint
1658 1818 1678 1851 ‚
1730 1764 1816 1832 ad
1847 1773 2139 1834 nostram
2183 1767 2340 1835 citet
2369 1775 2796 1853 presenciam,
2847 1768 2933 1834 ad

672 1874 1019 1942 terminum
1069 1882 1555 1961 conpetentem;
1605 1880 1757 1959 post
1805 1874 1926 1941 hec
1978 1873 2361 1956 qualitatem
2402 1880 2468 1940 et
2502 1878 2934 1958 quantitatem

672 1992 843 2050 terre
892 1981 1194 2068 predicte
1244 1981 1436 2048 simul
1489 2000 1633 2047 cum
1688 1979 1984 2046 cursibus
2035 1987 2353 2047 metarum
2405 1990 2469 2049 et
2520 1981 2687 2048 serie
2725 1983 2933 2051 tocius

675 2089 832 2157 facti
874 2089 1059 2157 nobis
1090 2089 1370 2155 fideliter
1408 2088 1802 2155 rescribatis.
1872 2090 2112 2155 Datum
2146 2089 2326 2156 Bude
2376 2090 2441 2155 in
2475 2090 2726 2157 octanis
2759 2091 2936 2157 festi·

675 2196 901 2265 uitatis
934 2199 1109 2264 beati
1143 2197 1375 2264 Jacobi
1405 2195 1702 2282 Apostoli
1733 2217 1909 2263 anno
1940 2196 2204 2263 Domini
2241 2197 2679 2264 M⁰CC⁰LXX⁰
2711 2197 2932 2264 tercio.

886 2307 1022 2373 Nos
1069 2305 1272 2390 igitur
1327 2303 1651 2388 preceptis
1709 2302 2130 2373 celsitudinis
2179 2305 2413 2374 Uestre
2479 2308 2930 2391 obtemperare

674 2414 1129 2500 cupientes‘ut
1177 2421 1491 2497 tenemur,
1559 2412 1855 2479 misimus
1913 2412 2237 2480 hominem
2291 2421 2582 2482 nostrum
2632 2412 2932 2482 idoneum

672 2543 803 2589 una
853 2540 996 2587 cum
1047 2521 1310 2588 homine
1378 2532 1598 2588 uestro
1648 2519 1905 2587 Johane
1958 2522 2214 2588 Clerico
2272 2520 2360 2587 ad
2409 2522 2728 2607 premissa
2790 2540 2931 2587 exe-

671 2632 932 2714 quenda
954 2653 969 2715 ;
1020 2631 1132 2714 qui
1166 2630 1422 2697 demum
1474 2631 1559 2697 ad
1588 2653 1709 2702 nos
1746 2636 1992 2702 reuersi
2024 2634 2348 2714 dixerunt,
2387 2631 2743 2715 predictam
2785 2649 2932 2715 par·

669 2739 941 2806 ticulam
973 2744 1145 2806 terre
1176 2740 1624 2809 reambulasse
1664 2744 2080 2826 presentibus
2113 2740 2551 2809 conmetaneis
2584 2746 2649 2806 et
2679 2737 2930 2823 vicinis,

671 2852 735 2911 et
767 2846 1012 2913 eisdem
1033 2846 1287 2931 Tywan
1319 2867 1399 2914 ac
1420 2848 1788 2918 Theodorio
1820 2851 2145 2936 statuisse,
2176 2849 2357 2916 nullo
2389 2847 2646 2934 penitus
2680 2852 2930 2913 contra·

672 2954 920 3022 (lictore
951 2961 1329 3041 apparente.
1366 2955 1565 3023 Cuius
1598 2956 1860 3038 quidem
1891 2964 2059 3026 terre
2092 2966 2261 3024 mete
2294 2959 2417 3023 hoc
2449 2957 2676 3023 ordine
2708 2955 2931 3021 distin-

672 3068 909 3146 guntur
944 3089 958 3126 :
1007 3062 1228 3127 Prima
1259 3070 1434 3129 meta
1485 3065 1717 3151 incipit
1766 3067 1835 3132 in
1867 3066 2063 3133 fluuio
2097 3067 2320 3149 Vaag3
2373 3063 2606 3129 deinde
2643 3070 2931 3148 pertran-

670 3174 851 3235 siens
882 3169 1203 3255 insulam,
1251 3177 1316 3234 et
1366 3172 1694 3238 transiens
1747 3192 1979 3240 venam
2029 3172 2237 3260 ipsius
2271 3173 2496 3258 Vaag,
2546 3171 2655 3239 vbi
2694 3171 2930 3238 fluuius

668 3276 980 3343 Medekes
1032 3278 1210 3343 cadit
1256 3277 1325 3343 in
1376 3279 1590 3365 ipsam
1648 3301 1921 3366 venam3
1968 3281 2125 3348 inde
2173 3301 2292 3367 per
2344 3280 2620 3348 eundem
2659 3281 2930 3347 fluuium

670 3383 965 3451 ascendit
998 3405 1197 3470 supra
1230 3385 1313 3454 ad
1346 3407 1651 3471 magnum
1686 3391 2000 3475 spacium,
2032 3390 2309 3457 tenendo
2343 3395 2550 3456 metas
2586 3409 2732 3455 cum
2764 3389 2928 3453 Mar-

673 3491 861 3576 ce110,
911 3499 973 3558 et
1022 3493 1200 3560 venit
1249 3515 1456 3577 usquc
1514 3503 1722 3564 metas
1772 3497 2019 3582 Topla;
2071 3497 2312 3564 ibidem
2364 3501 2430 3564 iu
2484 3496 2765 3563 transitu
2815 3515 2929 3562 seu

670 3600 846 3668 vadu
897 3601 1102 3686 ipsius
1131 3602 1309 3687 fluuij
1334 3654 1351 3687 ,
1398 3604 1508 3671 vbi
1560 3606 1670 3673 uia
1702 3606 1913 3671 tendit
1969 3606 2039 3671 in
2075 3607 2373 3672 Castrum
2415 3624 2737 3688 magnum,
2795 3603 2929 3670 exit

671 3707 756 3774 ad
787 3710 1095 3776 orientem
1132 3710 1217 3775 ad
1252 3719 1532 3779 terream
1567 3720 1839 3797 metam3
1890 3713 2127 3781 deinde
2167 3713 2460 3781 ascendit
2496 3713 2584 3779 ad
2615 3712 2829 3798 berch,
2866 3721 2930 3778 et

670 3817 932 3884 deuenit
984 3816 1070 3882 ad
1103 3820 1315 3906 uiam,
1365 3839 1488 3903 que
1522 3821 1702 3888 ducit
1751 3821 1818 3887 in
1855 3821 2082 3889 Hodaz
2101 3875 2121 3909 ,
2175 3829 2238 3888 et
2270 3823 2337 3887 in
2371 3821 2599 3889 uillam
2636 3820 2923 3902 Varalia,

670 3932 734 3990 et
763 3924 853 3990 ibi
886 3933 984 3992 est
1035 3933 1245 3993 terrea
1284 3935 1493 4015 meta,
1542 3949 1669 4010 que
1701 3939 1964 4014 separat
2001 3951 2042 3997 a
2076 3931 2326 3998 duabus
2360 3929 2539 3996 villis
2572 3928 2918 4014 predictis5

671 4033 910 4098 abinde
943 4034 1153 4100 tendit
1184 4034 1270 4100 ad
1300 4037 1637 4104 meridiem
1672 4038 1854 4106 iuxta
1886 4047 2097 4107 metas
2147 4041 2452 4107 uillarum
2488 4038 2924 4125 predictarum

667 4140 1110 4225 pertransiens
1166 4143 1483 4228 quendam
1538 4147 1736 4212 berch
1771 4147 2213 4234 virgutosum,
2264 4155 2327 4214 et
2368 4148 2632 4215 deuenit
2680 4145 2766 4211 ad
2800 4154 2925 4212 ter·

668 4268 847 4315 ream
897 4254 1171 4333 metam3
1223 4257 1454 4335 postea
1506 4253 1718 4318 tendit
1771 4254 1974 4321 eciam
2028 4258 2114 4322 ad
2164 4263 2440 4323 terream
2494 4264 2751 4341 metam,
2800 4277 2924 4338 que

667 4364 927 4441 separat
965 4377 1006 4422 a
1036 4362 1209 4424 terra
1241 4359 1621 4443 populorum
1656 4360 1879 4448 Olazi;
1932 4371 1996 4430 et
2032 4363 2264 4432 deinde
2317 4364 2604 4431 declinat
2636 4366 2723 4432 ad
2757 4367 2924 4433 occi·
3051 4363 3060 4366 ᾖ

666 4465 958 4549 (lentem,
1007 4483 1122 4548 per
1156 4466 1484 4550 quandam
1520 4469 1853 4537 monticuli
1892 4472 2097 4538 acicm
2153 4472 2490 4540 descendit
2528 4475 2614 4541 ad
2647 4482 2925 4541 terream

665 4577 940 4659 metam,
987 4592 1111 4657 que
1146 4583 1245 4643 est
1277 4574 1458 4645 iuxta
1512 4578 1844 4666 semitam;
1893 4581 2045 4650 inde
2084 4583 2432 4653 reflectitur
2473 4581 2924 4652 descendendo
