3319 5249
1430 320 1513 383 27

1427 834 1532 901 15.

330 1053 449 1118 IV.
503 1053 736 1117 Ldszlo'
765 1053 1117 1137 lcii-alynak
1152 1077 1192 1117 a
1230 1050 1421 1117 Zalai
1452 1054 1692 1116 va'rhoz
1731 1050 1977 1116 tartozd
2013 1050 2307 1138 bae‘zonyos
2322 1050 2609 1137 f'o’ldeket

332 1163 651 1246 tdryyazo
703 1161 1071 1246 adomcinya
1110 1159 1323 1225 Oliver
1359 1165 1420 1225 e's
1457 1157 1749 1224 Her-bord
1767 1208 1789 1240 ,
1839 1156 2106 1245 Geryely
2120 1159 2254 1242 fiai
2287 1162 2602 1223 szcima'ra.

1380 1269 1573 1333 1273.

554 1480 910 1548 Ladizlaus
974 1481 1097 1547 Dei
1162 1483 1390 1566 gracia
1455 1481 1832 1566 Hungarie‚
1882 1480 2257 1564 Dalmacie,
2313 1477 2601 1561 Croacie,

330 1591 558 1674 Eme,
605 1586 867 1674 Serme,
916 1588 1234 1672 Gallieie‚
1284 1586 1709 1673 Lodomerie,
1761 1588 2113 1672 Cumanie,
2161 1584 2605 1669 Bulgarieque

336 1698 478 1762 Rex
516 1694 820 1762 omnibus
840 1701 1177 1778 presentes
1209 1697 1465 1762 litteras
1489 1697 1881 1781 inspecturis
1913 1696 2190 1761 salutem
2223 1693 2289 1759 in
2317 1690 2604 1759 omnium

332 1804 687 1870 saluatore.
733 1801 877 1868 Juri
910 1807 1419 1870 consentaneum
1454 1809 1519 1871 et
1548 1801 1824 1886 equitati
1855 1820 2210 1886 congruum
2243 1798 2595 1886 inuenitur,

331 1917 404 1975 ut
441 1912 690 1995 Regum
738 1909 1104 1976 liberalitas
1153 1930 1412 1977 suorum
1462 1908 1716 1976 meritis
1768 1906 2201 1974 subiectorum
2248 1904 2461 1989 dignis
2502 1925 2602 1972 re·

334 2017 662 2102 spondeat
712 2016 1081 2103 donatiuis‚
1153 2023 1222 2082 ut
1269 2017 1507 2084 nedum
1564 2016 1693 2100 ipsi
1743 2014 2169 2082 fidelitatibus
2241 2012 2600 2080 adhereant

334 2123 690 2191 indefessis
712 2177 728 2208 ‚
792 2145 1015 2192 verum
1072 2125 1279 2192 eciam
1332 2127 1447 2209 alij
1506 2142 1730 2191 eornm
1784 2126 2079 2208 exemplo
2130 2123 2214 2190 ad
2265 2121 2599 2188 fidelitatis

334 2249 542 2315 opera
577 2230 820 2297 sorcius
859 2232 1314 2299 accendantur.
1364 2231 1651 2298 Proinde
1690 2230 1775 2296 ad
1807 2231 2255 2299 uniuersorum
2288 2230 2598 2297 noticiam

333 2344 470 2401 tam
504 2340 912 2423 presencium
964 2358 1161 2422 qnam
1211 2340 1566 2405 futurorum
1617 2338 1850 2405 harum
1901 2340 2073 2404 serie
2122 2336 2417 2405 nolumus
2456 2356 2595 2422 per·

338 2444 589 2530 uenire,
638 2446 811 2528 quod
842 2445 1256 2512 attendentes
1303 2447 1581 2512 eximias
1628 2446 1985 2512 fidelitates
2040 2453 2105 2512 et
2136 2446 2596 2513 immensorum

335 2553 765 2620 seruiciorum
820 2554 1211 2639 obsequiosa
1243 2554 1473 2622 merita
1505 2551 1781 2639 Oliuerij
1836 2560 1901 2621 et
1949 2552 2270 2620 Herbordi
2321 2553 2596 2620 filiorum

334 2661 641 2745 Gregorij
680 2661 968 2729 fidelium
1000 2670 1381 2750 nostrorum,
1418 2684 1544 2747 que
1573 2663 1780 2748 ijdem
1814 2664 2001 2730 nobis
2036 2671 2097 2729 et
2130 2661 2375 2728 Corone
2395 2663 2597 2746 Regio

331 2769 401 2834 in
456 2768 738 2836 diuersis
807 2769 1353 2855 expedicionibus
1387 2773 1597 2857 Regni
1670 2773 1917 2858 nostri,
1991 2778 2054 2836 et
2104 2769 2478 2855 specialiter
2529 2771 2604 2836 in.

331 2875 662 2941 Teutonia
696 2877 816 2943 sub
850 2885 1067 2944 castro
1100 2879 1428 2946 Furustun
1459 2886 1865 2965 nuncupato,
1913 2898 2058 2944 cum
2094 2877 2357 2944 Matheo
2391 2877 2594 2960 Bano,

332 2983 585 3050 Comite
618 2983 938 3065 Dionisi0‚
990 2992 1053 3052 et
1085 2986 1334 3054 Comite
1366 2986 1670 3052 Johanne
1720 2986 1856 3052 filio
1888 2984 2155 3050 Henrici
2187 2985 2355 3052 Bani
2391 2984 2597 3051 fideli-

332 3090 455 3155 bus
489 3090 857 3158 Batonibus
891 3093 1129 3160 nostris
1149 3145 1168 3179 ,
1220 3094 1331 3177 qui
1382 3094 1463 3160 de
1491 3099 1717 3160 nostro
1758 3092 2068 3159 mandato
2119 3091 2362 3158 ibidem
2395 3091 2592 3158 deua-

332 3199 664 3264 staciones
700 3199 1223 3284 committebant,
1274 3202 1384 3269 ubi
1418 3203 1622 3267 eciam
1662 3201 1866 3267 frater
1902 3201 2186 3286 ipsor'um
2223 3198 2494 3284 Oliuerij
2531 3205 2596 3265 et

331 3303 652 3371 Herbordi
722 3307 982 3375 nomine
1032 3307 1320 3377 Thomas
1371 3309 1647 3376 uiriliter
1701 3306 2070 3375 dimicando
2137 3306 2351 3374 extitit
2399 3306 2594 3374 inter-

333 3419 625 3496 emptus,
674 3412 1097 3482 laudabiliter
1164 3416 1625 3501 impenderunt
1679 3414 1953 3482 fideliter
2003 3434 2081 3481 ac
2134 3416 2404 3498 deuote;
2474 3433 2594 3481 nos

329 3519 704 3586 huiusmodi
738 3524 1026 3606 gratuita
1056 3524 1335 3591 seruicia
1385 3525 1785 3611 prefatorum
1805 3575 1825 3608 ,
1877 3529 1943 3589 et
1975 3522 2128 3608 alia,
2179 3542 2302 3606 que
2332 3529 2595 3607 propter

332 3628 433 3692 sui
464 3629 911 3713 prolixitatem
965 3633 1257 3700 enarrari
1312 3632 1741 3699 obmittuntur
1790 3652 1906 3719 per
1938 3630 2201 3716 singula
2232 3650 2349 3698 suo
2381 3626 2591 3714 mode,

334 3735 401 3801 in
456 3738 831 3803 memoriam
883 3747 1268 3809 reuocantes
1291 3791 1308 3823 ‚
1378 3740 1441 3805 in
1497 3739 1851 3823 aliqualem
1923 3735 2594 3824 recompensacionem

333 3841 760 3910 seruiciorum
811 3845 1195 3932 eorundem,
1244 3855 1306 3915 et
1356 3849 1734 3915 effusionem
1785 3846 2124 3929 sanguinis
2174 3865 2291 3913 seu
2323 3850 2593 3910 mortem

336 3950 466 4015 iam
499 3951 655 4017 dicti
685 3953 954 4037 Thome‚
997 3955 1404 4039 benignitate
1436 3956 1644 4040 Regia
1692 3959 2138 4038 occurrentes,
2187 3952 2342 4018 licet
2389 3950 2591 4015 maio-

338 4059 521 4125 ribus
556 4059 739 4145 digni
767 4061 1201 4146 haberentur,
1253 4069 1320 4129 et
1370 4070 1593 4130 nostre
1641 4065 1730 4129 sit
1760 4061 2187 4144 intencioniS,
2241 4057 2402 4144 ipsis
2449 4059 2591 4125 loco

337 4172 400 4232 et
431 4173 721 4253 tempore
767 4168 1226 4254 impocioribns
1274 4168 1637 4257 prouidere,
1687 4167 2015 4254 quandam
2048 4186 2322 4234 vacuam
2355 4173 2594 4232 terram

338 4273 551 4339 Castri
602 4274 1017 4342 Zaladiensis
1086 4276 1171 4343 ad
1219 4297 1404 4345 usum
1456 4277 1648 4344 trium
1719 4283 2079 4342 aratrorum
2137 4272 2585 4358 sufficientem,

338 4383 710 4468 contiguam
758 4387 931 4451 terre
982 4403 1238 4470 eorum,
1289 4405 1487 4473 super
1539 4405 1671 4468 qua
1719 4381 2046 4469 quondam
2085 4382 2320 4465 Hegun
2375 4387 2440 4446 et
2489 4380 2594 4448 sui
2710 4389 2719 4412 ·

334 4490 595 4576 cognati
626 4495 867 4558 castres
899 4489 1068 4580 (igy)
1102 4492 1520 4561 Zaladienses
1552 4491 1967 4576 residebant,
2016 4495 2208 4576 prout
2239 4490 2360 4556 hec
2389 4489 2583 4555 nobis

338 4620 456 4682 per
502 4599 755 4668 litteras
806 4597 1046 4684 prefati
1073 4599 1396 4668 Johannis
1429 4601 1695 4668 Comitis
1726 4597 2137 4666 Zaladiensis
2190 4617 2266 4665 eo
2299 4600 2598 4681 tempore
