3319 5249
1727 382 1852 449 150
1931 474 1940 480 ⁶

656 584 950 649 habitam
981 583 1169 648 iuxta
1202 590 1451 648 veteres
1484 586 1547 645 et
1576 578 1882 664 antiquas
1914 598 2068 646 suas
2099 587 2309 646 metas
2341 578 2424 644 ab
2458 578 2731 646 aliorum
2766 598 2910 663 pos-

658 689 1017 758 sessionum
1051 686 1298 754 iuribus
1350 686 2201 770 metalitcr'sequestrando
2255 686 2686 769 distingcrent
2723 694 2788 751 et
2820 686 2912 750 di·

659 797 947 882 stingere
977 796 1245 864 vellent.
1297 795 1506 879 Super
1538 814 1665 878 quo
1696 794 1997 862 fidelitati
2061 799 2271 861 vestre
2323 794 2589 860 firmiter
2639 793 2910 881 precipi-

660 905 825 973 endo
889 902 1311 989 mandamus,
1377 912 1697 984 quatenus
1758 910 2047 970 vestrum
2100 903 2376 970 mittatis
2425 902 2746 969 hominem
2799 922 2915 988 pro

658 1013 1025 1081 testimonio
1087 1011 1214 1079 fide
1279 1010 1586 1097 dignum,
1633 1031 1765 1094 quo
1830 1018 2129 1097 presente
2191 1011 2365 1079 Guth
2399 1011 2480 1078 de
2512 1012 2765 1098 Merse,
2812 1011 2917 1077 vel

662 1120 919 1207 Gaspar
979 1117 1065 1201 de,
1120 1117 1494 1203 Heighazas
1556 1119 1790 1205 Merse,
1843 1126 1955 1185 aut
2005 1119 2166 1184 Iuan
2229 1117 2443 1185 dictus
2495 1119 2782 1203 Fequete
2835 1117 2917 1185 de

661 1227 853 1294 Dada
886 1226 1037 1311 alijs
1067 1226 1444 1293 absentibus
1477 1226 1670 1293 homo
1694 1233 1913 1293 noster
1943 1225 2031 1291 ad
2061 1223 2421 1311 predictam
2444 1225 2915 1312 possessionem

663 1335 797 1402 Scil
828 1333 1242 1421 accedendo,
1291 1335 1630 1401 vniuersos
1680 1334 1932 1400 vicinos
1981 1339 2046 1401 et
2096 1340 2573 1402 cummetaneos
2625 1333 2916 1402 eiusdem

664 1441 1095 1526 possessionis
1146 1443 1305 1508 inibi
1362 1444 1773 1531 conuocatis,
1821 1442 2033 1528 ipsam
2094 1443 2573 1529 possessionem
2637 1442 2771 1510 Scil
2833 1445 2918 1511 ab

664 1549 931 1619 aliorum
967 1550 1451 1636 possessionum
1484 1550 1734 1618 iuribus
1778 1551 2143 1636 separando
2184 1558 2249 1617 et
2280 1550 2690 1635 distingendo
2736 1551 2921 1617 iuxta

662 1665 915 1725 veteres
976 1664 1043 1726 et
1103 1657 1406 1740 antiquas
1458 1679 1612 1726 suas
1663 1665 1906 1743 metas,
1955 1666 2017 1726 et
2049 1659 2108 1725 si
2137 1678 2401 1726 necesse
2452 1658 2681 1742 fuerit,
2728 1660 2917 1726 nouis

664 1767 851 1834 metis
883 1766 1067 1833 iuxta
1096 1773 1348 1834 veteres
1380 1773 1590 1834 metas
1624 1765 1919 1834 eiusdem
1952 1766 2384 1853 possessionis
2418 1767 2554 1834 Scil
2586 1767 2921 1853 erigend0,

666 1875 722 1942 si
756 1895 885 1941 non
914 1876 1108 1943 fuerit
1138 1875 1649 1960 contradictum3
1685 1875 2198 1944 contradictores
2241 1894 2394 1943 vero
2429 1875 2489 1942 si
2519 1875 2629 1959 qui
2661 1876 2922 1962 fuerint,

666 1983 820 2047 citet
852 1980 1114 2050 eosdem
1148 1983 1214 2049 in
1246 1990 1534 2050 nostram
1569 1984 1970 2069 presenciam
2022 1983 2112 2050 ad
2162 1981 2509 2050 terminum
2553 1991 2916 2069 competen-

667 2094 837 2175 tem,
886 2097 1128 2175 etpost
1191 2091 1310 2158 hec
1340 2090 1567 2158 seriem
1634 2092 1843 2177 ipsius
1902 2096 2215 2158 metarum
2279 2090 2825 2158 reambulacionis
2858 2098 2923 2158 ct

668 2200 1061 2287 ereccionis,
1113 2217 1191 2265 ac
1221 2200 1483 2267 nomina
1530 2201 1874 2267 citatorum
1925 2221 2067 2268 cum
2121 2199 2393 2267 termino
2433 2199 2770 2284 assignato
2802 2220 2920 2264 no-

668 2306 769 2373 bis
802 2306 1079 2374 fideliter
1109 2310 1504 2377 rescribatis.
1551 2310 1795 2377 Datum
1847 2308 2030 2377 Bude
2081 2316 2313 2376 octauo
2374 2309 2484 2376 die
2532 2309 2682 2377 festi
2730 2311 2934 2377 Beati

671 2416 930 2502 Georgij
970 2416 1250 2486 martiris
1310 2440 1480 2487 anno
1544 2418 1808 2486 Domini
1870 2417 2175 2485 M⁰OC⁰L⁰
2213 2424 2400 2486 sexto
2452 2417 2920 2506 (helyesebben

676 2523 902 2611 1276.)

673 2702 744 2773 (A
770 2704 1258 2760 szekcs-fehervari
1287 2706 2028 2849 kaptalannalltonlgyanaz)on
2055 2708 2138 2762 evi
2160 2707 2547 2775 jelcntescbb'l,
2591 2711 2731 2759 mint
2756 2706 2921 2761 alabb

1749 2820 1761 2832 .
1792 2800 1864 2834 sz.
1893 2801 1942 2836 a.

1733 3497 1880 3565 102.

671 3698 949 3764 Izabclla
996 3647 1421 3784 luira'lynenak
1470 3695 1793 3765 Chuwban
1847 3699 1984 3763 Ζέυὸ
2034 3700 2142 3762 hat
2192 3698 2374 3762 telket
2428 3701 2736 3784 cde-yyazo'
2774 3698 2921 3762 ado-

910 3811 1144 3891 mdnya
1174 3830 1216 3872 a
1249 3806 1629 3891 nyzilszz'qeti
1657 3806 2116 3892 apa‘czazdrda
2147 3810 2464 3886 szdmdra.
2504 3806 2693 3872 1276.

884 4003 1021 4070 Nos
1050 4001 1100 4067 1.
1136 4002 1259 4068 Dei
1292 4003 1519 4084 gracia
1566 4004 1819 4087 Regina
1865 4002 2206 4086 Hungarie
2257 4001 2571 4069 memoria
2607 4021 2928 4068 commen·

673 4111 905 4179 dantes
937 4109 1379 4195 significamus
1431 4113 1666 4194 quibus
1701 4110 1964 4197 expedit
2015 4110 2375 4195 vniuersis3
2428 4109 2599 4195 quod
2630 4109 2929 4177 uolentes

675 4219 1019 4287 consulere
1051 4219 1269 4285 anime
1319 4226 1538 4286 nostre
1586 4218 1871 4286 remedio
1922 4227 1987 4286 et
2039 4218 2276 4305 saluti,
2327 4218 2652 4302 quandam
2689 4224 2926 4284 terram

675 4332 963 4393 nostram
999 4327 1383 4410 Reginalem
1439 4326 1599 4393 Ohw
1649 4333 1991 4415 uocatam,
2038 4327 2416 4395 existentem
2472 4328 2930 4393 iuxtaterram

678 4434 979 4501 Cholnuk
1000 4486 1019 4521 ,
1084 4454 1280 4519 super
1341 4454 1469 4517 qua
1533 4455 1646 4504 sex
1709 4435 2083 4503 mansiones
2147 4434 2530 4520 populorum
2563 4442 2930 4501 nostrorum

680 4541 1003 4627 quondam
1037 4540 1434 4629 residebant,
1483 4564 1626 4611 cum
1662 4543 1957 4611 omnibus
1992 4540 2382 4610 utilitatibus
2417 4546 2481 4610 et
2513 4540 2934 4628 pertinencijs

678 4650 816 4720 suis
848 4650 1205 4738 vniuersis‚
1251 4649 1585 4741 dedimus,
1638 4650 2022 4720 donauimus
2073 4658 2140 4719 et
2186 4650 2572 4718 contulimus
2604 4648 2934 4717 sororibus
