3319 5249
1594 337 1828 432 ..2341

624 550 763 595 rum
826 528 1199 596 nullatenus
1254 526 1693 613 repetendam.
1731 526 2118 612 Obligantes
2151 549 2221 595 se
2251 529 2571 616 sepedicti
2606 531 2884 599 Samson

625 646 691 703 et
754 636 1019 723 Petrus,
1070 637 1241 720 quod
1273 634 1634 720 quicunque
1671 636 1750 701 de
1801 637 2095 720 cognatis
2131 636 2415 722 ipsorum
2479 647 2592 706 aut
2650 639 2885 706 vicinis

620 745 757 811 suis
790 745 1128 812 occasione
1189 751 1361 810 terre
1413 744 1669 829 prefate
1730 743 1992 811 eosdem
2028 741 2381 811 Oliuerium
2444 752 2509 811 et
2569 745 2885 813 Jacooum

619 872 698 918 ac
729 852 1011 939 ipsorum
1059 850 1330 918 heredes
1393 852 1741 918 molestare
1800 858 2286 939 attemptarent,
2320 852 2448 936 ipsi
2479 852 2741 920 eosdem
2775 873 2883 919 ex-

621 959 843 1046 pedire
875 964 1263 1028 tenebuntur
1292 959 1574 1045 proprijs
1626 961 1957 1028 laboribus
2010 967 2073 1027 et
2094 963 2420 1047 expensis.
2474 962 2644 1029 Mete
2666 968 2883 1028 autem

618 1066 826 1152 ipsius
861 1067 1176 1153 particule
1209 1073 1398 1153 terre,
1447 1075 1641 1152 prout
1672 1070 1739 1133 in
1792 1066 2029 1135 litteris
2083 1066 2369 1153 Capituli
2422 1068 2758 1152 Agriensis
2790 1071 2884 1136 vi-

620 1174 831 1244 dimus
861 1176 1196 1260 contineri,
1232 1175 1356 1241 hoc
1387 1175 1616 1243 ordine
1657 1173 2142 1260 distinguntur:
2196 1176 2419 1242 Prima
2448 1182 2624 1242 meta
2653 1177 2884 1263 incipit

617 1302 816 1368 super
846 1283 1164 1369 Serholm,
1196 1284 1305 1350 vbi
1336 1291 1490 1351 sunt
1519 1290 1650 1350 tres
1705 1290 1872 1351 mete
1904 1290 2147 1369 terree3
2186 1283 2423 1351 deinde
2454 1284 2745 1369 procedit
2796 1283 2881 1351 ad

618 1392 956 1460 meridiem
983 1393 1051 1462 in
1083 1393 1229 1460 sinu
1263 1393 1550 1461 eiusdem
1601 1393 1941 1462 monticuli
2005 1393 2329 1461 transiens
2377 1392 2549 1460 viam
2581 1391 2763 1459 v‘enit
2792 1391 2881 1457 ad

625 1500 865 1568 fontem
899 1501 1162 1589 Wercb,
1197 1508 1262 1569 et
1295 1508 1393 1569 est
1413 1508 1857 1569 ‘commetanea
1874 1508 2047 1570 terre
2063 1501 2185 1585 filij
2217 1491 2450 1587 Dama,
2480 1502 2666 1567 iuxta
2685 1518 2878 1582 quem

616 1609 991 1695 sepedictus
1023 1610 1238 1694 Jobag
1270 1610 1439 1678 dixit
1473 1611 1589 1698 eis,
1625 1610 1801 1694 quod
1857 1611 1950 1677 ibi
1982 1610 2048 1677 in
2084 1610 2312 1678 eodem
2347 1610 2484 1678 loco
2547 1609 2675 1677 due
2708 1616 2878 1675 mete

614 1724 821 1784 terree
856 1717 1375 1805 continebantur,
1409 1738 1686 1803 quarum
1719 1718 1912 1785 modo
1934 1738 2054 1784 nec
2095 1717 2276 1786 locus
2296 1726 2396 1785 est
2426 1720 2646 1802 visus3
2682 1737 2870 1801 aquo

614 1824 877 1908 quidem
910 1825 1052 1893 loco
1083 1823 1285 1893 tendit
1338 1846 1591 1894 sursum
1631 1846 1748 1914 per
1781 1826 2054 1893 eundem
2090 1824 2357 1915 fontem,
2392 1831 2454 1894 et
2485 1825 2722 1891 transit
2755 1825 2874 1891 vil-

611 1932 763 2017 lam,
800 1939 865 2000 et
896 1932 1185 1999 declinat
1216 1933 1303 1998 ad
1335 1932 1738 2001 occidentem
1771 1934 1947 2000 vltra
1977 1936 2191 2019 ipsum
2223 1934 2469 2000 fontem
2494 1985 2514 2020 ,
2580 1933 2690 2000 vbi
2721 1940 2873 2000 sunt

610 2041 736 2107 due
767 2046 938 2107 mete
967 2044 1196 2126 terreo,
1232 2039 1314 2106 de
1345 2040 1578 2125 quibus
1615 2039 1796 2107 vadit
1843 2040 1930 2106 ad
1962 2041 2288 2126 quandam
2327 2041 2559 2125 pirum,
2592 2042 2710 2108 sub
2743 2060 2874 2124 qua

610 2152 761 2212 sunt
790 2154 921 2214 tres
955 2154 1126 2213 mete
1157 2154 1402 2233 terree;
1442 2156 1505 2215 et
1535 2148 1624 2214 ibi
1659 2147 1998 2215 descendit
2046 2149 2114 2215 in
2165 2148 2440 2214 eundem
2493 2147 2738 2216 fontem
2770 2167 2875 2215 su-

607 2275 724 2340 per
752 2253 1093 2338 Hidegkut
1160 2254 1370 2340 (aliud
1452 2256 1790 2342 exemplar
1845 2253 2365 2344 „Hidegkuth“),
2419 2255 2531 2322 ubi
2583 2256 2787 2323 eciam
2833 2281 2873 2323 a

610 2370 792 2448 parte
825 2363 1214 2431 occidentali
1247 2364 1749 2433 conterminatur
1799 2363 2058 2450 proprie
2090 2368 2258 2430 terre
2292 2362 2579 2430 eiusdem
2613 2364 2871 2449 Jobag3

608 2469 758 2535 inde
790 2490 906 2555 per
956 2472 1236 2538 eundem
1297 2472 1540 2539 fontem
1592 2471 1807 2540 tendit
1858 2493 2112 2539 sursum
2163 2472 2252 2538 ad
2314 2478 2521 2539 ortum
2572 2472 2866 2540 eiusdem

610 2576 829 2666 fontis,
864 2579 974 2646 vbi
1006 2579 1218 2647 valles
1252 2581 1689 2667 geminantur,
1724 2587 1788 2649 et
1817 2582 1886 2648 in
1915 2598 2047 2647 vna
2081 2579 2256 2647 valle
2280 2578 2428 2665 ipsa
2458 2586 2630 2647 meta
2659 2566 2871 2647 tendit

611 2686 698 2752 ad
730 2688 1274 2774 septemtrionem,
1310 2689 1378 2754 in
1413 2706 1543 2773 qua
1565 2694 1995 2756 commetatur
2015 2709 2159 2754 cum
2186 2687 2439 2754 Thoma
2468 2688 2604 2755 filio
2645 2688 2872 2775 Voysa

611 2792 1008 2883 („Woysa“)
1041 2803 1108 2864 et
1141 2799 1435 2881 cognatis
1491 2798 1667 2882 snis;
1727 2797 1963 2864 deinde
2014 2796 2305 2882 procedit
2351 2795 2437 2861 ad
2471 2804 2678 2863 ortum
2713 2797 2871 2863 solis

607 2903 935 2970 transiens
969 2903 1038 2969 in
1070 2911 1356 2972 montem
1417 2907 1667 2974 Mesces
1734 2900 2098 2991 (‚,Mezes“)
2127 2925 2244 2991 per
2292 2912 2500 2971 metas
2534 2911 2598 2970 et
2627 2911 2871 2990 metas;

610 3007 690 3074 de
722 3029 848 3093 quo
895 3018 1112 3079 monte
1172 3012 1352 3081 venit
1413 3021 1747 3082 reuertens
1779 3014 1849 3079 in
1899 3012 2173 3079 eundem
2229 3011 2650 3078 monticulum
2676 3059 2692 3090 ‚
2754 3032 2872 3097 per

607 3137 797 3201 quem
824 3140 1098 3204 egressa
1138 3128 1238 3188 est
1269 3121 1515 3208 primo;
1552 3127 1615 3188 et
1665 3122 1749 3188 de
1796 3141 1873 3187 eo
1904 3118 2236 3188 descendit
2286 3118 2355 3185 in
2385 3120 2633 3186 fontem
2667 3117 2868 3187 Ohur-

498 3243 501 3246 ·
607 3232 714 3294 tus
762 3225 1212 3317 („Chwrtus“)
1260 3238 1588 3318 vocatum,
1622 3238 1689 3297 et
1719 3229 1811 3297 ibi
1860 3229 2026 3295 inter
2059 3227 2269 3295 vlmos
2321 3235 2474 3294 sunt
2535 3232 2667 3294 tres
2699 3236 2866 3295 mete

607 3344 851 3421 terree3
887 3336 971 3403 de
1003 3336 1238 3420 quibus
1271 3358 1386 3422 per
1434 3337 1710 3405 eundem
1759 3337 2006 3405 fontem
2035 3335 2376 3404 descendit
2423 3335 2509 3402 ad
2544 3335 2866 3419 quendam

603 3443 812 3511 locum
846 3443 913 3510 in
943 3446 1212 3528 longum
1274 3446 1465 3513 vnius
1498 3445 1743 3531 iugeris
1794 3450 2001 3531 terre,
2064 3445 2175 3511 vbi
2207 3451 2363 3511 sunt
2425 3451 2557 3511 tres
2600 3443 2865 3528 antique

605 3540 813 3621 terree
831 3558 1017 3639 mete,
1046 3552 1231 3620 iuxta
1262 3574 1423 3638 quas
1444 3560 1544 3622 est
1574 3555 1972 3622 inueteratus
1995 3558 2258 3618 truncus
2292 3550 2465 3635 pomi
2492 3548 2822 3618 radicatus
2845 3575 2863 3635 ;

604 3659 688 3726 de
718 3660 949 3746 quibus
1007 3659 1216 3729 tendit
1252 3661 1335 3728 ad
1369 3668 1498 3729 tres
1531 3668 1740 3729 metas
1773 3660 1860 3729 ad
1890 3658 2222 3727 meridiem
2257 3659 2321 3724 in
2355 3658 2500 3724 sinu
2531 3656 2861 3723 monticuli

603 3767 800 3856 sitas3
838 3768 919 3837 de
949 3771 1182 3855 quihus
1213 3769 1545 3837 asscendit
1563 3770 1632 3837 in
1664 3770 1942 3854 primam
1978 3774 2218 3833 metam
2251 3765 2638 3852 capitalem;
2671 3771 2736 3829 et
2767 3763 2862 3829 sic

603 3877 844 3945 talibus
876 3880 1064 3946 metis
1113 3879 1400 3960 antiquis
1454 3878 1763 3945 circuitur
1824 3881 1889 3945 et
1919 3874 2276 3943 continetur
2337 3872 2666 3959 particula
2695 3879 2860 3937 torre

602 3987 897 4074 superius
930 3988 1283 4072 assignate.
1316 3987 1392 4053 In
1428 3988 1607 4055 cuius
1647 3987 1744 4052 rei
1802 3984 2175 4052 memoriam
2238 3991 2304 4051 et
2350 3987 2728 4068 perpetuam
2763 3977 2861 4043 fir·

602 4094 894 4163 mitatem
928 4104 1267 4181 presentes
1287 4096 1722 4164 concessimus
1746 4095 2000 4161 litteras
2033 4092 2238 4177 sigilli
2270 4090 2472 4158 nostri
2505 4086 2860 4155 munimine

599 4204 957 4271 roboratas.
988 4205 1228 4271 Datum
1257 4225 1377 4292 per
1406 4223 1636 4270 manus
1665 4202 1968 4287 Magistri
1997 4200 2252 4266 Andree
2285 4196 2575 4265 hectoris
2636 4194 2857 4261 Eccle-

599 4311 697 4379 sie
714 4321 933 4380 nostre
965 4332 1135 4380 anno
1156 4311 1420 4380 Domini
1442 4310 1668 4379 M⁰OC⁰
1698 4311 2139 4394 nonagesimo.
2171 4305 2478 4389 Magistro
2511 4299 2855 4368 Dominico

599 4421 891 4488 Ecclesie
923 4427 1144 4488 nostre
1173 4420 1536 4506 Preposito,
1568 4420 1911 4486 Dominico
1952 4417 2245 4501 Cantore,
2268 4411 2531 4480 Juliano
2557 4407 2858 4493 Custode,

599 4527 887 4597 Oliuerio
924 4528 1297 4597 Wachiensi
1320 4526 1845 4617 („Wacyensi“),
1869 4526 2140 4593 Nicolao
2160 4521 2506 4605 Pestiensi,
2542 4516 2853 4600 Chepano

598 4639 685 4714 de
713 4639 964 4705 Zolnuk
983 4689 1001 4725 ,
1057 4640 1377 4707 Chullano
1443 4636 1959 4721 Chengradiensi
2019 4629 2509 4699 Archidiaconis
2569 4627 2845 4714 aliisque
