3319 5249
1305 360 1439 427 509

237 549 429 617 Ohak
457 550 627 618 Bani
677 551 1004 637 quandam
1055 555 1540 641 possessiouem
1589 555 1896 645 ipsorum,
1947 559 2317 643 porcionem
2380 561 2497 629 Mi-

235 657 491 727 chaelis
520 658 638 745 filij
672 661 986 729 Tristiani
1018 663 1083 729 in
1115 663 1308 749 Royk
1341 664 1747 752 existentem,
1783 665 1903 733 sub
1937 666 2182 734 eisdem
2208 668 2399 735 metis
2435 674 2501 734 et

236 768 552 855 terminis,
586 768 822 851 quibus
853 769 1027 837 idem
1078 771 1356 838 Michael
1408 772 1720 857 possedit,
1777 771 2213 842 uendiderunt
2263 773 2500 841 Comiti

235 871 461 940 Ochuz
490 875 624 943 filio
655 875 922 945 Comitis
952 878 1175 945 Buzad
1206 877 1391 945 fratri
1421 880 1773 948 eorundem
1806 880 1873 946 in
1905 881 2180 967 triginta
2237 882 2495 967 marcis,

236 989 305 1048 et
334 1001 454 1069 per
485 1003 631 1050 eum
661 986 796 1052 suis
825 985 1181 1054 heredibus
1214 986 1658 1073 heredumque
1708 1008 1967 1056 suorum
2018 990 2499 1059 successoribus

236 1092 377 1158 inre
387 1099 704 1178 perpetuo
736 1100 802 1159 et
820 1094 1339 1163 irreuocabiliter
1356 1095 1840 1183 possidendam,
1861 1084 2138 1182 pecunia
2157 1098 2494 1183 persoluta

241 1204 645 1286 receptaque
664 1221 884 1268 eoram
915 1202 1101 1271 nobis
1138 1223 1217 1269 ex
1268 1203 1543 1289 integro.
1596 1202 1891 1271 Dicimus
1945 1204 2173 1291 eciam,
2222 1206 2393 1292 quod
2443 1208 2503 1274 si

240 1328 547 1399 processu
578 1315 932 1395 temporum
966 1310 1263 1395 predicta
1291 1311 1591 1378 uendioio
1622 1332 1739 1397 per
1775 1312 2147 1396 quempiam
2168 1314 2236 1379 in
2257 1311 2496 1381 disces·

241 1413 445 1482 sionis
475 1400 835 1507 materiam,
856 1420 961 1486 vel
993 1439 1245 1504 quoquo
1266 1419 1457 1487 modo
1474 1426 1891 1488 reuocaretur
1906 1420 1975 1487 in
1995 1420 2245 1489 irritum
2267 1447 2282 1508 ;
2307 1421 2504 1507 ijdem

241 1523 565 1609 Magister·
586 1527 810 1595 Buzad
844 1534 911 1595 et
940 1527 1143 1596 frater
1174 1530 1383 1616 ipsius
1414 1528 1739 1613 prenotati
1770 1529 2148 1614 obligarunt
2173 1550 2247 1600 se
2281 1550 2501 1598 coram

241 1634 454 1720 nobis,
489 1635 799 1704 Comitem
832 1634 1072 1723 Ochus,
1111 1636 1215 1703 uel
1243 1644 1395 1723 post
1426 1657 1573 1704 eum
1605 1656 1757 1704 suos
1808 1645 2127 1726 posteros,
2161 1640 2244 1706 ab
2295 1640 2501 1707 omni-

243 1741 369 1811 bus
392 1745 854 1813 exaccionibus
886 1764 1231 1813 causarum
1264 1747 1528 1813 racione
1558 1752 1731 1813 terre
1762 1744 2213 1815 deuolutarum
2271 1767 2498 1834 supra·

250 1849 427 1918 dicte
455 1854 743 1940 proprijs
774 1854 1125 1938 laboribus,
1156 1853 1521 1940 sumptibus
1551 1860 1617 1920 et
1666 1855 1971 1942 expensis
2030 1855 2365 1941 expedire.
2421 1857 2500 1921 In

246 1959 432 2028 euius
464 1963 560 2030 rei
588 1961 1028 2030 testimonium
1061 1963 1562 2048 memoriamque
1591 1963 1943 2031 firmiorem
1981 1969 2318 2048 presentes
2339 1983 2492 2030 con·

132 2100 137 2105 ·
247 2069 562 2158 cessimus
593 2070 799 2156 sigilli
829 2072 1032 2140 nostri
1065 2071 1418 2139 munimine
1449 2070 1811 2140 roboratas.
1847 2072 2090 2139 Datum
2122 2089 2294 2139 anno
2342 2091 2487 2157 gra·

252 2178 346 2245 cie
372 2176 617 2247 Μ”ΩΟο
646 2180 1048 2264 octagesimo
1082 2201 1273 2249 nono.

259 2395 527 2461 (Eredetie
551 2394 879 2464 bb'rbfirtyiu
904 2394 1360 2466 hkrtyazsinegen
1386 2400 1556 2466 sugg&
1578 2397 1766 2467 penset
1791 2397 1963 2463 alatt3
1988 2412 2023 2448 a
2048 2398 2217 2450 budai
2245 2398 2347 2450 kir.
2400 2399 2497 2451 ka·

1075 2490 1246 2541 marai
1289 2486 1673 2554 leveltdrban.)

1162 2777 1588 2787 ———n-———

1313 3244 1468 3314 368.

260 3450 321 3514 A
349 3450 647 3516 zalavdri
703 3448 1086 3514 lconventnek
1145 3446 1699 3532 bizonysciqlevele,
1751 3446 1914 3530 hoqy
1976 3443 2215 3509 Miklds
2279 3464 2507 3529 comes,

263 3557 447 3625 Chdk
466 3559 595 3625 ὀάη
610 3556 845 3642 fidnak
906 3567 1183 3644 &z-veyye,
1215 3559 1278 3621 6⁸
1338 3552 1633 3620 Hem-bord
1697 3575 1891 3619 comes
1952 3549 2349 3615 Lankretnek
2397 3549 2506 3633 fia

260 3665 463 3754 Kutfd
498 3676 656 3732 nevil
688 3668 1060 3733 birtokukat
1106 3689 1324 3753 uyyan
1364 3664 1567 3731 Ochuz
1617 3662 1933 3728 comemk
1984 3658 2262 3726 eladtdk.
2313 3659 2509 3726 1289.

473 3886 612 3953 Nos
644 3883 845 3952 frater
879 3883 1174 3950 Andreas
1208 3879 1632 3949 miseracione
1686 3876 1931 3944 Diuiua
1979 3873 2204 3941 Abbas
2252 3871 2512 3939 Zaladi-

262 3993 439 4061 ensis
473 4000 538 4061 et
569 4000 742 4060 totus
772 3990 1061 4059 eiusdem
1114 3989 1241 4059 loci
1292 3987 1686 4073 conuentus,
1739 3984 1824 4050 ad
1875 3983 2320 4049 uniuersorum
2373 3986 2508 4047 tam

261 4101 671 4188 presencium
703 4121 894 4185 quam
958 4107 1363 4186 posterorum
1426 4094 1734 4163 noticiam
1796 4091 2096 4158 volumus
2158 4086 2516 4174 peruenire

259 4211 660 4298 presencium
693 4233 809 4299 per
838 4219 1163 4279 tenorem:
1199 4206 1372 4294 quod
1405 4204 1666 4272 domina
1694 4200 1926 4268 relicta
1959 4198 2229 4265 Comitis
2250 4195 2511 4263 Nicolai

261 4320 376 4407 filij
417 4320 607 4388 chak
639 4321 827 4407 Bani,
862 4325 926 4385 et
958 4318 1190 4385 Comes
1221 4313 1597 4382 Herbordus
1629 4310 1803 4377 filius
1858 4303 2220 4392 Lanereoij,
2274 4305 2378 4370 oui
2432 4324 2513 4371 ea

261 4428 409 4498 dem
449 4429 713 4496 domina
742 4434 946 4495 totam
978 4446 1247 4493 causam
1279 4443 1463 4492 suam
1497 4419 1680 4494 dedit
1705 4424 1770 4487 et
1800 4413 2048 4481 dimisit
2078 4432 2195 4497 pro
2227 4431 2300 4478 se
2318 4431 2515 4496 quou-

262 4539 416 4606 dam
448 4539 533 4606 ab
565 4558 696 4605 una
726 4543 1007 4623 parte,et
1038 4534 1267 4603 Comes
1317 4530 1537 4602 Ochuz
1583 4527 1760 4595 filius
1809 4520 2105 4609 Magistri
2158 4519 2380 4589 Buzad
2431 4521 2516 4589 ab

258 4649 470 4717 altera
501 4667 720 4716 coram
754 4645 943 4714 nobis
973 4642 1404 4733 personaliter
1436 4634 1810 4722 coustituti3
1847 4627 2080 4699 eadem
2113 4627 2382 4695 domina
2417 4628 2502 4696 si-
