3319 5249
1743 438 1758 443 ,
1824 344 1959 443 4⁷⁴

752 540 1169 625 novitatibus,
1199 539 1648 608 invasionibus
1683 548 1748 607 et
1808 539 2155 607 insultibus
2187 557 2453 623 prorsus
2502 541 2841 609 abstinere
2874 563 3020 628 pro·

751 655 991 730 curent,
1054 666 1135 712 ex
1194 652 1379 732 parte
1440 652 1664 713 nostra
1686 698 1706 733 ,
1742 648 1928 713 iuxta
1979 646 2202 714 datam
2278 646 2399 713 tibi
2450 668 2494 714 a
2545 648 2832 716 Domino
2885 669 3028 734 gra·

751 758 953 840 tiam,
984 771 1252 819 moneas
1314 761 1377 820 et
1436 751 1712 819 inducas
1735 802 1753 836 ,
1804 771 1955 836 eos,
2019 753 2077 819 si
2122 772 2289 839 opus
2341 753 2575 839 fuerit,
2629 754 2713 822 ad
2764 758 3023 824 restitn-

750 866 992 931 tionem
1056 868 1121 928 et
1179 862 1659 928 revocationem
1725 860 1988 929 easdem
2053 880 2170 946 per
2229 881 2572 931 censuram
2625 863 3023 932 ecclesiasti—

752 991 895 1038 cam
928 962 1328 1055 apellatione
1361 972 1611 1033 remota
1640 967 2092 1054 compellendo
2112 1020 2132 1055 ,
2197 967 2655 1038 nichilominus
2686 989 2807 1057 per
2837 991 2914 1039 se
2942 989 3020 1038 ac

751 1078 948 1145 etiam
981 1073 1444 1163 stipendiarios
1500 1082 1565 1141 et
1626 1074 1795 1141 alios
1827 1074 2245 1160 supradictos
2292 1095 2337 1142 a
2366 1076 2796 1160 novitatibus,
2838 1078 3020 1147 inva-

754 1185 1048 1254 sionibus
1078 1190 1146 1251 et
1173 1182 1528 1250 insultibus
1580 1182 2075 1266 quibuscunque
2107 1183 2369 1249 omnino
2399 1183 2816 1270 abstineant3
2851 1196 2919 1255 et
2949 1195 3021 1255 nt

748 1294 873 1379 ipsi
906 1290 1316 1378 stipendiarij
1370 1309 1484 1358 seu
1535 1289 1773 1357 armati
1825 1290 1909 1357 de
1944 1290 2279 1375 provincia
2327 1291 2479 1377 ipsa
2528 1312 2602 1360 se
2654 1294 3016 1380 absentent,

750 1420 1027 1469 censura
1058 1398 1257 1467 simili
1293 1396 1805 1483 compescendo;
1834 1397 2146 1483 predictis
2166 1398 2334 1466 Duci
2366 1405 2431 1467 et
2461 1400 2803 1467 Communi
2833 1421 3018 1487 aper·

748 1509 878 1576 tius
910 1523 1350 1592 expressurus,
1384 1501 1556 1589 quod
1586 1504 1645 1569 si
1679 1502 1845 1571 forte
1897 1502 1965 1570 in
1998 1504 2407 1591 Ciuitatibus,
2471 1506 2742 1590 Castris,
2809 1509 3011 1592 villis,

748 1616 955 1700 terris,
989 1620 1054 1680 et
1087 1613 1245 1679 locis
1274 1610 1547 1699 prefatis
1578 1612 1682 1677 ius
1715 1610 2002 1698 aliquod,
2053 1612 2225 1680 sicut
2252 1612 2626 1700 predicitur,
2662 1634 2735 1681 se
2770 1614 3012 1682 habero

749 1720 1163 1805 contendunt,
1201 1726 1623 1806 compareant
1685 1739 1800 1805 per
1830 1719 2172 1806 syndicum
2204 1721 2312 1788 vel
2345 1722 2827 1808 procuratorem
2858 1722 3017 1808 ydo¹¹

746 1849 939 1896 neum
971 1827 1144 1895 infra
1175 1825 1536 1913 predictum
1592 1828 1935 1894 terminum
1998 1847 2215 1894 coram
2267 1828 2452 1896 nobis
2503 1829 2755 1916 paratis
2789 1828 3007 1898 facere

745 1936 907 2020 ipsis
940 1934 1485 2020 complementum
1534 1932 1790 2001 iustitie
1845 1932 2154 2003 exhiberi.
2220 1933 2409 2011 Quod
2440 1944 2656 2003 autem
2691 1937 2833 2003 fieri
2866 1956 3020 2003 con—

752 2043 973 2128 tigerit
1046 2041 1114 2108 in
1146 2039 1270 2108 hac
1298 2047 1523 2129 parte,
1588 2040 1776 2108 nobis
1829 2061 1944 2128 per
1976 2049 2122 2110 tuas
2185 2042 2440 2111 litteras
2506 2044 2739 2111 harum
2771 2045 3006 2112 seriem

745 2151 1152 2218 continentes
1185 2149 1452 2217 studeas
1487 2150 1746 2235 plenius
1799 2151 2145 2237 explicare.
2182 2152 2424 2218 Datum
2458 2153 2663 2220 Reate
2691 2152 2836 2220 XV.
2899 2152 3008 2218 ka-

745 2259 976 2326 lendas
1008 2256 1412 2342 Septembris
1442 2256 1870 2326 Pontificatus
1901 2264 2111 2326 nostri
2142 2279 2317 2326 anno
2348 2262 2579 2346 primo.

747 2455 1017 2519 (Theiner,
1050 2456 1248 2508 Vetera
1274 2454 1941 2507 Monumentosslavorum
1961 2454 2403 2510 Meridionalium
2427 2458 2707 2511 historiam
2733 2458 3012 2512 illustran-

1610 2548 1690 2598 tia
1717 2545 1760 2595 1.
1789 2545 1902 2601 kat.
1943 2548 2063 2597 104.
2085 2546 2147 2612 1.)

1794 3348 1952 3416 340.

742 3547 861 3613 IV.
895 3549 1335 3634 Mikldspdpa
1358 3571 1399 3611 a
1412 3551 1704 3634 peclinai
1725 3548 2021 3635 apa'tnak
2046 3550 2458 3634 meqhayw‘a,
2481 3552 2644 3636 11on
2663 3529 3014 3621 a’cottarm’

740 3657 1068 3742 paspokot
1097 3678 1175 3722 az
1239 3657 1449 3720 ottani
1497 3654 2069 3722 domokosrendiek
2104 3656 2259 3720 ellen
2290 3657 2613 3722 elkovetett
2641 3659 3017 3744 kiha'ydsok

1128 3762 1519 3850 tdrqydban,
1552 3787 1595 3827 a
1628 3766 1843 3829 rdmai
1872 3764 2017 3828 sak
2053 3764 2147 3828 ela
2175 3764 2402 3830 ideae.
2437 3765 2630 3830 1288.

953 3977 1268 4045 Nicolaus
1299 3975 1664 4061 Episcopus
1697 3995 1923 4044 servus
1956 3993 2290 4042 servorum
2322 3975 2444 4042 Dei
2465 3975 2704 4042 dilecto
2771 3971 2910 4046 lio.
2938 4027 2954 4044 .
2979 4027 2995 4044 .

740 4085 982 4155 Abbati
1011 4084 1390 4170 Monasterij
1424 4083 1647 4151 Sancti
1681 4082 2017 4152 Michaelis
2050 4083 2134 4151 de
2164 4083 2431 4150 Peclina
2458 4084 2794 4166 Ragusine
2847 4086 3000 4152 Dio·

738 4193 925 4280 cesis,
958 4192 1239 4261 salutem
1272 4197 1339 4259 et
1367 4190 1813 4277 Apostolicam
1856 4189 2390 4257 benedictionem.
2445 4189 2684 4256 Petitio
2735 4190 3010 4258 dilecto·

737 4322 878 4370 rum
941 4300 1215 4367 filiorum
1251 4348 1268 4364 .
1303 4349 1319 4366 .
1356 4347 1371 4363 .
1423 4298 1667 4365 Prioris
1716 4304 1782 4364 et
1841 4294 2113 4362 fratrum
2176 4296 2441 4364 Ordinis
2505 4294 3010 4365 Predicatornm

737 4410 1229 4480 catharensium
1265 4407 1451 4476 nobis
1483 4406 1775 4475 exhibita
1836 4405 2269 4486 continebant,
2298 4406 2475 4490 quod
2528 4426 2673 4474 cum
2723 4403 2873 4490 ipsi,
2922 4423 3012 4472 ac

740 4518 1069 4605 quondam
1102 4516 1428 4603 Urbanus,
1462 4522 1618 4583 tunc
1647 4534 1869 4582 eorum
1898 4514 2105 4599 Prior,
2142 4513 2385 4581 dudum
2419 4512 2486 4579 in
2521 4511 2808 4580 ecelesia
2837 4510 3005 4578 San-

738 4629 826 4695 cti
858 4625 1298 4695 Bartholomei
1332 4624 1752 4695 Catharensis
1775 4671 1794 4709 ,
1860 4624 1954 4690 eis
1983 4642 2027 4688 a
2087 4620 2449 4691 venerabili
2511 4620 2719 4686 fratre
2778 4625 3011 4686 nostro
