3319 5249
1845 366 1977 435 316

780 568 1008 650 metas,
1056 582 1324 649 quarum
1357 583 1490 632 una
1520 563 1605 630 ab
1636 562 1977 632 occidente
2008 571 2107 633 est
2138 572 2307 633 terre
2337 565 2613 653 Bozyas,
2646 566 2732 634 ab
2767 564 3014 633 oriente

780 679 949 740 terre
996 671 1385 760 Hydegsed3
1435 671 1674 739 abinde
1720 672 1961 740 directe
2012 674 2217 761 uenit,
2269 681 2333 739 et
2378 677 2577 740 intrat
2625 672 3015 742 transeundo

781 800 1084 866 magnam
1131 782 1301 847 viam
1351 780 1689 847 ducentem
1737 781 2223 868 in·Suprunium
2253 782 2319 847 in
2352 782 2603 871 Ferteu,
2634 783 2744 850 ubi
2774 781 3025 850 habent

785 889 926 955 iura
977 887 1146 954 dicte
1200 887 1633 974 possessiones
1670 887 1736 953 in
1764 886 2052 974 piscinis,
2083 888 2334 974 fenetis,
2367 890 2550 973 aquis
2582 896 2644 954 et
2675 889 2825 974 alijs
2857 890 3025 956 vtili·

782 997 1042 1083 tatibus,
1099 1016 1224 1080 que
1257 998 1495 1065 eisdem
1527 996 2037 1084 possessionibus
2086 1002 2451 1082 competunt
2479 996 2563 1063 ab
2596 999 2856 1082 antiquo
2892 1020 2909 1080 3
2958 1006 3027 1064 et

783 1105 930 1172 istis
977 1106 1166 1172 metis
1215 1104 1384 1173 dicte
1423 1106 1861 1191 possessiones
1893 1105 2322 1172 includuntur.
2353 1105 2430 1172 In
2459 1106 2637 1175 cuius
2666 1106 2760 1173 rei
2791 1113 3027 1174 memo·

787 1212 948 1279 riam
1003 1217 1066 1279 et
1114 1220 1488 1300 perpetuam
1536 1214 1898 1281 firmitatem
1949 1220 2280 1300 presentes
2311 1215 2740 1281 concessimus
2773 1214 3029 1280 litteras

785 1320 1133 1388 munimine
1183 1322 1383 1389 nostri
1424 1323 1619 1408 sigilli
1650 1323 2003 1408 roboratas,
2036 1343 2206 1389 anuo
2236 1323 2493 1390 Domini
2525 1323 2616 1387 M⁰
2648 1321 2779 1389 CC⁰
2809 1334 3031 1391 octua-

785 1430 1029 1514 gesimo
1077 1430 1301 1517 primo.
1353 1431 1659 1514 Magistro
1713 1429 2070 1498 Carachino
2101 1429 2386 1497 Ecclesie
2419 1435 2633 1498 nostre
2663 1432 3027 1519 Preposito‚
3074 1467 3079 1471 ·

785 1536 1067 1603 Abraam
1120 1535 1410 1624 Cantore,
1461 1538 1798 1606 Dominico
1846 1540 2133 1624 Lectore,
2164 1538 2402 1625 Mykon
2436 1538 2714 1606 Custode
2747 1540 3022 1605 existen-

789 1646 981 1712 tibus.

794 1844 1062 1903 (Eredetio
1083 1841 1424 1910 barbam-an,
1443 1847 1670 1913 molyrtil
1713 1863 1747 1899 a
1779 1845 1959 1916 pecset
1982 1848 2278 1900 ιὸῙᾶ-νὸτὸο
2302 1845 2753 1913 sclycmzsinoron
2779 1846 2911 1916 sugg
2938 1868 2951 1910 ς
2983 1865 3018 1900 a.

786 1932 946 1985 budai
976 1935 1075 1985 kir.
1103 1934 1344 1986 kamarai
1372 1933 1725 1988 leveltaeirban.
1753 1935 1869 1988 Mas
1896 1939 2096 1990 credeti
2124 1935 2393 2008 peldlinya
2417 1934 2695 1989 talziltatik
2722 1954 2757 1988 a.
2782 1945 3017 1991 nemzeti

1527 2044 1770 2083 muzeum
1797 2025 2265 2094 kezirattfiidban.)

1685 2334 2105 2348 m*

1826 2853 1977 2921 225.

789 3076 852 3143 A
899 3078 1090 3165 9ῃὸνί
1140 3074 1574 3161 kdptalannak
1633 3072 2192 3160 bizonysdqlevcle,
2244 3075 2411 3162 hoqy
2478 3070 2760 3162 Vlchcy-t’
2808 3074 3023 3139 Jakab

795 3185 907 3253 Ost
953 3185 1407 3272 nemetce'qbcli
1456 3182 1725 3269 Gcrqely
1774 3184 2090 3248 comcsnek
2135 3206 2211 3248 az
2239 3184 2428 3248 ellone
2456 3183 2775 3257 cllcc‘ivetett
2812 3182 3021 3246 haial-

878 3292 1297 3361 maskoddsok
1328 3290 1789 3378 kienqesztele'se
1826 3295 2017 3378 ve'qett
2050 3287 2461 3376 Gyolokdban
2487 3290 2623 3355 le'vo'
2654 3291 2929 3357 birtoka't

1618 3399 1955 3485 dtenqcclte.
1992 3397 2185 3466 1281.

1307 3634 1367 3700 A
1883 3634 1937 3699 Β
2452 3633 2501 3701 C

1001 3812 1365 3904 Capitulum
1412 3813 1769 3883 Jauriensis
1816 3813 2108 3882 Ecclesie
2137 3812 2429 3881 omnibus
2461 3811 2695 3882 Christi
2723 3814 3023 3884 fidelibus

783 3930 1141 4014 presentem
1189 3924 1497 4011 paginam
1545 3923 1927 4009 inspecturis
1978 3922 2252 3990 salutem
2289 3922 2357 3988 in
2391 3922 2665 3990 Domino
2696 3925 3025 4012 sempiter-

787 4054 958 4101 nam.
1009 4031 1114 4101 Ad
1164 4034 1600 4100 vniuersorum
1648 4031 1952 4098 noticiam
2012 4037 2231 4098 tenore
2278 4029 2678 4116 presencium
2729 4032 3023 4099 volumus

787 4142 1143 4231 peruenire,
1192 4140 1362 4226 quod
1410 4139 1709 4207 Jakabus
1758 4139 1928 4206 filius
1976 4137 2304 4205 Zubuzlou
2354 4137 2436 4203 de
2486 4136 2735 4222 Vlchey
2778 4144 2859 4205 ab
2891 4160 3024 4207 una

786 4257 992 4338 parte,
1045 4250 1270 4317 Comes
1321 4247 1672 4333 Gregorius
1720 4247 1886 4315 filius
1933 4246 2112 4314 Petri
2162 4246 2243 4312 de
2289 4264 2531 4329 genere
2566 4244 2676 4313 Osl
2711 4247 2793 4312 ab
2825 4249 3026 4314 altera

789 4380 1006 4428 coram
1038 4359 1223 4427 nobis
1254 4357 1603 4442 constituti,
1637 4355 1809 4423 idem
1842 4355 2135 4424 Jakabus
2163 4360 2461 4441 presente
2491 4355 2740 4422 Jacobo
2758 4354 2894 4422 filio
2913 4377 3025 4424 suo

789 4474 1077 4554 quartam
1111 4474 1359 4554 partem
1388 4470 1556 4533 terre
1588 4464 1914 4552 Gyolokc„
1946 4482 2136 4548 quam
2169 4461 2459 4528 dominus
2477 4460 2636 4528 Bela
2651 4462 2788 4528 Rex
2820 4461 3023 4531 felicis

792 4576 1265 4646 recordacionis
1298 4574 1522 4643 *eidem
1572 4574 1867 4643 Jakabus
1911 4593 2025 4660 pro
2055 4571 2300 4640 meritis
2330 4570 2745 4639 seruiciorum
2770 4592 3026 4640 suorum

785 4687 1164 4783 contulerat,
1194 4684 1364 4763 siout
1393 4684 1461 4761 in
1491 4682 1775 4759 eiusdem
1808 4680 2150 4780 priuilegio
2170 4679 2448 4757 uidimus
2466 4682 2799 4779 contineri,
2819 4681 3026 4757 eidem
