3319 5249
1319 367 1448 434 517

232 564 577 648 nostrique
609 564 919 649 heredes,
973 564 1192 631 habito
1226 572 1587 632 nostrorum
1624 555 1980 630 amicorum
2013 560 2308 640 consilio,
2341 562 2500 629 viris

229 672 525 758 ydoneis
558 694 637 739 ac
668 672 959 741 honestis
991 673 1399 740 Theodorico
1438 672 1518 738 de
1548 669 1967 752 Mulbach‚et
1997 670 2286 736 Luduico
2319 669 2502 736 fratri

228 800 361 846 suo
398 800 519 847 nec
550 800 678 846 non
713 781 1198 848 successoribus
1231 800 1450 847 eorum
1472 832 1490 865 ,
1553 779 1789 845 siluam
1829 797 1954 861 que
1984 776 2173 843 Rvda
2205 782 2497 862 uocatur,

225 888 418 953 circa
451 888 636 974 alpes
667 888 858 954 sitam
883 939 899 970 ‚
934 908 1127 972 quam
1160 909 1201 954 a
1230 888 1439 970 Regia
1495 886 1736 951 Gracia
1805 882 2221 968 obtinuimus,
2254 881 2499 949 eisdem

223 995 632 1063 contulimus
663 1016 777 1081 pro
807 1016 979 1064 noua
1040 995 1205 1061 uilla
1235 994 1535 1078 locanda,
1572 1013 1719 1059 cum
1752 991 1925 1057 omni
1988 993 2126 1057 iure
2160 990 2497 1075 Cypsensi,

224 1123 364 1185 qne
396 1105 729 1187 wlgariter
758 1105 811 1169 L
830 1125 873 1170 a
892 1125 932 1168 n
955 1110 981 1169 t
1005 1103 1045 1168 h
1067 1124 1103 1171 e
1124 1122 1160 1168 c
1180 1123 1215 1169 c
1237 1124 1275 1170 e
1324 1101 1525 1169 debet
1589 1099 1968 1184 nuncupari.
2003 1097 2279 1182 Insuper
2311 1106 2496 1181 quot·

221 1208 407 1293 quod
441 1209 640 1279 uillas
670 1211 737 1277 in
768 1213 1023 1297 prefata
1054 1211 1229 1281 silua
1249 1208 1572 1295 potuerint
1606 1213 2001 1290 construere,
2038 1206 2243 1272 libere
2276 1212 2492 1273 contu—

222 1317 430 1386 limus
464 1319 908 1386 excolendam.
939 1317 1076 1384 Hec
1097 1315 1271 1405 (igy.)
1308 1323 1461 1384 sunt
1496 1322 1702 1384 mete:
1737 1316 1955 1381 Prima
1978 1313 2205 1397 incipit
2237 1335 2278 1378 a
2310 1314 2489 1398 uilla,

219 1446 358 1510 que
390 1425 667 1509 Birbury
700 1432 987 1512 vocatur,
1018 1432 1083 1492 et
1111 1423 1316 1492 tendit
1375 1423 1463 1491 ad
1492 1424 1760 1490 fluuium
1780 1475 1801 1510 ‚
1864 1424 1976 1505 qui
2025 1422 2188 1489 Bela
2222 1419 2487 1508 dicitur3

214 1532 468 1601 deinde
517 1533 602 1599 ad
649 1538 899 1600 montes
956 1533 1181 1600 niueos
1243 1550 1450 1615 usque
1510 1528 1598 1597 ad
1671 1529 1975 1596 terminos
2034 1528 2486 1614 Polonicales;

214 1640 470 1707 abinde
501 1640 592 1707 ad
624 1648 899 1708 montem
922 1640 1303 1708 orientalem
1330 1662 1346 1723 3
1382 1646 1446 1705 et
1465 1639 1563 1705 sic
1582 1636 1852 1706 redeunt
1884 1637 1972 1705 ad
2003 1638 2230 1705 uillam
2264 1658 2485 1724 supra-

212 1748 487 1816 dictam.
508 1746 633 1825 Qui
656 1748 914 1817 racione
944 1749 1295 1815 locacionis
1327 1754 1603 1832 quatuor
1633 1766 1901 1815 mansos
1936 1747 2195 1832 liberos,
2231 1753 2485 1813 sextum

213 1856 561 1926 denarium
596 1859 992 1943 censualem,
1027 1856 1299 1924 tercium
1332 1855 1415 1922 de
1465 1854 1726 1942 iudicio,
1762 1853 2203 1922 molendinum
2239 1860 2303 1922 et
2335 1856 2480 1922 bra·

210 1968 532 2033 satoriam
554 1967 692 2032 iure
712 1964 1099 2032 hereditario
1132 1963 1573 2050 possidebunt.
1607 1962 1922 2030 Omnibus
1956 1970 2170 2029 autem
2204 1962 2291 2028 ad
2312 1962 2483 2028 hanc

211 2073 621 2143 locacionem
659 2072 1088 2158 uenientibus,
1142 2090 1526 2155 quocunque
1591 2089 1764 2138 anno
1798 2071 1906 2138 uel
1940 2076 2230 2155 tempore
2264 2090 2480 2155 super·

209 2182 536 2269 uenerint,
571 2180 727 2247 XVI
777 2200 1094 2249 annorum
1128 2177 1522 2247 contulimus
1552 2178 1959 2261 libertatem3
1991 2179 2224 2261 quibus
2259 2181 2475 2266 exple-

208 2292 302 2357 tis
335 2288 615 2374 singulis
646 2290 833 2355 annis
874 2288 958 2355 de
990 2287 1281 2373 quolibet
1330 2307 1556 2355 manso
1607 2307 1804 2352 vnum
1856 2285 2169 2377 fertonem
2223 2289 2473 2356 vsualis

207 2398 475 2481 argenti
507 2403 571 2464 ct
618 2395 903 2463 terrestri
958 2392 1126 2482 (igy)
1177 2392 1486 2480 ponderis
1536 2394 1603 2460 in
1651 2392 2161 2461 Resurreccione
2208 2394 2471 2462 Domini

207 2505 473 2573 soluere
505 2506 908 2574 tenebuntur.
953 2506 1258 2572 Preterea
1289 2503 1356 2570 in
1389 2504 1869 2572 uenacionibus
1902 2510 1967 2571 et
1997 2502 2473 2590 piscacionibus

204 2613 492 2682 liberam
526 2613 811 2682 habeant
841 2613 1231 2682 facultatem.
1266 2614 1430 2681 Item
1464 2613 1520 2680 si
1551 2613 1942 2700 aurum,.uel
1974 2617 2337 2699 argentum,
2358 2619 2475 2680 aut

209 2723 349 2790 eris
382 2724 717 2792 metallum
748 2731 1069 2810 repertum
1094 2721 1308 2803 fuerit,
1340 2721 1517 2806 ipsos
1538 2722 1835 2789 uolumus
1853 2740 1895 2787 a
1916 2720 2221 2807 porcione
2253 2741 2471 2788 eorum

201 2852 343 2899 non
372 2831 625 2918 repelli.
656 2831 934 2899 Soltetos
966 2849 1119 2897 uero
1151 2849 1295 2896 cum
1351 2828 1598 2897 Juratis
1648 2829 1946 2896 uolumus
1978 2827 2196 2895 omnia
2227 2828 2470 2895 iudicia

198 2938 539 3025 iudicare;
569 2938 663 3006 ita
693 2945 933 3023 tamen,
967 2944 1038 3004 ut
1067 2938 1254 3004 nobis
1287 2936 1487 3005 nichil
1540 2937 1851 3025 depereat
1878 2936 2091 3005 nostri
2122 2936 2303 3026 iuris.
2353 2937 2467 3003 Ec·

201 3047 414 3115 clesie
445 3048 804 3117 libertatem
839 3050 1135 3116 uolumus
1152 3066 1519 3133 procurare,
1553 3048 1656 3113 cui
1696 3044 1902 3114 eciam
1936 3066 2137 3112 unum
2168 3064 2464 3112 mansum

197 3157 482 3223 liberum
511 3177 629 3242 pro
664 3155 814 3224 dote
846 3154 1114 3240 damus;
1150 3156 1505 3224 secundum
1538 3173 1694 3222 vero
1728 3172 2021 3222 mansum
2053 3172 2168 3238 pro
2201 3151 2464 3238 pascuis

194 3263 585 3330 animalium
619 3263 773 3331 uille
804 3261 1232 3348 assignamus.
1270 3261 1386 3328 -Vt
1433 3269 1648 3329 autem
1683 3262 1804 3328 hec
1835 3260 2051 3327 omnia
2080 3265 2221 3327 rata
2253 3265 2319 3328 et
2349 3259 2463 3325 im-

195 3370 547 3439 mutabilia
577 3392 618 3439 a
662 3371 850 3440 nobis
899 3377 966 3438 et
1026 3369 1263 3438 nostris
1326 3370 1603 3456 posteris
1666 3367 1986 3438 inuiolata
2022 3376 2461 3455 permaneant,

195 3486 573 3566 presentem
650 3479 963 3566 paginam
1027 3477 1327 3545 dedimus
1390 3478 1599 3544 nostri
1680 3475 1878 3561 sigilli
1948 3476 2302 3543 munimine
2360 3496 2459 3542 ro·

194 3588 517 3655 boratam.
552 3588 627 3655 [n
659 3587 843 3656 cuius
874 3586 1077 3654 eciam
1138 3585 1407 3653 maioris
1461 3583 1782 3651 firmitatis
1841 3581 2311 3671 plenitudinem
2345 3584 2454 3650 ho·

192 3694 593 3763 norabilium
656 3695 936 3761 uirorum
963 3746 980 3779 ,
1016 3694 1318 3780 Magistri
1349 3692 1583 3761 Jacobi
1627 3691 1950 3777 Prepositi
1985 3690 2065 3758 de
2111 3689 2331 3776 Cypis,
2393 3699 2459 3757 et

191 3802 447 3871 domini
476 3802 798 3871 Johannis
849 3801 1122 3870 Abbatis
1162 3801 1243 3869 de
1275 3799 1519 3867 Ordine
1554 3799 1987 3886 Cysterciensi
2021 3798 2245 3883 sigilla
2296 3800 2457 3882 peti·

191 3910 412 3978 uimus
442 3908 895 3996 appendenda.
950 3912 1115 3976 Acta
1164 3916 1316 3976 sunt
1366 3909 1486 3976 hec
1535 3928 1752 3977 coram
1803 3909 2051 3977 Juratis
2100 3910 2319 3991 Terre,
2354 3908 2456 3972 Ti-

187 4021 347 4086 lone
379 4017 686 4086 uidelicet
716 4018 999 4102 Antiquo
1031 4019 1070 4085 J
1079 4017 1266 4084 udice
1320 4018 1404 4085 de
1437 4017 1617 4102 Bela‚
1684 4022 1749 4084 et
1782 4016 2083 4084 Cunrado
2118 4016 2252 4082 filio
2289 4016 2452 4101 Gys-

185 4123 312 4194 leri
346 4123 430 4193 de
489 4125 851 4194 Meinhardi
883 4126 1069 4194 Uilla
1086 4175 1106 4210 ‚
1172 4131 1233 4190 et
1286 4125 1438 4210 aliis
1502 4145 1697 4209 quam
1732 4123 2048 4210 pluribus.
2114 4121 2353 4192 Datum
2386 4126 2453 4192 in

187 4236 514 4321 Lumpniz
578 4232 644 4299 in
693 4234 860 4302 festo
921 4233 1172 4302 Pasche
1192 4287 1213 4322 ,
1275 4254 1449 4301 anno
1511 4235 1598 4302 ab
1659 4233 2129 4302 Incarnacione
2191 4233 2449 4301 Domini

182 4339 840 4411 M⁰CC⁰LXXX⁰IX⁰.

185 4504 464 4570 (Eredetis
490 4501 841 4571 bb'rhartyan,
867 4508 1084 4572 melyen
1128 4509 1340 4574 egykor
1377 4503 1562 4559 harom
1589 4506 1790 4574 pecset,
1817 4526 1841 4560 s
1868 4507 2180 4561 nevszerint
2206 4511 2449 4561 ezeknek

185 4594 485 4662 kazepsts50
512 4593 1007 4663 ιδΙᾶ-νδτὸε-εάτςα
1030 4596 1483 4662 selyemzsinoron
1502 4596 1741 4664 fflggBtt,
1767 4600 1834 4651 de
1863 4597 1977 4653 mar
2004 4596 2341 4652 mindhbrom
2369 4598 2443 4651 el·

677 4691 897 4750 vesaett,
927 4700 963 4738 a
987 4687 1153 4740 budsi
1180 4684 1278 4740 kir.
1305 4688 1549 4740 kamarai
1576 4686 1960 4757 leveltarban.)
