3319 5249
1316 282 1403 356 45

214 505 478 555 cessore
527 494 791 571 nostro,
847 483 1019 552 idem
1051 486 1234 554 Elias
1283 505 1480 572 super
1511 484 1659 572 ipsa
1710 505 1909 552 causa
1946 485 2264 553 satisfecit
2295 486 2484 556 nobis

215 602 280 660 et
312 594 565 679 Joseph
618 592 1014 679 supradicto.
1064 592 1398 679 Obligauit
1431 595 1636 661 eciam
1680 614 1750 662 se
1782 592 1950 663 idem
1982 593 2249 681 Joseph,
2303 594 2480 680 quod

214 705 273 770 si
304 724 627 790 processu
679 704 988 789 temporis
1038 704 1254 791 ipsum
1289 704 1505 771 Eliam
1539 705 1821 773 traheret
1871 705 1935 772 in
1968 724 2269 789 causam;
2318 702 2484 770 iudi·

215 813 392 879 cium
428 814 622 879 unius
658 831 874 880 marce
924 814 1178 881 soluere
1228 820 1553 882 teneretur
1585 834 1783 900 super
1813 814 1988 881 facto
2021 813 2486 898 prenominato.

217 920 463 989 Datum
512 921 582 987 in
633 920 983 988 Dominica
1030 922 1469 991 Reminiscere
1519 943 1693 991 auno
1738 922 2002 990 Domini
2049 919 2488 989 M⁰CC⁰LXX⁰

219 1029 451 1096 tercio.

423 1185 526 1260 (Az
553 1191 756 1244 eredeti
783 1189 918 1245 utan
944 1193 1138 1246 Knauz
1162 1190 1398 1262 Νίηᾶοτ,
1435 1195 1668 1260 Magyar
1708 1192 1835 1244 Sion
1863 1193 1965 1244 111.
1993 1193 2109 1244 kot.
2137 1160 2262 1246 2322.
2288 1190 2346 1258 l.)

1310 1821 1421 1888 27.

233 2018 348 2085 IV.
384 2019 621 2084 La'szld
650 2018 998 2104 kirdlynak
1016 2041 1344 2104 parancsa
1393 2042 1469 2082 az
1501 2023 1635 2104 cyri
1668 2019 2113 2108 kdptalanhoz,
2142 2022 2308 2105 hoqy
2337 2041 2498 2084 azon

233 2128 496 2212 szolqdk
547 2129 612 2192 6⁸
661 2127 982 2212 szolqcilok
1011 2127 1186 2190 ‘nevel‘
1215 2128 1411 2191 -irdnt
1444 2128 1728 2212 jelentdst
1781 2139 2018 2214 teqyen,
2067 2128 2228 2193 kiket
2261 2124 2526 2191 Miklds'

456 2236 842 2301 Amoldnak
855 2236 963 2316 fia
992 2235 1234 2301 Ponich
1265 2233 1518 2300 bdnnak
1548 2236 1798 2300 eladott.
1850 2240 1979 2303 127
1982 2238 2043 2300 3.
2076 2237 2281 2301 karol.

456 2446 807 2515 Ladizlaus
841 2449 963 2515 Dci
996 2449 1224 2533 gracia
1253 2450 1393 2516 Rex
1424 2446 1762 2531 Hungarie
1797 2449 2101 2517 fidelibus
2140 2450 2274 2517 suis
2307 2447 2497 2533 Capi-

241 2555 378 2622 tnlo
428 2555 706 2623 Albensi
769 2556 1046 2626 salutem
1116 2563 1181 2623 et
1245 2558 1558 2642 graciam.
1644 2557 2130 2642 scripseramus
2192 2553 2495 2641 Capitulo

245 2663 571 2749 Agriensi,
617 2671 691 2731 nt
721 2684 919 2730 unum
971 2685 1051 2732 ex
1083 2663 1177 2732 eis
1207 2664 1539 2731 mitterent
1590 2663 2010 2752 fidedignum,
2069 2663 2178 2749 qui
2209 2663 2401 2731 sciret
2432 2666 2500 2727 ct

242 2770 603 2854 requireret
632 2773 899 2839 nomina
949 2792 1284 2839 seruorum
1319 2778 1384 2843 et
1412 2770 1823 2858 ancillarum,
1860 2789 2022 2854 quos
2074 2777 2137 2837 et
2168 2778 2331 2853 quas
2361 2769 2496 2854 Ny-

245 2877 471 2943 colaus
501 2875 675 2945 filius
707 2877 977 2966 AJnoldi
1023 2879 1208 2946 iuxta
1239 2878 1711 2947 continenciam
1750 2878 2110 2943 litterarum
2142 2884 2498 2944 uestrarum

245 2983 492 3051 Ponich
525 2985 706 3052 Bano
741 2986 915 3053 fideli
944 2994 1166 3054 nostro
1202 2986 1270 3051 in
1302 3005 1466 3071 pace
1497 2984 1886 3068 reliquisset.
1931 2983 2057 3061 Qui
2092 2981 2498 3068 postmodum

247 3091 432 3158 nobis
467 3092 954 3178 rescripserunt,
1007 3091 1180 3175 quod
1231 3098 1492 3178 recepto
1526 3092 1895 3159 huiusmodi
1930 3100 2150 3157 nostro
2192 3088 2497 3155 mandato

247 3218 433 3263 suum
456 3197 787 3265 misissent
819 3198 1142 3268 hominem
1176 3199 1596 3283 fidedignum,
1637 3219 1854 3265 coram
1887 3219 2013 3282 quo
2048 3198 2222 3274 idem
2255 3196 2495 3263 Ponich

249 3303 469 3371 Banus
519 3305 856 3371 statuisset
905 3307 1237 3389 octoginta
1281 3312 1346 3373 et
1376 3306 1505 3374 duo
1558 3307 1780 3392 capita
1830 3324 2158 3372 seruorum
2209 3310 2273 3370 et
2303 3304 2502 3372 ancil-

249 3409 495 3499 larum,
567 3413 680 3496 qui
730 3412 1033 3481 dixerunt
1079 3434 1151 3481 se
1205 3413 1408 3482 fuisse
1457 3412 1799 3480 deuolutos
1862 3411 1949 3477 ad
2000 3412 2209 3497 ipsum
2259 3411 2505 3480 Ponich

253 3518 508 3585 Banum
559 3522 645 3586 ab
678 3521 824 3606 ipso
855 3522 1147 3606 Nycolao
1195 3521 1332 3586 filio
1364 3519 1656 3604 Arnoldi,
1707 3539 1977 3603 quorum
2009 3518 2276 3585 nomina
2304 3521 2373 3586 in
2406 3519 2510 3611 ¹51?

256 3625 415 3692 teris
453 3626 743 3694 eiusdem
779 3626 1067 3713 Capituli
1118 3626 1333 3713 capite
1381 3626 1584 3710 sigilli
1637 3627 1844 3693 nostri
1892 3626 2289 3708 consignatis
2326 3627 2504 3693 uide·

261 3734 414 3799 bitis
450 3735 782 3801 contineri.
832 3734 1052 3816 Quare
1083 3734 1387 3801 fidelitati
1421 3740 1639 3801 vestre
1677 3733 2066 3800 mandantes
2099 3732 2507 3819 precipimus,

257 3847 576 3923 quatenus
623 3841 891 3908 nomina
953 3840 1303 3908 eorundem
1355 3858 1689 3908 seruorum
1742 3846 1809 3908 et
1855 3839 2244 3906 ancillarum
2298 3845 2511 3905 uestro

255 3947 602 4034 priuilegio
638 3947 858 4014 uelitis
892 3948 1196 4032 inserere,
1250 3969 1392 4015 cum
1444 3968 1488 4014 a
1520 3948 1708 4014 nobis
1742 3947 1811 4013 id
1844 3948 2038 4014 fuerit
2071 3947 2504 4031 impetratum.

258 4057 500 4140 Datum
531 4056 598 4122 in
629 4056 785 4123 Pest
815 4055 978 4123 feria
1008 4064 1194 4122 sexta
1226 4062 1373 4141 post
1399 4062 1669 4124 octauas
1700 4056 1930 4123 Pasce.

259 4216 329 4280 (A
356 4214 820 4270 nzekessehervari
869 4214 1246 4284 kaptalannak
1298 4220 1520 4270 1274-ki
1546 4214 1837 4270 atiratabol
1877 4219 2014 4267 mint
2039 4213 2202 4268 alabb
2229 4217 2297 4267 57
2342 4232 2413 4266 sz.
2444 4229 2513 4276 a.;

636 4323 672 4357 a
708 4304 912 4358 fiimelt.
942 4306 1166 4373 herczeg
1193 4304 1490 4373 Batthyani
1519 4304 1701 4357 csalad
1729 4302 2144 4371 leveltaraban.)
