3319 5249
1396 309 1526 375 243

328 498 633 565 (Zsigmond
658 497 952 566 kiralynak
978 499 1201 554 octands
1228 500 1514 556 itiratibol
1544 545 1556 568 ‚
1617 503 1766 570 moly
1821 507 2165 574 „Demetrius
2207 504 2479 556 litteratus
2519 505 2586 555 de

328 590 520 643 Vetere
563 592 717 642 Buda
752 599 1072 658 procurator
1097 593 1471 661 religiosarum
1510 596 1846 648 dominarum
1885 597 2376 651 sanctimonialium
2403 594 2467 646 de
2494 596 2582 647 In·

330 680 447 732 sula
474 677 783 748 Lepornm“
809 682 1062 736 ker-esem
1088 684 1203 736 kelt
1232 687 1418 749 „Bnde
1446 688 1581 737 feria
1607 694 1804 753 quarta
1826 691 2069 754 proxima
2091 694 2213 755 post
2239 687 2585 739 Dominicam

602 770 1005 824 Reminiscere“
1040 776 1214 837 1411„
1253 790 1288 825 a
1312 775 1483 827 budai
1509 776 1608 827 kir.
1639 778 1886 829 kamarai
1913 773 2296 842 leveltkrban.)

1237 1060 1669 1075 -ψ

1385 1507 1537 1576 166.

341 1709 379 1769 I
385 1700 449 1772 V.
484 1707 712 1774 La‘szld
741 1708 1089 1795 kirdlynak
1127 1709 1451 1789 rendelete,
1497 1712 1658 1795 hoqy
1699 1732 1740 1773 a
1773 1712 2117 1796 veszpre'mi
2146 1713 2586 1798 kdptalannak

338 1814 853 1901 Fehermeqydben
882 1839 924 1879 a
954 1815 1121 1880 tized
1151 1838 1229 1879 az
1262 1819 1633 1902 eszterqami
1663 1818 2097 1902 kdptalanndl
2115 1819 2410 1886 szokcisos
2430 1820 2587 1885 πιέν·

1017 1924 1218 1987 ὲέΙοΙοεί
1255 1924 1522 1991 αᾱαεεέῖι
1561 1925 1647 1990 ki.
1701 1929 1893 1993 1279.
2568 1920 2574 1926 ’

541 2118 893 2186 Ladizlaus
941 2120 1065 2186 Dei
1115 2120 1341 2203 gracia
1388 2120 1528 2185 Rex
1577 2120 1913 2204 Hungarie
1950 2118 2247 2189 fidelibus
2283 2120 2418 2189 suis
2452 2121 2583 2187 uni-

340 2223 535 2292 uersis
586 2225 820 2308 quibus
873 2224 1138 2310 expedit
1188 2231 1250 2291 et
1303 2233 1635 2311 presentes
1686 2226 2113 2294 ostenduntur
2145 2229 2228 2296 de
2262 2226 2585 2296 Comitatu

337 2332 603 2399 Albensi
671 2333 946 2400 salutem
1011 2338 1076 2398 ct
1134 2333 1443 2416 graciam.
1512 2333 1773 2402 Fideles
1837 2336 2039 2402 nostri
2091 2337 2469 2420 Propositus
2523 2342 2588 2404 et

337 2440 700 2526 Capitulum
768 2436 1066 2507 Ecclesie⁸
1112 2440 1638 2526 Wesprimiensis
1702 2463 1821 2512 sua
1882 2443 2068 2511 nobis
2119 2446 2585 2527 conquestione

336 2548 678 2615 efficaciter
728 2548 1290 2635 demonstrarunt,
1339 2547 1515 2634 quod
1550 2570 1668 2619 uos
1702 2551 1824 2618 Dei
1859 2552 2090 2618 timore
2121 2551 2486 2640 postposito
2523 2557 2588 2617 et

339 2657 571 2725 Sancte
591 2658 818 2725 Matris
840 2657 1134 2725 Ecclesie
1154 2647 1533 2726 ¹reuerencia
1555 2660 1995 2744 pretermissa,
2026 2659 2316 2726 decimas
2335 2667 2588 2727 uestras

339 2763 402 2830 in
431 2766 580 2856 vino
615 2772 679 2831 et
711 2765 777 2832 in
808 2765 1106 2850 frugibus
1140 2768 1388 2835 eisdem
1421 2768 1881 2852 prouenientes
1909 2788 2050 2835 cnm
2083 2787 2384 2835 mensura
2413 2767 2589 2836 iusta

341 2883 397 2940 et
424 2874 719 2958 legitima
750 2896 881 2942 non
912 2874 1193 2960 daretis3
1243 2877 1707 2962 pecieruntque
1736 2875 1935 2962 ijdem
1975 2898 2018 2944 a
2050 2877 2235 2946 nobis
2256 2876 2589 2945 humiliter

338 2989 397 3048 et
428 2983 746 3049 instanter
781 3033 795 3060 ,
876 2989 947 3050 vt
994 2983 1081 3050 ad
1134 2983 1487 3068 exigendas
1537 2984 1865 3071 predictas
1899 2985 2186 3053 decimas
2216 3003 2587 3053 mensuram

337 3090 562 3157 iustam
615 3097 680 3156 et
730 3098 1231 3179 congruentem,
1299 3092 1464 3160 sicut
1495 3092 1798 3180 expedit,
1867 3093 2315 3162 formaremus.
2382 3092 2591 3176 Igitur

338 3217 549 3266 eorum
583 3200 969 3285 peticionem
1021 3202 1124 3287 pic
1177 3209 1242 3269 et
1271 3202 1437 3271 iustc
1487 3201 1958 3271 admittendam
1996 3209 2346 3290 pensantes
2390 3199 2592 3285 Regio

336 3327 471 3374 cum
508 3308 770 3394 fanore3
820 3329 1224 3398 mensuram,
1275 3331 1406 3396 qna
1455 3312 1884 3397 Strigonicnsi
1935 3312 2241 3396 Capitulo
2273 3308 2442 3376 solui
2477 3309 2591 3375 de-

337 3415 496 3480 cime
528 3414 895 3485 huiusmodi
928 3422 1446 3503 consueuerant,
1495 3418 1705 3486 cidem
1745 3418 2241 3505 Wesprimiensi
2282 3415 2586 3502 Capitulo

339 3522 636 3592 duximus
699 3524 1217 3610 concedendam,
1268 3528 1590 3598 Bai-onum
1640 3534 1705 3594 et
1754 3525 2068 3594 nobilium
2108 3523 2318 3610 Regni
2354 3523 2586 3609 nostri,

338 3633 457 3714 qui,
471 3632 745 3700 aderant
766 3687 785 3721 ,
832 3633 985 3711 huic
1017 3633 1420 3703 ordinacioni
1471 3642 1692 3704 nostre
1728 3619 2189 3704 accedentibus
2221 3633 2495 3701 consilio
2529 3641 2593 3700 et

335 3761 667 3809 consensu.
718 3740 1113 3811 Ordinantes
1166 3743 1491 3826 siquidem
1544 3749 1610 3810 et
1662 3743 2178 3810 irreuocabiliter
2215 3747 2590 3827 statuentes,

332 3856 393 3914 vt
437 3848 647 3917 eidem
680 3849 981 3936 Capitulo
1016 3850 1503 3938 Wesprimiensi
1554 3850 1635 3917 de
1674 3850 1965 3934 qualibet
1996 3849 2266 3936 capecia
2303 3847 2592 3915 frumen·

335 3963 533 4024 torum
596 3979 744 4025 cum
795 3958 1028 4025 eubulo
1069 3966 1349 4042 quatuor
1380 3958 1747 4045 palmorum
1802 3964 1865 4025 et
1907 3957 2179 4026 duorum
2212 3953 2587 4040 digittorum

333 4066 669 4148 pollicibus
724 4065 1045 4153 appositis
1096 4067 1371 4133 eubulus
1423 4066 1871 4152 persoluatur3
1920 4065 2001 4132 de
2053 4063 2328 4147 singulis
2370 4069 2589 4132 autem

339 4172 618 4258 capecijs
653 4171 973 4258 siliginis,
1027 4174 1207 4242 ordei
1261 4180 1325 4241 et
1361 4194 1569 4242 auene
1601 4175 1731 4240 duo
1764 4172 1980 4242 cubuli
2014 4178 2396 4258 erogentur-3
2443 4190 2587 4256 pre·

338 4280 549 4345 sertim
620 4279 868 4347 decime
926 4279 1058 4348 vini
1113 4302 1256 4348 cum
1308 4283 1546 4349 eubulo
1596 4281 1793 4347 trium
1830 4281 2214 4367 palmorum,
2268 4277 2592 4346 adiunctis

338 4389 565 4473 pollice
596 4381 599 4384 ’
632 4395 695 4453 et
758 4385 1005 4454 duobus
1061 4388 1314 4474 digittis
1379 4390 1462 4454 ab
1525 4387 1823 4455 omnibus
1885 4387 2269 4475 exigantur3
2325 4385 2492 4453 sicut
2527 4384 2597 4449 in

344 4504 556 4564 nostro
622 4497 973 4582 priuilegio
1025 4496 1258 4564 exinde
1311 4495 1600 4562 confecto
1655 4494 1909 4581 plenius
1961 4494 2343 4561 continetur.
2416 4493 2497 4556 Et
2528 4497 2597 4556 vt

344 4626 597 4692 presens
635 4613 857 4670 nostra
889 4603 1221 4673 concessio
1274 4612 1338 4671 et
1368 4605 1701 4708 ordinacio
1735 4604 1917 4669 firma
1947 4607 2264 4689 perpetuo
2296 4615 2595 4685 perseue-

2137 4711 2268 4777 16*
