3319 5249
1676 393 1681 396 ,
1736 300 1991 398 .-192

703 496 904 583 ipsius
936 497 1103 563 dotis
1154 497 1462 581 impetere
1513 517 1816 564 successu
1852 498 2177 583 temporis,
2227 517 2341 562 seu
2375 495 2792 580 aliquatenus
2824 514 2963 560 mo-

701 606 961 672 lestare.
1032 606 1107 669 In
1159 606 1342 670 cuius
1394 604 1490 670 rei
1537 605 1979 672 testimonium
2029 612 2538 690 perpetuamque
2589 603 2964 670 firmitatem

705 719 1035 795 presentes
1085 712 1338 779 litteras
1388 718 1619 780 notras
1673 733 1818 779 cum
1870 712 2221 797 alphabeto
2265 713 2609 779 intercisas
2641 711 2962 778 eoncessi-

707 841 850 886 mus
882 820 1086 903 sigilli
1139 820 1343 886 nostri
1396 820 1751 887 munimine
1781 822 2138 890 roboratas.
2205 821 2444 888 Datum
2478 821 2678 886 IIII-o
2710 818 2963 903 Aprilis

707 949 878 993 anno
930 928 1191 995 Domini
1244 926 1486 993 M⁰CC⁰
1535 905 2015 1012 septuagesimo
2078 931 2256 996 H110.
2327 930 2617 995 Waltero
2668 929 2960 1008 Decano‚

705 1037 897 1101 Petro
933 1034 1235 1121 Cantore,
1281 1036 1621 1104 Bonifacio
1657 1038 1940 1105 Custode
1973 1040 2420 1104 existentibus.

705 1199 974 1262 (Eredetie
1019 1193 1383 1262 box-hartyan‘
1422 1199 1649 1264 melyro'l
1696 1216 1729 1250 a
1773 1198 1961 1266 pecset
2006 1197 2457 1265 hzirtyazsinegeu
2489 1200 2655 1264 fiigg3
2695 1213 2728 1250 a
2754 1196 2962 1250 fornelt.

1192 1288 1420 1353 herozeg
1458 1285 1787 1353 Eszterhfizy
1827 1286 2011 1340 esalad
2050 1287 2469 1354 leveltzirzlban.)

1784 1793 1914 1856 66.Δ

707 1988 765 2052 A
801 1993 1093 2055 zalava'ri
1123 1991 1510 2057 konventnelc
1547 1990 2097 2077 bizonysdylevele,
2140 1996 2304 2078 hoqy
2337 1992 2568 2055 Buzad
2601 1991 2962 2074 nemzetsey·

706 2099 828 2162 beli
877 2097 1126 2181 Mha'lgs
1185 2097 1614 2185 Zama'vfalva
1666 2107 1827 2163 nevit
1877 2098 2156 2167 birtokdt
2206 2102 2420 2168 Ochuz
2471 2100 2816 2184 veszp‘rdmi
2848 2097 2963 2183 fo·-

1421 2208 1743 2290 ispd‘nnak
1777 2208 2009 2272 eladta.
2062 2211 2255 2276 1274.

1849 2332 1877 2363 ο

923 2401 1294 2469 Conuentus
1325 2402 1705 2486 Monasterij
1751 2402 1978 2470 Sancti
2010 2403 2282 2469 Adriani
2338 2406 2417 2471 de
2448 2404 2614 2470 Zala
2664 2405 2965 2470 omnibus

707 2530 980 2596 presens
1030 2510 1334 2594 scriptum
1407 2510 1794 2595 inspecturis
1863 2510 2137 2577 salutem
2186 2512 2253 2577 in
2304 2512 2559 2580 domino
2613 2513 2965 2580 saluatore.

705 2617 808 2684 Ad
843 2619 1293 2685 uniuersorum
1348 2619 1655 2687 noticiam
1710 2620 2010 2688 uolumus
2047 2624 2385 2706 peruenire
2414 2622 2819 2709 presencium
2852 2643 2968 2709 per

707 2735 991 2795 tenorem
1027 2752 1041 2792 ε
1094 2727 1265 2811 quod
1299 2728 1624 2795 Michaele
1677 2729 1808 2797 filio
1842 2728 2181 2797 Michaelis
2234 2732 2316 2798 de
2354 2750 2590 2815 genere
2622 2731 2852 2798 Buzad
2881 2731 2967 2796 ab

708 2857 838 2901 una
888 2840 1112 2920 parte,
1186 2841 1250 2901 et
1303 2834 1520 2901 Ochuz
1583 2835 1718 2902 filio
1768 2837 2066 2920 Magistri
2116 2837 2342 2904 Buzad
2406 2839 2653 2905 Comite
2710 2836 2967 2922 Vespri-

708 2944 939 3012 miensi
973 2946 1057 3010 ab
1089 2942 1299 3010 altera
1332 2960 1543 3008 coram
1590 2945 1777 3011 nobis
1828 2946 2212 3032 constitutis,
2263 2948 2664 3032 propositum
2703 2955 2769 3012 et
2799 2944 2966 3012 rela-

709 3061 840 3119 tum
885 3052 1097 3119 extitit
1147 3073 1264 3137 per
1315 3050 1622 3118 cosdem:
1676 3054 1845 3136 quod
1898 3053 2067 3120 idem
2108 3054 2390 3121 Michael
2442 3054 2770 3139 quandam
2822 3072 2967 3139 pos·

712 3161 1069 3230 sessionem
1132 3179 1315 3227 suam
1380 3160 1799 3227 Zamarfolua
1860 3169 2195 3239 uocatam,
2244 3182 2388 3228 cum
2453 3162 2677 3245 terris»,
2743 3160 2971 3240 vineis,

709 3269 934 3352 siluis,
982 3267 1214 3335 fenetis
1266 3287 1345 3333 ac
1397 3269 1549 3334 aliis
1606 3268 1992 3335 utilitatibus
2051 3274 2115 3333 et
2164 3270 2581 3355 pertinencijs
2632 3269 2804 3355 saie,
2853 3288 2972 3353 per

710 3379 947 3461 omnia,
1001 3383 1069 3441 ut
1118 3376 1451 3462 dixerunt,
1503 3377 1587 3443 ad
1638 3382 1889 3461 septem
1940 3383 2157 3444 aratra
2208 3377 2705 3457 sufficientibus,
2756 3376 2968 3443 eidem

710 3486 942 3552 Comiti
996 3485 1217 3552 Ochuz
1271 3491 1335 3550 et
1384 3486 1520 3552 suis
1572 3484 1919 3552 heredibus
1972 3486 2412 3571 heredumque
2464 3488 2969 3568 successoribus,

710 3616 826 3680 pro
878 3595 1107 3678 viginti
1160 3594 1443 3677 quinque
1493 3596 1729 3662 marcis
1779 3597 2018 3681 partim
2069 3596 2137 3660 in
2170 3595 2489 3679 denariis,
2538 3595 2776 3680 partim
2808 3614 2965 3659 uero

707 3707 772 3771 in
806 3704 1231 3770 estimacione
1269 3701 1598 3784 condigna
1645 3702 1838 3787 plene
1869 3702 2111 3770 habitis
2166 3711 2232 3770 et
2264 3702 2545 3788 receptis
2600 3704 2686 3769 ab
2718 3701 2965 3784 eodem,

709 3812 1048 3880 confessus
1098 3817 1197 3876 est
1253 3806 1628 3875 uendidisse
1683 3809 1752 3875 in
1786 3816 2166 3894 perpetuum
2217 3812 2488 3896 pacifice
2541 3817 2607 3876 et
2641 3810 2971 3876 inreuoca·

708 3923 928 3988 biliter
976 3915 1455 4005 possidendam.
1520 3919 1595 3983 In
1630 3916 1809 3984 cuius
1861 3938 1976 4002 rey
2010 3917 2444 3985 testimonium
2488 3926 2553 3984 et
2589 3918 2968 3984 memoriam

709 4029 1055 4094 firmiorem
1110 4034 1448 4111 presentes
1500 4024 1754 4092 litteras
1798 4028 2230 4094 concessimus
2280 4027 2483 4094 nostri
2519 4026 2717 4109 sigilli
2770 4025 2972 4090 muni·

711 4136 880 4201 mine
930 4136 1293 4200 roboratas.
1344 4134 1579 4199 Datum
1631 4153 1801 4199 anno
1836 4133 2094 4200 Domini
2148 4128 2491 4201 millesimo
2527 4133 2970 4200 ducentesimo

710 4240 1187 4326 septuagesimo
1256 4249 1504 4324 quarto.
1583 4242 1925 4308 Dominico
1982 4244 2246 4310 Decano
2298 4248 2561 4327 nostro,
2608 4244 2800 4307 Petro
2853 4239 2973 4305 Cu-

708 4350 912 4433 stode,
964 4356 1027 4414 et
1058 4349 1206 4415 aliis
1240 4349 1545 4417 fratribus
1587 4350 1933 4416 salubriter
1968 4350 2421 4417 existentibus.

713 4514 982 4577 (Eredet-ie
1008 4508 1356 4581 borhzirt-yae'tm
1394 4510 1844 4577 hiertyazsinegcn
1898 4512 2066 4579 sugg&
2112 4511 2299 4578 peeset
2343 4513 2518 4574 alatt3
2578 4527 2612 4562 a
2656 4513 2823 4564 budai
2871 4512 2992 4561 hir.-

1519 4604 1765 4652 kamarai
1793 4598 2183 4667 leveltsrban.)
