3319 5249
1669 446 1672 451 .
1785 338 1964 439 ,160

756 541 1059 608 duximus
1092 538 1629 623 tranmittendos;
1679 538 1935 606 demum
1967 536 2140 606 idem
2172 537 2468 608 homines
2488 536 2686 607 vestri
2716 546 2782 605 et
2812 536 3016 606 nostri

756 650 842 717 ad
875 670 993 717 nos
1025 649 1274 715 reuersi
1303 647 1490 715 nobis
1526 645 1851 733 dixerunt,
1914 646 2089 731 quod
2119 647 2247 734 ipsi
2279 649 2347 715 in
2381 648 2635 715 oetauis
2675 646 2821 714 sesti
2855 647 3015 713 Pen-

755 763 1032 825 tecostes
1067 754 1151 821 ad
1189 756 1421 823 faciem
1455 754 1747 840 predicte
1777 754 2215 841 possessionis
2255 755 2394 822 Seil
2427 757 2754 823 vniuersis
2786 754 3017 823 vicinis

756 873 819 932 et
849 863 1410 948 circummetaneis
1443 863 1735 930 eiusdem
1771 862 2013 932 ibidem
2069 860 2502 951 (conuocatis)
2553 861 3015 946 accessissent3

755 972 940 1039 euius
974 967 1235 1058 quidem
1270 968 1705 1055 possessionis
1755 969 1894 1036 Seil
1948 978 2179 1037 vocate
2229 970 2444 1056 prima
2474 977 2646 1037 meta
2693 970 2921 1055 incipit
2952 968 3017 1034 in

756 1079 987 1147 arbore
1019 1077 1143 1164 piri
1178 1076 1247 1143 in
1278 1077 1457 1144 valle
1488 1076 1876 1162 Vatawolge
1909 1077 2107 1164 dicto,
2148 1077 2268 1145 sub
2303 1099 2434 1162 qua
2467 1085 2565 1145 est
2585 1085 2760 1146 meta
2786 1085 3016 1160 terrea,

754 1208 885 1274 qua
914 1195 1088 1255 meta
1138 1209 1180 1253 a
1234 1192 1418 1271 parte
1450 1185 1971 1271 septemtrionali
2022 1186 2325 1271 distingit
2374 1187 2817 1272 possessiones
2867 1188 3018 1253 Sca·

753 1315 876 1361 nas
907 1295 1114 1381 ipsius
1150 1293 1341 1362 Belid
1373 1301 1438 1360 et
1470 1294 1673 1360 fratre
1706 1313 1859 1379 suo;
1892 1291 2132 1362 deinde
2163 1295 2652 1381 progrediendo
2681 1317 2801 1382 per
2820 1317 3016 1379 quan-

755 1402 904 1469 dam
936 1403 1134 1488 viam,
1187 1423 1320 1488 qua
1352 1402 1432 1468 de
1465 1401 1661 1470 Dada
1692 1402 1818 1470 itur
1867 1402 1935 1469 in
1986 1402 2186 1488 Chel,
2236 1410 2302 1471 et
2333 1401 2632 1489 peruenit
2682 1405 2769 1470 ad
2819 1425 3016 1473 vnum

754 1510 993 1576 vallem
1025 1510 1419 1595 Marcelvolg
1469 1509 1678 1597 dicto,
1729 1515 1795 1575 et
1844 1531 1963 1597 per
2013 1511 2288 1579 eandem
2339 1512 2579 1579 vallem
2622 1514 2896 1579 vertitur
2930 1511 3015 1577 ad

762 1623 1018 1701 partem
1051 1618 1565 1703 meridionalem,
1615 1624 1679 1684 et
1710 1618 2005 1704 peruenit
2024 1619 2114 1685 ad
2134 1619 2466 1705 quandam
2488 1620 2789 1687 semitam
2836 1620 3012 1704 wigo

766 1725 1119 1811 Tuismege
1151 1725 1342 1812 dicto,
1388 1724 1497 1793 vbi
1532 1733 1681 1793 sunt
1715 1725 1840 1792 due
1870 1735 2039 1795 mete
2069 1736 2275 1796 terree
2292 1781 2312 1815 ,
2362 1749 2632 1814 quarum
2681 1749 2812 1795 vna
2842 1731 3016 1795 meta

766 1853 808 1899 a
840 1841 1027 1919 parte
1060 1833 1582 1920 septemtrionali
1614 1839 1877 1919 separat
1909 1834 2119 1901 eidem
2153 1835 2310 1903 ville
2341 1836 2518 1922 Chel,
2560 1856 2601 1902 a
2636 1842 2824 1920 parte
2858 1853 3016 1901 vero

742 1940 1162 2009 -meridionali
1194 1939 1366 2008 dicte
1397 1940 1554 2009 ville
1586 1941 1763 2027 Scil;
1812 1940 2050 2009 deinde
2101 1964 2220 2028 per
2267 1941 2542 2011 eandem
2594 1943 2892 2008 semitam
2923 1941 3014 2007 di·

755 2056 932 2116 recte
965 2049 1097 2115 itur
1127 2049 1213 2115 ad
1247 2055 1496 2133 partem
1528 2049 1932 2137 orientalem,
1978 2055 2042 2117 et
2092 2051 2385 2137 peruenit
2422 2049 2508 2117 ad
2538 2072 2734 2119 vnum
2770 2049 3013 2136 senille,

757 2162 823 2222 et
855 2157 924 2222 in
956 2155 1308 2223 medietate
1342 2157 1547 2242 ipsius
1580 2156 1779 2225 feneti
1830 2164 1930 2225 est
1979 2159 2263 2246 quadam
2314 2180 2540 2247 parua,
2573 2161 2792 2228 insula
2841 2159 3014 2242 wlgo

752 2268 986 2350 sciqeth
1016 2264 1226 2350 dicto;
1272 2271 1339 2333 et
1370 2264 1604 2332 deinde
1637 2265 1878 2335 directe
1907 2266 1995 2333 ad
2039 2267 2312 2335 eandem
2342 2276 2598 2355 partem
2633 2267 3013 2336 orientalem

756 2372 842 2439 ad
875 2379 1085 2438 terras
1115 2371 1442 2456 arabiles;
1492 2372 1733 2441 deinde
1784 2373 2042 2443 venitur
2076 2374 2164 2441 ad
2202 2381 2453 2461 partem
2503 2376 3014 2460 meridionalem,

757 2488 822 2547 et
852 2482 1156 2565 peruenit
1185 2480 1274 2547 ad
1305 2479 1634 2565 quandam
1677 2482 1976 2550 semitam
2033 2481 2207 2569 wigo
2257 2484 2610 2570 Tuismege
2662 2483 2856 2569 diem,
2903 2481 3011 2551 vbi

755 2594 905 2656 sunt
935 2587 1062 2657 due
1095 2595 1261 2657 mete
1295 2595 1495 2677 terre3
1548 2598 1612 2659 et
1642 2609 1763 2677 per
1796 2591 2070 2659 eandem
2091 2591 2393 2661 semitam
2412 2592 2595 2661 vadit
2628 2592 2714 2659 ad
2737 2590 3013 2662 eandem

757 2698 1022 2783 plagam
1061 2697 1463 2777 orientalem,
1515 2704 1579 2765 et
1610 2699 1910 2784 peruenit
1959 2699 2046 2768 ad
2094 2700 2423 2785 quandam
2474 2722 2780 2786 magnam
2817 2700 3013 2785 viam,

714 2883 720 2890 ,
756 2824 885 2891 qua
916 2804 1027 2870 via
1059 2803 1142 2870 de
1172 2803 1420 2873 Morost
1450 2805 1581 2875 itur
1629 2805 1716 2875 ad
1766 2806 1992 2874 villam
2045 2810 2254 2877 Merse
2291 2808 2551 2878 domine
2581 2809 2848 2895 Regine‚
2899 2807 3012 2876 vbi

754 2922 907 2981 sunt
938 2912 1065 2980 due
1096 2919 1262 2980 mete
1294 2920 1526 2998 terree‚
1576 2935 1848 2999 quarum
1879 2937 2010 2985 vna
2042 2937 2085 2984 a
2113 2924 2298 3003 parte
2333 2915 2851 3004 septemtrionali
2906 2935 3011 2982 se-

754 3028 944 3106 parat
975 3020 1062 3088 ad
1094 3021 1453 3105 predictam
1485 3023 1962 3108 possessionem
1995 3024 2176 3113 Chel,
2226 3045 2268 3092 a
2296 3032 2484 3111 parte
2535 3047 2688 3095 vero
2720 3023 3015 3092 meridio-

754 3129 892 3196 nali
923 3136 1185 3214 separat
1220 3128 1428 3197 eidem
1460 3130 1858 3216 possessioni
1890 3133 2059 3220 Sci13
2109 3131 2351 3203 deinde
2383 3155 2537 3202 vero
2569 3135 2846 3202 vertitur
2895 3154 3014 3219 per

755 3236 1028 3304 eandem
1059 3236 1233 3304 viam
1263 3257 1568 3323 magnam
1617 3239 1704 3307 ad
1741 3247 1994 3327 partem
2045 3242 2536 3311 meridionalem
2589 3250 2656 3311 et
2706 3242 3014 3329 peruenit

757 3378 836 3393 ——
874 3380 959 3392 —
994 3368 1113 3428 —;
1163 3343 1405 3414 abinde
1438 3347 1618 3414 vadit
1668 3369 1784 3434 per
1835 3349 2109 3418 eandem
2159 3372 2467 3436 magnam
2500 3353 2673 3421 viam
2706 3351 3012 3421 similiter

754 3452 841 3520 ad
869 3459 1123 3538 partem
1155 3453 1644 3525 meridionalem
1676 3459 1851 3525 eirea
1882 3466 2122 3528 terram
2153 3460 2312 3530 ville
2342 3460 2623 3546 Marosd,
2673 3466 2739 3529 et
2787 3481 3011 3547 perue-

755 3561 863 3628 nit
884 3561 971 3628 ad
1002 3569 1135 3630 tres
1167 3571 1379 3631 metas
1415 3570 1683 3651 terreas,
1723 3585 1997 3651 quarum
2027 3588 2159 3636 vna
2188 3591 2231 3637 a
2268 3576 2457 3656 parte
2477 3568 2783 3638 orientali
2802 3566 3011 3637 eidem

754 3670 1168 3756 possessione
1197 3671 1476 3753 Marosd,
1528 3692 1571 3739 a
1601 3681 1791 3758 parte
1820 3695 1971 3744 vero
2004 3676 2418 3746 meridionali
2454 3684 2717 3764 separat
2746 3697 3004 3764 posses·

753 3780 935 3847 sione
969 3776 1228 3847 domine
1257 3779 1508 3864 Regine
1536 3780 1747 3849 Merse
1796 3782 1929 3851 alio
1980 3783 2244 3851 nomine
2295 3784 2774 3855 Caraehunfele
2813 3787 3008 3874 dicte,

754 3888 956 3954 tercia
988 3907 1145 3954 vero
1177 3894 1352 3954 meta
1383 3894 1595 3956 terrea
1625 3910 1668 3956 a
1702 3895 1887 3978 parte
1919 3889 2309 3960 occidentali
2354 3893 2564 3960 eidem
2595 3895 3010 3981 possessione

754 3994 888 4060 Scil
922 3992 1264 4082 distingit3
1315 3993 1554 4063 deinde
1590 4018 1744 4066 vero
1807 4017 1926 4084 per
1990 3997 2265 4066 eandem
2315 3999 2490 4068 viam
2541 4003 2717 4069 eirea
2766 4009 3006 4070 terram

754 4100 1132 4184 Reginalem
1164 4123 1206 4169 a
1238 4111 1427 4188 parte
1457 4103 1889 4173 meredionali
1920 4106 2051 4174 itur
2082 4115 2149 4175 et
2179 4109 2479 4193 peruenit
2528 4110 2595 4175 in
2629 4111 2826 4195 longo
2859 4132 3008 4198 spa·

756 4209 857 4274 cio
888 4209 975 4275 ad
1005 4208 1172 4277 duas
1208 4218 1413 4281 metas
1466 4219 1748 4300 terreas,
1794 4234 2065 4299 quarum
2119 4237 2252 4286 vna
2297 4223 2473 4285 meta
2511 4240 2555 4285 a
2583 4226 2773 4304 parte
2804 4240 3005 4288 mere-

755 4314 1004 4383 dionali
1034 4328 1299 4405 separat
1329 4328 1567 4390 terram
1599 4323 1878 4390 condam
1909 4325 2277 4394 Pukafelde
2325 4333 2559 4395 vocata
2589 4328 2760 4411 wlgo
2794 4326 3012 4395 Kirai-

755 4422 1009 4509 kirtusi,
1060 4433 1124 4492 et
1153 4445 1198 4491 a
1228 4433 1415 4511 parte
1447 4430 1963 4515 septemtrionali
2011 4440 2276 4519 separat
2316 4417 2526 4503 eidem
2557 4434 3013 4523 possessione3

756 4528 988 4597 deinde
1016 4533 1290 4600 vertitur
1352 4535 1437 4602 ad
1501 4544 1749 4623 partem
1804 4537 2279 4608 occidentalem
2339 4541 2407 4607 in
2457 4549 2665 4609 terras
2715 4542 3010 4610 arabiles

756 4636 1101 4727 predictas,
1136 4646 1202 4708 et
1231 4642 1394 4711 inter
1433 4645 1698 4715 easdem
1737 4654 1947 4717 terras
1996 4649 2403 4735 peruenisset
2455 4649 2543 4719 ad
2594 4670 2791 4718 vnum
2839 4651 3020 4719 sene·'
