3319 5249
1796 177 1932 250 424

741 380 1152 451 liberalitate
1184 379 1391 464 Regia
1424 378 1856 463 dignaremur.
1887 377 2023 445 Nos
2045 379 2264 462 itaque
2293 378 2500 463 ipsius
2529 377 2801 447 Comitis
2815 379 2990 447 Pons

755 486 1189 576 peticionibus
1223 485 1670 553 fauorabiliter
1715 484 2045 568 inclinati,
2102 485 2520 570 volentesque
2570 485 2988 572 ipsiusobse·

736 597 930 683 quijs,
967 604 1030 662 et
1063 594 1545 663 restauracione
1578 594 1844 660 duorum
1895 614 2200 677 equorum
2266 613 2521 660 suorum
2541 645 2560 679 ,
2592 600 2663 661 ut
2692 594 2985 678 premisi-

733 718 895 785 mus,
931 704 1265 786 bonorum,
1300 708 1364 765 et
1416 700 1899 783 quinquagintav
1939 719 2253 784 equarum
2289 721 2547 768 suarum
2581 718 2697 788 per
2744 723 2864 769 nos
2896 722 2990 768 re·

730 817 1086 896 ceptarum,
1123 828 1455 875 occurrere
1486 809 1690 892 Regio
1724 830 1864 875 cum
1899 808 2166 877 fauore:
2223 809 2434 895 ipsam
2499 815 2739 878 terram
2791 810 2994 877 Batur

733 915 1276 1001 drawchariorum
1309 921 1686 999 nostrorum,
1718 936 1910 1001 super
1943 938 2077 1000 qua
2107 916 2394 984 ecclesia
2425 917 2492 985 in
2526 917 2772 999 bonore
2801 914 2992 983 Beati

729 1021 996 1090 Martini
1025 1021 1302 1089 fundata
1334 1041 1475 1087 esse
1526 1019 1759 1087 dicitur
1779 1075 1793 1104 ,
1851 1023 2058 1090 eidem
2116 1023 2352 1089 Comiti
2407 1026 2597 1091 Pows
2626 1022 2992 1109 reli(n)qui·

734 1149 897 1215 mus,
933 1129 1253 1195 tradimus
1286 1132 1352 1193 et
1383 1120 1793 1212 conserimuS,
1831 1149 1908 1193 ac
1931 1128 2352 1196 collacionem
2389 1130 2595 1215 ipsius
2624 1129 2868 1196 factam
2897 1130 2992 1196 in·

733 1235 1036 1303 nouando
1086 1236 1570 1319 confirmamus,
1624 1235 1760 1300 iure
1825 1244 2133 1320 perpetuo
2185 1237 2457 1322 pacifice
2509 1236 2990 1323 possidendam,

739 1342 970 1410 dantes
1003 1343 1212 1409 eidem
1247 1343 1506 1427 plenam
1540 1343 1995 1409 auctoritatem
2042 1342 2251 1409 dictos
2303 1344 2553 1411 incolas
2584 1344 2795 1430 ipsius
2826 1351 2994 1412 terre

740 1451 1060 1518 seruando
1092 1451 1157 1515 in
1192 1452 1337 1536 ipsa
1369 1460 1542 1516 terra
1589 1452 1644 1515 si
1679 1452 2002 1532 uoluerit,
2069 1454 2175 1519 vel
2230 1452 2596 1537 deponendi
2633 1452 2715 1519 de
2749 1453 2994 1519 eadem.

749 1559 1082 1645 Volentes,
1114 1566 1183 1623 vt
1214 1578 1436 1624 omncs
1473 1559 1686 1625 littere
1707 1579 1821 1644 per
1852 1558 2060 1625 dictos
2092 1559 2466 1626 Farcasium
2503 1568 2569 1625 et
2598 1561 2811 1628 socios
2841 1583 2992 1629 suos

747 1686 861 1734 seu
897 1665 1219 1750 quoslibet
1250 1664 1414 1731 alios
1449 1667 1792 1750 impetrate
1815 1717 1829 1745 ,
1889 1687 2001 1733 seu
2058 1668 2484 1735 instrumenta
2532 1686 2609 1733 ac
2639 1667 2990 1752 priuilegia

742 1780 1029 1860 optenta,
1065 1772 1312 1838 uiribus
1331 1779 1595 1838 careant
1613 1778 1679 1838 et
1700 1773 1926 1839 inania
1951 1772 2330 1857 habeantur,
2356 1779 2418 1839 et
2430 1773 2795 1858 ubicunque
2816 1775 2988 1842 exhi·

748 1884 891 1955 bita
915 1882 1174 1966 fuerint,
1192 1881 1432 1947 nullius
1452 1881 1505 1945 si
1514 1885 1585 1946 nt
1604 1882 1864 1965 penitus
1885 1879 2321 1947 firmitatis.Vt
2340 1880 2541 1964 igitur
2558 1882 2752 1949 huius
2774 1890 2990 1950 nostre

752 1990 1134 2061 collacionis
1158 1989 1415 2077 (series)
1450 1989 1646 2054 robur
1681 1989 1975 2074 optineat
1997 1996 2306 2075 perpetue
2325 1978 2678 2074 firmitatis)
2697 2011 2822 2058 nec
2854 2012 2994 2077 pos·

746 2103 832 2168 sit
863 2100 999 2167 ullo
1033 2116 1316 2180 unquam
1338 2103 1626 2183 tempore
1646 2098 1715 2163 in
1735 2096 1980 2163 irritum
2001 2096 2339 2164 retractari
2364 2120 2380 2179 3
2412 2104 2753 2181 presentes
2786 2098 2994 2168 eidem

752 2207 986 2277 Comiti
1016 2207 1206 2274 Pows
1240 2204 1673 2272 concessimus
1726 2204 1974 2270 litteras
2009 2202 2332 2288 dupplicis
2395 2204 2595 2289 sigilli
2625 2207 2833 2272 nostri
2866 2227 2994 2274 mu·

749 2314 995 2382 nimine
1025 2313 1381 2381 roboratas.
1420 2313 1666 2379 Datum
1687 2331 1802 2397 per
1822 2329 2053 2376 manus
2085 2309 2476 2378 venerabilis
2509 2313 2712 2396 patris
2744 2312 2998 2380 Thome

758 2421 878 2489 Dei
905 2422 1127 2504 gracia
1146 2420 1453 2505 Episcopi
1475 2418 1740 2485 Wacien
1751 2420 1840 2486 sis
1859 2420 2007 2485 aule
2024 2418 2400 2486 nostreVice
2413 2419 2810 2506 Cancellarij
2834 2420 2989 2487 dile-

755 2529 840 2594 cti
863 2535 928 2596 et
959 2526 1172 2593 fidelis
1192 2525 1396 2592 nostri
1432 2546 1603 2593 anno
1618 2525 1878 2595 Domini
1899 2525 2137 2593 M⁰CC⁰
2157 2525 2592 2610 octuagesimo
2612 2526 2839 2610 quinto
2868 2528 2995 2612 pri-

759 2635 864 2702 die
899 2635 1225 2703 kalendas
1258 2633 1458 2722 Junij‚
1489 2633 1848 2700 indiccione
1898 2630 2267 2721 tredecima,
2301 2633 2509 2717 Regni
2542 2641 2761 2705 autem
2792 2636 2993 2704 nostri

752 2760 924 2809 anno
957 2741 1324 2809 tredecimo.

756 2955 1029 3026 (Exedetie
1055 2955 1398 3026 b6rhartyan,
1419 2973 1482 3009 az
1509 2958 1715 3025 egykor
1738 2953 1956 3023 fdggbtt
1976 2953 2163 3023 pecset
2186 2956 2478 3019 elveszett3
2505 2972 2539 3009 a
2570 2957 2743 3011 budai
2766 2958 2871 3013 kir.
2897 2958 2989 3009 ka·

1599 3047 1770 3098 marai
1798 3042 2177 3110 levcltarban.)
