3319 5249
1844 316 1978 382 466

772 509 1027 579 delibus
1059 512 1296 579 nostris
1348 509 1650 595 capitulo
1704 509 2009 595 Agriensi
2060 510 2299 577 nostris
2347 506 2590 576 litteris
2641 507 2944 577 dedimus
2977 510 3049 576 in

769 614 1114 703 mandatis,
1149 626 1222 686 ut
1250 619 1535 705 ipsorum
1600 617 1931 685 mitterent
1959 616 2289 683 hominem
2320 614 2721 701 fidediguum
2773 637 2901 702 pro
2956 625 3049 685 te-

769 725 1100 814 stimonio,
1136 746 1353 794 coram
1386 747 1514 810 quo
1548 725 1885 793 Johannes
1918 727 2136 811 Fynta
2164 724 2375 790 dictus
2397 728 2400 729 ’
2425 722 2617 790 homo
2665 729 2890 791 noster
2941 744 3048 791 ac·

765 834 1029 902 cederet
1059 855 1255 920 super
1286 834 1523 903 faciem
1555 835 1847 901 eiusdem
1880 842 2069 918 terre,
2101 841 2167 900 et
2199 833 2409 918 ipsam
2466 837 2785 899 statueret
2828 831 3045 898 eidem

774 939 1011 1008 Comiti
1064 941 1273 1026 Petro,
1324 942 1385 1008 si
1437 962 1566 1009 non
1612 943 1794 1010 fieret
1844 939 2339 1027 contradictum,
2392 938 2911 1007 contradictores
2961 938 3050 1006 ad

775 1055 1069 1117 nostram
1128 1050 1533 1134 presenciam
1594 1049 1681 1117 ad
1743 1049 2094 1117 terminum
2160 1054 2631 1133 competentem
2691 1046 3048 1115 euocando.

776 1153 967 1233 Quod
998 1156 1263 1239 quidem
1315 1155 1690 1242 Capitulum
1745 1155 2064 1240 Agriense
2117 1156 2303 1223 nobis
2356 1155 2832 1239 rescripserunt
2879 1153 3052 1222 hunc

779 1270 1068 1330 tenorem
1099 1264 1528 1347 continentes,
1563 1261 1738 1348 quod
1768 1261 1940 1327 idem
1973 1259 2205 1329 Comes
2235 1260 2566 1329 Johannes
2597 1259 2791 1329 homo
2821 1270 3045 1329 noster

781 1370 1167 1438 accessisset
1197 1389 1398 1455 super
1431 1369 1664 1436 faciem
1699 1367 1870 1435 dicte
1903 1376 2096 1455 terre,
2131 1376 2198 1435 et
2228 1368 2436 1453 ipsam
2455 1370 2523 1434 in
2564 1370 2912 1454 presencia
2935 1368 3050 1435 ho·

785 1478 974 1544 minis
1044 1476 1415 1544 eorumdem
1499 1477 1629 1562 ipsi
1693 1474 1927 1544 Comiti
1989 1474 2180 1542 Petro
2243 1476 2502 1543 nemine
2565 1475 3047 1544 contradicente

783 1585 1138 1653 statuisset.
1172 1583 1308 1651 Nos
1338 1585 1578 1669 itaque,
1610 1583 1725 1669 pui
1758 1602 1839 1648 ex
1869 1580 2084 1648 officio
2114 1582 2401 1668 suscepti
2454 1582 2786 1666 regiminis
2837 1586 3045 1651 nostri

781 1691 1091 1759 debemus
1122 1709 1404 1776 pensare
1436 1690 1667 1757 merita
1695 1691 2120 1777 singulorum,
2156 1700 2222 1758 et
2254 1690 2602 1774 unicuique
2645 1692 3043 1778 respondere

787 1801 971 1867 iuxta
1003 1798 1424 1883 exigenciam
1477 1818 1741 1866 suorum
1791 1798 2176 1885 meritorum,
2208 1797 2695 1865 considerantes
2742 1800 3051 1886 multipli-

791 1926 900 1974 ces
921 1914 987 1975 et
1006 1906 1376 1974 laudabiles
1396 1905 1756 1972 famulatus
1776 1905 1980 1990 ipsius
2000 1906 2177 1972 Petri
2199 1904 2486 1988 Comitis,
2496 1912 2560 1972 et
2578 1898 2910 1973 Jowank'a
2930 1907 3050 1974 fra-

788 2014 905 2080 tris
937 2013 1061 2102 sui,
1094 2033 1255 2097 quos
1286 2013 1485 2097 ijdem
1518 2012 1948 2080 exhibuerunt
1979 2013 2172 2079 nobis
2207 2033 2352 2079 cum
2395 2031 2691 2098 sumpmo
2722 2014 2962 2083 ardore
2985 2016 3051 2080 fi·

792 2121 1096 2190 delitatis
1125 2122 1190 2187 in
1225 2121 1510 2187 diuersis
1540 2114 2074 2206 expedicionibus
2092 2119 2304 2203 Regni
2324 2122 2565 2204 nostri3
2600 2126 2666 2186 et
2683 2123 3054 2206 specialiter

788 2235 963 2315 tunc,
999 2249 1150 2298 cum
1204 2228 1456 2315 perfida
1512 2247 1676 2311 gens
1700 2228 2048 2293 Tartorum
2098 2226 2241 2312 (ig-y
2290 2226 2712 2295 Tartar-orum
2765 2227 3053 2315 helyett)

788 2339 1082 2421 Regnum
1115 2343 1401 2402 nostrum
1440 2334 1764 2402 hostiliter
1794 2334 2114 2418 adhierat,
2146 2343 2209 2401 et
2260 2343 2512 2423 uastus,
2551 2335 3049 2420 destrucciones,

791 2441 1094 2510 incendia
1120 2450 1185 2510 et
1214 2448 1604 2509 nocumenta
1631 2462 1828 2525 quam
1880 2443 2166 2529 plurima
2223 2442 2662 2509 committebat
2713 2443 2780 2509 in
2833 2446 3050 2529 Regno

791 2555 1008 2615 nostro
1040 2550 1440 2636 peragendo,
1473 2549 1670 2634 ijdem
1706 2547 1937 2616 Comes
1976 2550 2202 2616 Petrus
2235 2558 2301 2615 et
2332 2548 2657 2619 Jowanka
2708 2552 2790 2616 oh
2846 2551 3042 2618 fideli·

793 2662 994 2723 tatem
1046 2657 1292 2724 Corone
1341 2658 1548 2741 Regie
1598 2656 1907 2740 debitam,
1959 2662 2023 2721 et
2071 2676 2190 2741 pro
2243 2654 2627 2723 defensione
2675 2656 3035 2727 incolarum

795 2763 1005 2848 Regni
1034 2764 1241 2831 nostri
1272 2772 1495 2831 contra
1515 2763 1776 2831 eosdem
1795 2763 2109 2829 Tartaros
2128 2782 2199 2834 se
2222 2770 2661 2848 opposuerunt
2679 2763 3043 2850 preliando,

794 2869 902 2937 vbi
934 2868 1108 2936 idem
1142 2869 1468 2937 Jowanka
1496 2891 1610 2955 per
1642 2870 1848 2936 dictos
1881 2871 2194 2936 Tartaros
2215 2870 2447 2936 letalia
2476 2868 2810 2953 excipiens
2832 2873 3054 2940 uulne-

799 2997 875 3044 ra
903 2974 1075 3043 diem
1109 2977 1345 3044 clausit
1377 2983 1754 3044 extremum.
1791 2977 1927 3043 Nos
1962 2974 2163 3060 igitur
2194 2976 2260 3041 in
2285 2974 2639 3060 aliqualem
2690 2996 3055 3065 recompen-

799 3082 1131 3151 sacionem
1160 3083 1584 3151 seruiciorum
1619 3083 1910 3152 eiusdem
1949 3081 2220 3148 Comitis
2251 3082 2452 3169 Petri,
2485 3090 2750 3169 propter
2780 3095 3046 3155 mortem

801 3191 959 3257 dicti
1008 3191 1353 3277 Jowanka,
1389 3196 1452 3258 et
1482 3199 1747 3276 propter
1777 3189 2059 3256 seruicia
2092 3189 2296 3273 ipsius
2327 3188 2596 3256 Comitis
2652 3192 2853 3277 Petri,
2908 3197 3056 3262 licet

802 3299 1131 3367 modicum
1164 3300 1268 3383 sit,
1298 3297 1475 3383 quod
1504 3298 1593 3364 ad
1625 3318 1897 3385 presens
1929 3298 2211 3382 agimus,
2245 3305 2308 3365 et
2340 3296 2509 3363 idem
2545 3296 2777 3367 Comes
2830 3300 3053 3372 Petrus

804 3407 1038 3474 maiori
1070 3405 1598 3475 remuneracione
1630 3404 1868 3490 dignus
1903 3413 1968 3471 et
1998 3401 2397 3471 attollendus
2429 3403 2792 3490 haberetur,
2849 3410 3052 3495 ipsam

759 3549 764 3554 ·
807 3523 1044 3582 terram
1115 3513 1524 3581 Weresalma
1570 3520 1872 3581 uocatam
1944 3532 2088 3581 cum
2140 3513 2439 3579 omnibus
2490 3514 2882 3582 utilitatibus
2930 3517 3059 3583 suis

810 3620 1021 3690 eidem
1076 3621 1312 3688 Comiti
1364 3623 1557 3689 Petro
1610 3630 1679 3689 et
1724 3622 1862 3690 suis
1911 3621 2261 3688 heredibus
2312 3620 2753 3707 heredumque
2804 3645 3058 3692 suorum

805 3730 1295 3799 successoribus
1327 3728 1643 3816 dedimus,
1680 3730 2071 3797 donauimus
2104 3737 2171 3796 et
2201 3730 2598 3797 contulimus
2649 3732 2790 3798 iure
2840 3752 3059 3819 perpe·

807 3845 916 3904 tuo
948 3843 1014 3904 et
1043 3836 1557 3905 irreuocabiliter
1586 3836 2075 3922 possidendam.
2109 3836 2308 3904 Cuius
2341 3844 2514 3904 terre
2545 3844 2740 3924 mete,
2773 3847 2964 3924 prout
2995 3840 3058 3904 in

805 3944 1050 4011 litteris
1082 3944 1373 4013 eiusdem
1408 3943 1695 4030 Capituli
1727 3927 2013 4012 uidimus
2047 3944 2391 4029 contineri,
2409 3944 2535 4011 hoc
2566 3945 2791 4011 ordine
2842 3944 3063 4013 distin·

808 4060 1087 4135 guntur:
1123 4053 1346 4119 Prima
1377 4054 1702 4121 transiens
1736 4059 1915 4120 meta
1945 4052 2029 4121 de
2058 4054 2234 4120 ultra
2266 4052 2491 4137 Copou
2522 4060 2587 4119 et
2617 4071 2814 4118 unam
2863 4059 3064 4120 trans·

814 4161 956 4226 iens
1011 4178 1250 4242 aquam
1316 4159 1578 4228 nomine
1640 4159 1945 4246 Lytighe,
2008 4162 2093 4225 ah
2154 4159 2276 4225 illa
2335 4164 2509 4227 meta
2568 4177 2774 4245 usque
2837 4167 3065 4228 terram

815 4268 1249 4353 Weresalma3
1281 4267 1517 4337 deinde
1536 4272 1781 4336 remote
1805 4268 2190 4353 perueniens
2213 4266 2328 4333 illa
2357 4276 2529 4334 meta
2558 4285 2764 4352 usque
2782 4268 2854 4335 in
2875 4287 3064 4353 quau·

816 4373 967 4440 dam
1003 4395 1241 4459 aquam
1275 4377 1536 4443 Tarcha
1567 4381 1909 4458 uocatam;
1944 4372 2180 4442 deinde
2211 4372 2291 4440 de
2321 4372 2583 4441 Tarcha
2613 4373 2796 4441 uadit
2824 4374 2898 4441 in
2948 4393 3065 4442 me-
3147 4457 3154 4466 ι

815 4479 925 4546 dio
957 4481 1094 4568 Syn
1138 4484 1249 4550 via
1279 4503 1521 4568 magna
1552 4480 1959 4569 procedendo
1991 4481 2077 4550 ad
2095 4501 2371 4568 paruam
2404 4469 2662 4569 aquam',
2695 4501 2821 4566 que
2873 4481 3065 4550 nomi·

816 4594 1011 4658 natur
1058 4589 1242 4676 Ozyu
1303 4591 1509 4677 potok
1530 4643 1548 4676 ,
1613 4591 1778 4657 etin
1840 4587 1963 4657 illa
1993 4589 2290 4674 procedit
2341 4587 2474 4655 alte
2507 4606 2712 4673 usque
2740 4587 2829 4655 ad
2880 4608 3066 4656 unum
