3319 5249
1188 405 1315 474 381

137 603 370 670 minem
401 624 516 691 pro
548 602 932 687 testimonio,
967 603 1079 687 qui
1108 602 1514 687 postmodum
1548 601 1634 667 ad
1666 622 1784 670 nos
1814 601 2157 671 redeuntes
2200 603 2372 670 dixe·

136 723 302 799 runt,
359 712 528 795 quod
571 711 792 778 villam
823 710 978 777 Wos
1011 710 1580 777 kolnuchariorum
1615 716 1974 777 uestrorum
2008 730 2149 776 cum
2183 711 2368 778 terris

137 830 201 889 et
243 821 398 906 alijs
447 821 691 888 iuribus
722 820 789 887 in
819 819 1333 906 possessionibus
1363 821 1450 886 ad
1480 820 1755 887 eandem
1787 821 2014 887 villam
2046 821 2374 906 pertinen-

136 929 305 996 tibus
357 932 730 997 conuocatis
782 929 1034 1016 populis
1087 928 1376 995 eiusdem
1427 927 1580 996 ville
1631 929 1922 1013 Nycolao
1956 935 2020 995 et
2048 928 2374 1013 Mychaeli

134 1037 292 1124 filijs
343 1040 610 1105 Emirici
659 1038 1043 1106 statuissent
1092 1035 1256 1103 feria
1304 1035 1506 1103 tercia
1552 1045 1706 1104 ante
1758 1037 1991 1103 festum
2022 1037 2208 1104 Beati
2238 1037 2374 1121 My-

135 1143 379 1213 chaelis
427 1147 607 1212 nullo
656 1147 913 1233 penitus
979 1146 1070 1211 ibi
1126 1144 1599 1213 contradictore
1650 1145 1990 1213 existente.
2024 1147 2267 1211 Datum
2298 1147 2368 1211 in

136 1254 416 1321 crastino
448 1253 825 1323 festiuitatis
859 1254 1076 1320 Sancti
1122 1252 1494 1339 Mychaelis.

349 1363 489 1429 Nos
535 1363 759 1446 itaque
791 1362 1215 1429 consideratis
1246 1361 1549 1428 fidelibus
1583 1361 1881 1446 seruicijs
1915 1361 2225 1428 dictorum
2262 1361 2376 1428 Co-

136 1471 313 1538 mitis
345 1471 628 1556 Nycolai
659 1478 724 1539 et
753 1471 1133 1558 Mychaelis‚
1167 1491 1289 1554 qne
1307 1471 1499 1537 nobis
1522 1470 1718 1556 ijdem
1739 1472 1807 1536 in
1829 1471 2125 1537 conflictu
2144 1475 2381 1555 nostro,
2447 1466 2467 1491 ⁸

137 1598 327 1661 quem
360 1586 589 1645 contra
612 1581 852 1664 Regem
874 1579 1134 1646 Boemie
1165 1579 1528 1666 habuimus,
1562 1580 2030 1667 impenderunt,
2065 1579 2176 1645 ubi
2209 1576 2380 1645 idem
2484 1643 2487 1648 .

139 1685 364 1753 Comes
416 1687 740 1771 Nycolaus
794 1708 911 1773 per
960 1688 1238 1756 medium
1289 1687 1419 1754 oris
1470 1687 1654 1756 lance
1686 1689 2013 1775 perfossus
2046 1688 2280 1773 extitit,
2316 1695 2380 1753 et

143 1793 353 1861 dictus
386 1796 684 1882 Mycbael
715 1816 833 1881 per
864 1797 1205 1865 aduersam
1238 1796 1445 1863 aciem
1481 1794 1562 1863 de
1596 1817 1760 1880 equo
1794 1818 1907 1864 suo
1943 1799 2176 1863 lancea
2211 1794 2380 1861 deie-

142 1914 275 1969 ctus
311 1924 440 1969 non
476 1902 618 1970 sine
651 1925 893 1987 magna
921 1907 1025 1972 sui
1060 1905 1308 1974 lesione
1341 1906 1530 1989 quasi
1565 1905 1902 1971 exanimus
1935 1903 2203 1971 eductus
2242 1903 2375 1969 fue-

145 2025 231 2077 rat
286 2011 614 2080 adiutorio
665 2013 955 2080 aliorum.
1005 2014 1427 2081 Attendcntes
1479 2033 1736 2097 quoque
1778 2012 2128 2080 famulatus
2159 2032 2381 2078 eorun-

143 2118 280 2186 dem
316 2123 627 2204 inpcnsos
660 2121 844 2188 nobis
875 2124 942 2189 in
993 2123 1274 2189 ecclesia
1305 2123 1528 2188 Sancti
1561 2120 1902 2206 Laurencij
1938 2121 2018 2187 de
2050 2121 2197 2208 Hoy
2234 2141 2378 2187 cum

141 2228 386 2295 lesione
435 2237 502 2296 et
549 2238 751 2298 morte
800 2233 1071 2315 triginta
1100 2239 1347 2317 septem
1379 2233 1810 2299 seruiencium
1844 2251 2123 2317 suorum,
2153 2234 2220 2297 in
2253 2251 2382 2314 qua

141 2338 419 2406 ecclesia
467 2339 728 2406 eosdem
780 2360 896 2423 pro
930 2337 1324 2407 deffensione
1358 2341 1570 2424 gentis
1602 2339 1970 2408 Christiane
2004 2347 2230 2406 contra
2265 2340 2384 2406 Cu-

142 2466 363 2515 manos
415 2447 808 2514 duxeramus
854 2448 1351 2532 relinquendos3
1399 2468 1518 2514 nec
1551 2470 1679 2515 non
1710 2449 1913 2517 eciam
1948 2450 2102 2532 quia
2132 2448 2199 2513 in
2233 2448 2383 2532 alijs

142 2574 399 2642 semper
452 2561 515 2623 et
559 2554 796 2639 ubique
825 2556 1227 2622 necessarios
1257 2556 1443 2623 nobis
1478 2556 1907 2623 exhibuerunt
1936 2555 2289 2623 famulatus
2321 2564 2383 2623 et

141 2671 484 2749 acceptos;
521 2685 636 2752 pro
669 2672 867 2731 morte
901 2686 1153 2749 quoque
1205 2666 1580 2733 Sebastiani
1614 2666 1835 2732 fratris
1868 2668 2152 2751 ipsorum
2184 2667 2381 2732 inter-

144 2775 338 2858 empti
392 2774 459 2839 in
513 2766 997 2858 expugnacione
1031 2775 1228 2841 castri
1279 2774 1481 2841 nostri
1532 2774 1894 2841 Jauriensis
1946 2794 2061 2859 per
2091 2773 2379 2840 homines

142 2880 290 2947 dicti
338 2882 536 2965 Regis
585 2882 843 2951 Boemie
894 2882 1339 2951 fraudulenter
1391 2883 1730 2968 occupati3
1762 2883 2118 2970 predictam
2151 2885 2377 2951 villam

142 2989 299 3057 Wos
330 3010 478 3056 cum
514 2991 903 3057 vtilitatibus
935 2993 1071 3059 suis
1105 2999 1170 3057 et
1203 2993 1558 3075 pertinenci
1559 2994 1629 3077 js
1650 2992 1945 3076 Nycolao
1977 2999 2041 3059 et
2056 2991 2377 3076 Mychaeli

145 3097 516 3186 ComitibuS‚
565 3107 628 3165 et
676 3120 791 3183 per
846 3119 957 3167 eos
1006 3100 1374 3167 Benedicto'
1408 3107 1471 3165 et
1504 3099 1784 3167 Emirico
1815 3100 2127 3168 fratribus
2162 3121 2378 3167 eorum

147 3206 449 3290 dedimus,
504 3206 888 3274 donauimus
922 3213 987 3273 et
1017 3208 1411 3274 contulimus
1441 3215 1750 3293 perpetuo
1781 3207 2266 3294 possidendam.
2299 3211 2375 3275 In

145 3318 317 3385 cuius
366 3316 462 3382 rei
514 3319 886 3384 memoriam
953 3325 1458 3404 perpetuamque
1488 3316 1858 3383 firmitatem
1891 3324 2229 3404 presentes
2262 3320 2377 3385 eis-

146 3423 285 3491 dem
336 3426 771 3492 concessimus
822 3424 1078 3492 litteras
1131 3424 1459 3509 dupplicis
1509 3424 1710 3507 sigilli
1762 3426 1964 3491 nostri
2019 3427 2375 3494 munimine

144 3535 494 3602 roboratas.
534 3535 770 3599 Datum
793 3552 908 3619 per
940 3552 1168 3599 manus
1200 3531 1460 3600 discreti
1495 3533 1617 3598 viri
1649 3533 1949 3617 Magistri
1984 3534 2372 3601 Bartolomei

144 3645 449 3729 Prepositi
486 3642 565 3710 de
599 3643 797 3727 Sceps
830 3644 982 3710 aule
1013 3649 1230 3708 nostre
1256 3639 1832 3727 Vico-Cancellarij
1871 3642 2092 3709 dilecti
2126 3650 2190 3712 et
2221 3643 2373 3711 fide-

148 3753 227 3819 lis
272 3755 468 3821 nostri
521 3773 691 3819 anno
739 3750 999 3816 Domini
1042 3750 1276 3817 M⁰CC⁰
1307 3751 1745 3837 octuagesimo
1778 3751 1945 3816 11110
1974 3751 2189 3837 pridie
2219 3752 2375 3819 Idus

149 3859 449 3949 Januarij‚
480 3861 683 3943 Regni
713 3867 925 3926 autem
958 3860 1161 3927 nostri
1195 3879 1369 3926 anno
1405 3856 1584 3926 X110.
2305 3862 2311 3867 ’

385 4080 661 4145 (Ercdetie
686 4076 1016 4146 bo'rhartyan
1041 4096 1074 4129 a
1113 4082 1342 4129 nemzeti
1371 4096 1610 4132 mazeum
1639 4077 2120 4148 kezirattaraban.)

1053 4358 1471 4374 .t-———oe———-—--nffl-
