3319 5249
1745 396 1873 476 148

671 612 957 677 nostram
991 609 1433 694 approbantes
1486 612 1552 673 et
1601 605 1997 673 ratificantes
2049 604 2255 672 nostri
2288 600 2619 690 priuilegij
2656 598 2928 689 patroci-

671 719 779 785 nio
842 719 1202 784 faceremus
1270 714 1651 791 euidencius
1704 713 1997 783 solidari.
2067 715 2204 782 Nos
2265 712 2588 798 siquidem
2609 765 2628 800 ,
2677 713 2788 798 qui
2852 734 2932 781 ex

670 825 953 911 suscepti
986 822 1321 908 regiminis
1356 822 1561 891 nostri
1597 822 1809 891 officio
1862 823 2296 908 peticionibus
2344 821 2631 890 fidelium
2686 828 2930 889 nostro-

672 955 814 1001 rum
846 933 1036 1001 nobis
1068 933 1360 1017 legitime
1412 927 1728 1017 porrectis
1779 938 2077 999 tenemur
2124 948 2457 1000 occurrere
2496 950 2610 1016 pro
2644 929 2931 998 remedio

672 1049 737 1110 et
767 1043 1032 1127 fauorc;
1084 1040 1575 1109 considerantes
1608 1037 1956 1106 fidelitates
1990 1046 2053 1105 et
2084 1038 2413 1106 meritoria
2452 1037 2729 1105 seruicia
2762 1040 2927 1106 eius-

671 1150 816 1219 dem
851 1150 1145 1235 Magistri
1178 1148 1407 1218 Jacobi
1427 1200 1448 1236 ,
1498 1169 1625 1232 que
1656 1146 1830 1215 idem
1866 1148 1931 1214 in
1966 1146 2435 1234 multiplicibus
2484 1147 2693 1232 Regni
2726 1145 2944 1219 nostri

673 1257 1203 1345 expedicionibus
1225 1307 1246 1343 ,
1294 1256 1616 1323 laudabili
1670 1255 1888 1323 studio
1942 1254 2270 1340 exercuit3
2320 1261 2386 1323 et
2424 1255 2802 1340 specialiter
2832 1275 2931 1321 re-

672 1367 998 1452 colentes,
1078 1364 1250 1449 quod
1313 1384 1457 1429 cum
1522 1384 1643 1431 nos
1706 1383 1850 1430 cum
1914 1363 2099 1430 totali
2153 1361 2322 1430 mole
2353 1361 2676 1430 exercitus
2723 1364 2931 1432 nostri

672 1480 901 1543 contra
931 1473 1244 1541 insultum
1296 1471 1498 1556 Regis
1548 1471 1862 1540 Bohemie
1914 1469 2338 1554 eiusdemque
2378 1470 2700 1540 exercitus
2761 1471 2930 1539 fero-

672 1603 810 1650 cem
841 1582 1017 1667 apud
1050 1588 1332 1648 castrum
1364 1580 1687 1668 Marhayk
1720 1588 1931 1650 castra
1967 1580 2190 1649 metati
2223 1577 2571 1648 fuissemus
2591 1629 2611 1665 ‚
2661 1585 2725 1645 et
2754 1579 2930 1646 idem

672 1692 812 1758 Rex
842 1689 1149 1757 Bohemie
1181 1688 1500 1775 quosdam
1554 1687 1634 1756 de
1684 1690 1821 1758 suis
1855 1688 2303 1773 eleganciores
2352 1689 2673 1757 militibus
2705 1695 2932 1755 contra

670 1804 930 1867 nostros
980 1798 1402 1865 dimicaturos
1454 1795 1838 1880 direxisset;
1898 1793 2229 1881 predictus
2280 1795 2595 1880 Magister
2643 1784 2931 1864 Jacobus

674 1910 817 1973 cu'm
851 1904 1075 1973 eodem
1107 1905 1360 1972 Thoma
1392 1905 1573 1972 Bano
1608 1903 1870 1972 domino
1902 1925 2017 1971 suo
2053 1911 2207 1971 ante
2241 1904 2429 1991 alica,
2481 1910 2551 1970 ut
2600 1904 2701 1971 leo
2735 1904 2933 1971 intre·

672 2012 906 2099 pidus,
955 2034 1136 2082 arma
1169 2014 1426 2100 rapuit,
1478 2021 1545 2080 et
1597 2013 1663 2080 in
1697 2034 1809 2081 eos
1842 2012 2027 2081 irruit
2077 2012 2343 2081 mirifice
2390 2010 2772 2097 preliand03
2820 2012 2930 2080 vbi

678 2122 955 2190 aduerse
996 2122 1204 2208 partis
1256 2122 1433 2195 uiros
1462 2121 1815 2206 belligeros
1849 2121 1915 2188 in
1949 2119 2174 2205 fugam
2213 2125 2600 2187 convertens
2622 2171 2639 2204 ,
2692 2119 2780 2186 ad
2810 2142 2932 2205 nos

671 2251 817 2298 cum
850 2229 1174 2316 triumpho
1226 2230 1433 2296 nobili
1498 2238 1598 2297 est
1630 2247 1949 2298 reuersus.
2018 2229 2190 2296 Sane
2229 2227 2435 2297 eciam
2470 2248 2612 2294 cum
2647 2236 2933 2297 castrum

674 2345 967 2407 nostrum
996 2338 1345 2407 Jauriensc
1380 2358 1496 2423 per
1527 2337 1678 2405 fidei
1717 2336 2096 2405 temerarios
2146 2335 2502 2404 uiolatores
2547 2346 2806 2424 captum
2840 2338 2933 2404 in-

670 2443 1129 2534 oppinabiliter
1162 2466 1277 2514 seu
1313 2445 1844 2532 prodicionaliter
1877 2444 2233 2530 extitisset3
2284 2444 2578 2531 prefatus
2626 2445 2936 2530 Magister

669 2555 953 2622 Jacobus
983 2553 1154 2624 inter
1187 2557 1437 2621 ceteros
1486 2553 1699 2638 Regni
1749 2552 1958 2621 nostri
1998 2550 2256 2619 nobiles
2308 2551 2696 2620 feruenciori
2730 2552 2935 2619 fideli-

669 2663 831 2740 tatis
858 2660 1182 2730 desiderio
1246 2681 1546 2728 annexus
1601 2682 1683 2729 ea
1732 2662 1953 2747 eximij
2007 2660 2265 2748 seruicij
2320 2680 2521 2747 opera
2551 2662 2673 2727 sub
2705 2660 2933 2728 eodem

674 2770 993 2855 impendit
1026 2776 1241 2839 castro
1262 2819 1283 2856 ,
1333 2789 1459 2855 que
1491 2768 1768 2855 posteris
1818 2769 1977 2836 data
2026 2776 2173 2837 sunt
2204 2768 2271 2835 in
2305 2768 2682 2837 memoriam
2717 2767 2931 2836 effica-

674 2897 833 2946 cem.
883 2879 1276 2948 Peticionem
1329 2879 1551 2972 itaque
1580 2876 1790 2963 ipsius
1839 2876 2139 2963 Magistri
2186 2877 2419 2947 Jacobi
2475 2875 2661 2945 nobis
2713 2897 2932 2962 porre-

670 2994 840 3055 ctam
901 2987 969 3054 in
1021 2987 1146 3055 hac
1177 2993 1367 3073 parte
1405 2984 1750 3054 annuimus
1782 2992 1850 3054 et
1877 2984 2298 3071 admisimus,
2343 2992 2416 3052 ut
2466 2985 2773 3070 regaliter
2835 2984 2932 3052 sic

666 3093 985 3179 libenter;
1032 3096 1333 3163 volentes
1395 3102 1461 3163 et
1520 3093 1990 3181 concedentes,
2038 3093 2211 3180 quod
2261 3113 2304 3160 a
2353 3093 2547 3163 modo
2598 3100 2731 3160 tam
2766 3092 2932 3179 ipse,

669 3222 865 3288 quam
899 3222 1017 3287 per
1047 3223 1194 3270 eum
1243 3202 1345 3270 sui
1393 3202 1669 3271 heredes
1720 3201 2157 3286 heredumque
2205 3222 2463 3270 suorum
2519 3220 2932 3271 successores

667 3312 736 3378 in
767 3311 1096 3398 corporali
1128 3313 1547 3398 possessione
1580 3310 1837 3398 prefate
1865 3316 2032 3377 terre
2069 3309 2370 3396 Tholuoy
2401 3316 2634 3376 uocate
2664 3327 2781 3393 per
2812 3329 2930 3375 nos
2985 3367 2988 3378 .

669 3420 798 3488 sibi
829 3420 988 3489 date
1020 3419 1465 3503 sollempniter
1490 3425 1557 3487 et
1583 3438 1929 3506 concesse,
1976 3423 2288 3504 perpetuo
2342 3415 2675 3503 gaudeant
2706 3421 2772 3484 et
2803 3415 2932 3483 fru-

669 3535 898 3614 antur3
949 3545 1073 3596 nec
1102 3528 1237 3595 ullo
1272 3547 1554 3612 unquam
1589 3534 1875 3614 tempore
1904 3526 2278 3595 huiusmodi
2310 3531 2535 3594 nostre
2567 3524 2932 3592 concessio-

668 3637 771 3703 nis
802 3636 1004 3706 series
1034 3636 1103 3704 in
1135 3636 1388 3703 irritum
1439 3635 1666 3704 ualeat
1714 3634 2034 3704 reuocari.
2080 3635 2156 3701 In
2189 3637 2371 3701 cuius
2420 3632 2516 3701 rei
2555 3631 2932 3700 memoriam

666 3745 1170 3829 firmitatemque
1199 3750 1576 3831 perpetuam
1610 3750 1944 3830 presentes
1982 3742 2417 3812 concessimus
2447 3742 2706 3809 litteras
2737 3759 2936 3825 appo-

665 3854 913 3922 sicione
946 3850 1228 3938 duplicis
1260 3850 1464 3938 sigilli
1496 3850 1700 3918 nostri
1718 3849 2182 3918 inuiolabiliter
2201 3849 2655 3918 communitas.
2690 3847 2933 3914 Datum

664 3979 785 4045 per
815 3980 1049 4027 manus
1083 3959 1477 4026 venerabilis
1510 3959 1635 4027 viri
1667 3958 1967 4043 Magistri
1998 3957 2336 4028 Benedicti
2399 3957 2645 4025 Sancte
2675 3956 2927 4040 Strigo·

661 4067 912 4136 niensis
941 4067 1232 4135 Ecclesia
1279 4066 1489 4134 Electi
1534 4066 1958 4154 perpetuique
1989 4067 2253 4135 Comitis
2285 4065 2413 4135 loci
2443 4062 2756 4150 eiusdem,
2789 4065 2917 4131 Bu-

664 4173 891 4242 densis
923 4173 1219 4242 Ecclesie
1248 4175 1568 4262 Prepositi
1602 4183 1669 4244 et
1700 4174 1850 4243 aule
1882 4180 2101 4243 nostre
2132 4172 2667 4256 Vicecancellarij
2704 4171 2928 4238 dilecti

664 4290 730 4347 et
747 4280 958 4350 fidelis
980 4283 1207 4369 nostri,
1231 4302 1402 4350 anno
1424 4279 1765 4351 Dominice
1783 4281 2270 4352 Incarnacionis
2280 4278 2706 4349 M⁰cc⁰Lxx0
2722 4288 2931 4368 sexto,

663 4389 809 4456 XV.
855 4388 1182 4457 kalendas
1229 4389 1650 4478 Septembris,
1700 4390 1909 4477 Regni
1960 4398 2179 4458 autem
2217 4390 2429 4458 nostri
2460 4409 2632 4458 anno
2681 4395 2937 4475 quarto.

662 4534 939 4600 (Eredetie
966 4531 1318 4603 b6rh5rtyan,
1357 4535 1588 4603 melyriil
1617 4551 1651 4588 a
1676 4531 1859 4603 kirily
1884 4537 2065 4589 kettsss
2091 4532 2335 4604 pecsetje
2371 4534 2678 4588 vfirBs-zbld
2705 4535 2931 4600 selyem·

1020 4626 1273 4679 asinoron
1312 4627 1467 4694 sugg,
1506 4641 1541 4679 a
1572 4627 1742 4679 budai
1768 4627 1875 4680 kir.
1902 4628 2154 4680 kamarai
2183 4623 2571 4692 leveltarban.)
2795 4651 2810 4656 ·
