3319 5249
1898 367 2031 434 274

835 557 1051 626 fuerat
1100 568 1161 629 et
1210 582 1547 648 possessa,
1596 563 1929 649 dedimus,
1985 565 2405 651 donauimus,
2464 567 2850 634 contulimus
2889 572 3088 650 atque

838 667 1226 736 tradidimus
1263 674 1712 756 prenominato
1761 672 2093 740 Demetrio
2148 673 2419 759 Comiti,
2470 682 2535 741 et
2585 696 2700 760 per
2751 695 2898 741 eum
2948 675 3089 739 suis

838 774 1221 863 heredibus,
1270 778 1704 865 heredumque
1746 801 2004 847 suorum
2039 782 2514 849 successoribus
2535 833 2554 868 ,
2603 785 2740 849 iure
2771 788 3089 868 perpetuo

836 890 902 949 et
930 883 1437 952 irreuocabiliter
1469 888 1954 972 possidendam.
2000 890 2076 955 In
2108 891 2292 956 cuius
2323 891 2416 958 rei
2450 891 2824 957 memoriam
2856 910 3085 975 perpe·

835 998 1135 1077 tuamque
1182 994 1547 1062 firmitatem
1600 982 1936 1081 presentes
1989 998 2240 1065 litteras
2294 999 2725 1068 concessimus
2758 996 3088 1083 dupplicis

834 1098 1034 1183 sigilli
1066 1102 1273 1168 nostri
1311 1104 1662 1172 munimine
1699 1107 2050 1173 roboratas.
2099 1108 2343 1173 Datum
2390 1127 2509 1193 per
2559 1127 2788 1174 manus
2819 1105 3088 1171 discreti

833 1206 956 1273 viri
1002 1209 1301 1292 Magistri
1332 1210 1615 1278 Achonis
1655 1214 1808 1279 aule
1858 1221 2076 1279 nostre
2127 1214 2691 1300 vice-Cancellarij
2752 1214 2974 1281 dilecti
3019 1222 3087 1279 et

833 1315 1043 1383 fidelis
1074 1319 1276 1385 nostri
1309 1339 1477 1385 anno
1498 1320 1762 1387 Domini
1800 1323 1890 1387 Μο
1923 1322 2051 1388 00⁰
2083 1324 2536 1410 octuagesim0,
2558 1323 2738 1390 VIII.
2759 1320 3085 1389 kalendas

834 1424 1105 1510 Aprilis,
1154 1425 1362 1509 Regni
1395 1435 1611 1495 antem
1643 1429 1846 1496 nostri
1885 1450 2055 1497 anno
2088 1438 2337 1498 octauo.

831 1606 1104 1671 (Er-edetis
1130 1605 1476 1676 b6rhartyan,
1515 1610 1770 1675 melynek
1811 1610 1928 1663 also
1951 1609 2097 1663 resze
2123 1628 2158 1662 a
2183 1609 2353 1679 stiggo'
2377 1598 2642 1680 peesettel
2672 1617 2865 1679 egyiitt
2891 1613 2948 1662 ki
2976 1626 3086 1662 van

831 1694 1030 1764 vdgva„
1083 1715 1118 1749 a
1167 1715 1236 1750 m.
1263 1700 1313 1751 b.
1342 1698 1531 1768 Nyary
1558 1698 1743 1752 csalad
1769 1703 2050 1767 bagonyai
2087 1700 2481 1757 leveltaraban.
2526 1703 2755 1754 Kozolte
2780 1702 2983 1755 veliink
3008 1719 3083 1752 m.

1650 1792 1705 1842 b.
1730 1789 1918 1858 Nykry
1941 1792 2130 1844 Albert
2155 1791 2260 1861 tir.)

1875 2528 2024 2597 193.

829 2750 943 2815 IV.
993 2751 1224 2818 Ldszld
1272 2752 1624 2838 kirdlynak
1674 2750 1856 2815 Kend
1902 2759 2061 2815 nevil
2095 2750 2310 2837 findet
2359 2745 2686 2835 tcirqyazd‘
2716 2753 3085 2838 adomdnya

937 2862 1170 2926 Ladan
1198 2858 1657 2949 mvnzetseqbeli
1708 2860 1907 2942 Peter,
1960 2859 2270 2925 Zubuszl6
2281 2859 2390 2941 fia
2417 2864 2727 2925 szdmdsra.
2779 2864 2974 2930 1280.

1039 3055 1389 3125 Ladizlaus
1450 3056 1577 3123 Dei
1635 3056 1861 3141 gracia
1921 3056 2257 3141 Hungarie
2275 3108 2295 3143 ,
2348 3056 2683 3123 Dalmacie
2700 3108 2719 3143 ,
2769 3057 3067 3144 Croacie,

824 3167 1066 3252 Rame,
1111 3165 1377 3253 Seruie,
1426 3166 1704 3234 Gallicie
1724 3217 1745 3250 ,
1790 3166 2207 3253 Lodomerie,
2256 3166 2585 3250 Comanie,
2634 3166 3083 3252 Bulgarieque

824 3275 964 3340 Rex
1015 3276 1312 3342 omnibus
1366 3272 1604 3341 Christi
1634 3273 1930 3342 fidelibus
1991 3281 2322 3360 presentes
2370 3273 2516 3340 litte
2530 3294 2639 3341 ras
2690 3274 3083 3362 inspecturis

823 3384 1103 3474 salutem
1155 3385 1221 3450 in
1272 3384 1555 3451 omnium
1608 3384 1956 3451 saluatore.
2037 3383 2218 3450 Licet
2271 3383 2476 3466 Regia
2527 3384 2742 3468 pietas
2774 3403 3080 3450 manuum

827 3489 999 3580 (igy)
1032 3492 1396 3559 munificam
1432 3494 1763 3579 porrigere
1795 3492 2030 3558 debeat
2061 3491 2426 3574 vniuersis;
2461 3491 2615 3559 illos
2649 3503 2889 3578 tamen,
2924 3511 3079 3574 quo-

829 3620 969 3666 rum
1002 3601 1293 3687 probitas
1342 3608 1609 3687 experta
1659 3609 1727 3668 et
1763 3600 2037 3667 laudata
2069 3608 2166 3667 est
2198 3601 2262 3665 in
2294 3600 2621 3687 prosperis
2653 3608 2718 3667 et
2749 3599 2817 3666 in
2849 3599 3078 3666 aduer-

825 3708 955 3791 sis,
1002 3708 1458 3794 principaliori
1508 3727 1771 3775 munere
1819 3707 2012 3774 debet
2050 3706 2353 3792 prosequi
2410 3712 2474 3773 et
2524 3709 2788 3792 fauore,
2835 3716 2909 3773 ut
2959 3710 3076 3795 alij

825 3837 1045 3883 eorum
1080 3818 1374 3904 exemplo
1406 3817 1667 3884 inuitati
1718 3816 1804 3881 ad
1843 3814 2170 3883 fidelitatis
2203 3836 2406 3902 opera
2436 3816 2675 3884 sorcius
2707 3817 3070 3884 accendan-

821 3935 944 3993 tur.
993 3926 1274 3993 Proinde
1322 3926 1408 3992 ad
1460 3926 1909 3993 vniuersorum
1959 3925 2266 3992 noticiam
2306 3925 2535 3992 harum
2576 3925 2739 3992 serie
2771 3923 3070 3991 volumus

827 4035 1186 4122 peruenire,
1224 4032 1394 4118 quod
1427 4034 1741 4101 accedens
1772 4034 1856 4101 ad
1892 4041 2182 4100 nostram
2216 4033 2618 4118 presenciam
2652 4034 2880 4101 Petrus
2903 4032 3077 4098 filius

824 4143 1155 4229 Zubuzlay
1218 4142 1298 4208 de
1364 4161 1597 4225 genere
1647 4142 1876 4208 Ludan
1909 4141 2122 4207 fidelis
2153 4148 2406 4223 noster,
2462 4141 2788 4235 quandam
2839 4147 3078 4205 terram

821 4252 1031 4318 Castri
1082 4250 1428 4317 Nitriensis
1478 4249 1669 4316 Kend
1698 4257 2022 4334 vocatam,
2055 4270 2330 4316 uacuam
2364 4256 2428 4314 et
2459 4247 2928 4315 habitatoribus
2961 4245 3071 4313 de·

817 4362 1126 4444 stitutam‚
1175 4361 1356 4425 iuxta
1384 4359 1645 4425 fluuium
1679 4357 1987 4424 Radusna
2019 4357 2418 4441 existentem,
2465 4378 2507 4423 a
2543 4357 2730 4423 nobis
2766 4357 2892 4422 sibi
2914 4355 3061 4421 dari

820 4468 1197 4554 postulauit.
1264 4467 1500 4533 Verum
1553 4467 1711 4551 quia
1758 4466 1944 4532 nobis
1974 4465 2218 4532 ueritas
2250 4486 2379 4532 non
2411 4464 2795 4556 constabat⁸
2851 4470 3062 4530 utrum

820 4576 968 4662 ipsa
998 4585 1171 4642 terra
1201 4596 1411 4642 uacua
1440 4576 1559 4660 sit,
1612 4582 1676 4640 et
1726 4582 1943 4642 nostre
1991 4575 2334 4642 collacioni
2371 4574 2730 4660 pertineat,
2777 4593 2894 4639 nec
2941 4593 3069 4658 ne3

825 4684 1124 4752 fidelibus
1155 4686 1394 4753 nostris
1426 4684 1727 4769 Capitulo
1759 4684 2076 4751 Nitriensi
2107 4685 2344 4750 nostris
2377 4682 2671 4750 dedimus
2726 4681 2961 4749 litteris
2993 4683 3066 4749 in
