3319 5249
1769 412 1900 478 294

701 612 995 700 probitas
1026 609 1295 694 insignit
1324 616 1390 677 et
1420 607 1691 696 extollit,
1741 607 2162 678 consideratis
2204 608 2501 695 seruiciJs
2537 609 2748 696 ipsius
2778 607 2954 676 Petri

703 720 891 808 Bani,
926 740 1051 805 que
1082 718 1267 787 nobis
1298 717 1365 783 in
1396 716 1674 787 diuersis
1708 716 2240 806 expedicionibus
2268 719 2484 805 Regni
2517 718 2744 803 nostri,
2763 716 2956 784 bellis

710 829 1017 898 videlicet
1046 826 1373 895 intestinis
1405 832 1470 893 et
1498 827 1906 895 extrinseicis
1949 827 2204 895 Corone
2234 828 2437 913 Regis
2471 825 2956 895 incommutabi-

710 939 864 1009 liter
921 937 1294 1006 adherendo
1359 937 1697 1023 inpendit;
1756 943 1822 1005 et
1881 938 2260 1024 specialiter
2316 938 2386 1004 in
2463 935 2958 1023 expugnacione

710 1049 905 1117 castri
935 1047 1337 1136 Zombotbel,
1371 1045 1543 1132 quod
1571 1054 1764 1133 rupta
1792 1067 1953 1133 pace
1986 1053 2050 1113 et
2079 1047 2336 1117 vinculo
2373 1046 2616 1114 federis
2640 1045 2955 1113 dioeoluto

704 1176 821 1244 per
867 1158 1110 1241 Regem
1160 1158 1542 1225 Boemorum
1591 1154 1918 1223 inimicum
1964 1163 2254 1223 nostrum
2302 1162 2688 1242 occupatum
2723 1154 2953 1239 fuerat,

706 1265 819 1334 vbi
847 1265 1072 1333 letalia
1103 1266 1368 1334 sustulit
1399 1264 1665 1349 wlnera,
1699 1264 1974 1332 fideliter
2008 1265 2476 1352 exhibitorum;
2523 1262 2954 1332 consideratis

713 1376 917 1443 eciam
966 1375 1114 1462 hijs,
1148 1393 1271 1459 que
1320 1374 1385 1439 in
1430 1372 1909 1459 compescendis
1943 1372 2215 1459 Oroatys
2252 1381 2318 1441 et
2350 1371 2713 1441 hominibus
2745 1379 2955 1439 trans·

707 1482 1032 1570 drauanis,
1083 1482 1191 1568 qui
1238 1502 1308 1551 se
1359 1482 1442 1548 de
1488 1479 1955 1566 Jurisdiceione
2004 1488 2228 1548 nostra
2277 1481 2579 1550 volebant
2635 1481 2951 1567 alienare,

708 1593 890 1677 ipsos
938 1591 1240 1676 potencie
1286 1596 1507 1657 nostre
1554 1588 1923 1657 reducendo
1974 1596 2041 1659 et
2091 1590 2513 1678 restituendo,
2567 1591 2859 1658 exercuit
2892 1597 2960 1657 et

709 1697 1024 1785 inpendit.
1055 1701 1220 1766 Tam
1250 1698 1446 1782 igitur
1477 1699 1561 1765 ob
1592 1698 2264 1783 recompensacionem
2296 1698 2713 1765 seruiciorum
2745 1698 2958 1784 ipsius

707 1808 881 1876 Petri
933 1807 1096 1874 Bani
1144 1808 1667 1893 prescriptorum,
1720 1812 1785 1872 et
1816 1805 2092 1873 aliorum
2126 1827 2319 1890 quam
2351 1807 2793 1892 plurimorum,
2824 1823 2951 1888 que

712 1923 977 2003 propter
1025 1916 1124 1983 sui
1176 1914 1647 1981 multitudinem
1699 1914 1960 1997 longum
2011 1923 2183 1982 esset
2234 1934 2575 2000 enarrare;
2635 1920 2699 1981 et
2748 1912 2953 1981 eciam

719 2025 978 2092 racione
1029 2025 1165 2109 illa,
1216 2045 1299 2090 ne
1340 2022 1405 2090 in
1440 2022 1963 2109 possessionibus
1995 2023 2149 2091 olim
2181 2043 2299 2109 per
2328 2023 2777 2109 progenitores
2809 2041 2962 2088 suos

719 2132 1061 2221 possessis,
1096 2140 1161 2198 et
1190 2132 1592 2216 postmodum
1628 2129 1862 2197 Comiti
1893 2131 2100 2198 Paulo
2132 2131 2315 2198 fratri
2349 2151 2466 2197 suo
2498 2149 2615 2215 per
2656 2149 2778 2197 nos
2829 2137 2957 2195 tra·

724 2240 911 2325 ditis,
963 2246 1339 2307 extraneum
1392 2238 1610 2307 doleat
1657 2259 2131 2326 possessorem;
2190 2238 2427 2306 dictam
2476 2238 2958 2324 possessionem

720 2349 935 2436 Gayul
983 2349 1107 2435 ipsi
1158 2350 1347 2416 Petro
1396 2350 1577 2416 Bano
1609 2357 1675 2416 et
1704 2368 1821 2434 per
1852 2369 1995 2414 eum
2030 2349 2275 2415 Kemen
2307 2346 2496 2414 fratri
2527 2368 2646 2414 suo
2677 2343 2961 2412 reddidi·

717 2478 881 2545 mus,
914 2457 1326 2543 restituimus,
1356 2454 1671 2540 dedimus,
1707 2456 2088 2523 donauimus
2131 2463 2195 2522 et
2222 2456 2613 2523 contulimus
2633 2457 2783 2540 jure
2815 2473 2963 2541 per-

721 2573 914 2653 petuo
946 2573 1010 2634 et
1038 2564 1553 2635 irreuocabiliter
1584 2565 2085 2654 possidendam3
2122 2564 2398 2634 cassatis
2418 2564 2712 2634 omnibus
2728 2561 2964 2630 litteris

726 2680 790 2742 et
839 2674 1206 2761 priuilegijs
1256 2674 1554 2759 cuiquam
1605 2695 1800 2762 super
1848 2674 2202 2742 collacione
2260 2673 2465 2760 ipsius
2516 2671 2963 2759 possessionis,

721 2790 937 2870 preter
966 2782 1175 2869 ipsum
1207 2784 1463 2849 Petrum
1495 2784 1766 2869 Banum,
1798 2780 1972 2849 datis
2006 2789 2070 2850 ct
2087 2781 2454 2866 concessis;
2486 2789 2550 2848 et
2580 2781 2964 2863 Vbicumque

726 2895 790 2957 et
837 2908 950 2977 per
999 2910 1442 2975 quemcunque
1472 2889 1759 2958 exhibitc
1787 2890 2039 2972 fuerint,
2072 2890 2318 2958 viribus
2349 2895 2611 2958 careant
2640 2894 2702 2955 et
2734 2890 2966 2957 inanes

726 2998 1105 3066 habeantur.
1154 3000 1229 3064 In
1281 3000 1464 3067 cuius
1515 2999 1609 3066 rei
1642 2999 2022 3067 memoriam
2056 3004 2562 3086 perpetuamque
2597 2999 2965 3065 firmitatem

727 3113 1060 3194 presentes
1092 3107 1526 3175 concessimus
1576 3108 1832 3175 litteras
1882 3107 2206 3194 dupplicis
2256 3108 2461 3192 sigilli
2513 3106 2713 3174 nostri
2761 3109 2964 3175 muni·

731 3213 903 3281 mine
952 3213 1311 3282 roboratas.
1390 3217 1629 3282 Datum
1690 3235 1804 3300 per
1854 3235 2083 3282 manus
2133 3215 2434 3300 Magistri
2482 3214 2789 3301 Anthonij
2844 3216 2966 3281 viri

729 3321 986 3390 discreti
1032 3324 1181 3389 aule
1229 3330 1448 3391 nostre
1479 3323 1637 3390 Vice
1671 3323 2052 3407 Cancellarij
2106 3322 2325 3391 dilecti
2369 3330 2435 3390 et
2480 3322 2694 3392 fidelis
2743 3325 2968 3410 nostri,

730 3452 900 3498 anno
920 3432 1181 3498 Domini
1201 3431 1576 3501 millessimo
1601 3432 2037 3502 ducentesimo
2056 3434 2496 3518 octuagesimo
2517 3433 2742 3520 prime,
2762 3432 2968 3517 Regni

731 3547 948 3609 autem
976 3540 1177 3609 nostri
1207 3561 1380 3608 anno
1409 3560 1599 3607 nono.

731 3739 1040 3807 (zsigmond
1083 3739 1371 3807 kiralynak
1419 3742 1572 3793 1420.
1615 3742 1711 3791 VI.
1746 3741 1868 3796 idus
1901 3741 2135 3809 Augusti
2160 3740 2373 3793 kiadott
2396 3740 2722 3808 megerb'sitb'
2745 3739 2964 3809 privile-

733 3825 1030 3897 giumabol,
1074 3831 1275 3899 melyet
1316 3828 1439 3883 ker-t
1482 3832 1782 3900 „Egregius
1823 3831 2111 3884 Ladislaus
2155 3826 2303 3882 filius
2346 3830 2562 3882 Nicolai
2587 3829 2688 3897 filij
2716 3832 2877 3884 Pauli
2901 3834 2970 3884 de

737 3918 932 3976 Pukur
951 3925 1008 3974 in
1051 3938 1153 3974 sna
1196 3938 1262 3974 ac
1287 3922 1571 3990 Magnifiei
1598 3922 1635 3971 J
1638 3923 1865 3974 ohannis
1891 3923 1958 3974 de
1981 3921 2196 3974 Maroth
2220 3918 2359 3974 alias
2386 3923 2527 3973 Bani
2551 3923 2721 3975 nostri
2745 3922 2968 3975 Macho-

1054 4010 1257 4064 uiensis
1280 4006 1559 4081 personis“
1582 4032 1595 4077 ς
1625 4027 1659 4063 a
1684 4012 1848 4065 budai
1872 4011 1978 4064 kir.
2004 4012 2249 4065 kamarai
2275 4008 2648 4078 leveltarban.)
