3319 5249
1737 371 1865 434 216

662 571 948 652 dumque
978 583 1381 633 successores
1421 585 1501 631 ex
1532 563 1893 630 donacione
1927 562 2173 630 domini
2206 563 2367 630 Bele
2399 561 2658 649 (Regis)
2691 563 2928 631 inclite

664 675 974 747 memorie
1036 673 1174 740 iure
1237 671 1625 740 hereditario
1676 670 2010 757 possidere
2040 669 2583 751 dinoscebantur,
2632 670 2930 738 vendidit

662 784 957 852 Plebano
988 780 1360 866 supradicto
1398 800 1476 846 ac
1508 778 1818 845 fratribus
1844 777 2135 845 eiusdem
2168 798 2287 865 pro
2320 778 2662 862 sexaginta
2695 780 2929 845 marcis

666 892 875 958 minus
909 889 1118 957 tribus
1152 887 1386 954 marcis
1406 939 1425 972 ‚
1474 905 1669 969 quam
1722 885 1985 970 quidem
2017 885 2414 953 solucionem
2451 884 2663 953 dictus
2695 886 2927 952 Pleba-

667 1018 790 1065 nus
823 1004 889 1064 et
920 994 1158 1063 fratres
1190 994 1478 1062 eiusdem
1531 1014 1747 1062 coram
1798 994 1986 1062 nobis
2019 994 2350 1061 antedicto
2381 992 2702 1061 Anthaleo
2736 994 2928 1079 plene

668 1111 732 1171 et
761 1106 1033 1188 integre
1051 1103 1549 1189 persoluerunt;
1615 1101 1969 1188 assumpsit
2007 1101 2213 1169 eciam
2244 1101 2439 1188 ydem
2470 1099 2830 1169 Anthaleus
2861 1110 2925 1169 et

669 1211 841 1278 filius
873 1211 1186 1298 eiusdem,
1238 1210 1409 1294 quod
1443 1210 1858 1296 priuilegium
1896 1210 2140 1277 domini
2180 1210 2379 1294 Regis
2411 1209 2571 1276 Bele
2604 1218 2670 1276 et
2702 1211 2928 1277 omnia

670 1318 1138 1405 instrumenta,
1186 1337 1309 1385 nec
1360 1339 1490 1385 non
1540 1324 1606 1383 et
1656 1319 2094 1404 munimenta,
2166 1337 2291 1402 que
2328 1336 2525 1401 super
2556 1317 2735 1386 dicta
2765 1316 2929 1384 villa

672 1426 914 1494 habere
946 1418 1473 1510 dinoscebantur,⁸
1510 1426 1596 1493 ad
1637 1446 1867 1494 manus
1900 1425 2216 1510 sepedicti
2249 1425 2523 1493 Plebani
2555 1432 2620 1492 et
2651 1424 2928 1493 fratrum

676 1553 937 1603 suorum
972 1540 1371 1619 statuerent3
1421 1535 1476 1602 si
1511 1554 1643 1618 qua
1676 1554 1831 1602 uero
1863 1554 1997 1601 non
2028 1540 2390 1602 statuerent
2429 1535 2511 1603 de
2548 1541 2765 1602 cetero
2795 1533 2937 1600 nul·

576 1641 580 1646 ’
677 1640 801 1708 lius
835 1650 1052 1710 essent
1103 1643 1346 1727 uigoris
1398 1643 1505 1709 uel
1559 1645 1884 1711 momenti.
1931 1642 2321 1727 obligarunt
2372 1644 2579 1710 eciam
2630 1663 2702 1711 se
2733 1641 2937 1726 ijdem

674 1749 1043 1818 Anthaleus
1078 1757 1143 1818 et
1172 1751 1341 1818 filius
1375 1750 1668 1820 eiusdem
1694 1803 1711 1836 ,
1762 1759 1832 1821 vt
1864 1753 2233 1837 quicunque
2262 1751 2629 1839 inpulsaret
2662 1751 2937 1819 eundem

680 1856 1042 1926 Plebanum
1093 1877 1173 1924 ac
1221 1859 1455 1927 fratres
1510 1859 1801 1929 eiusdem
1852 1880 2047 1947 super
2098 1861 2275 1927 dicta
2312 1861 2694 1940 hereditate,
2744 1879 2936 1943 expe-

680 1966 819 2032 dire
851 1972 1227 2034 teneruntur
1276 1969 1632 2035 secundum
1684 1970 1893 2053 Regni
1925 1968 2451 2037 consuetudinem
2480 1970 2935 2055 approbatam.

682 2073 765 2138 Et
830 2080 899 2140 ut
948 2073 1106 2141 facti
1155 2076 1358 2143 series
1409 2078 1606 2145 robur
1657 2078 1969 2162 obtineat,
2019 2076 2229 2145 dictus
2266 2077 2633 2144 Anthaleus
2666 2084 2732 2144 et
2762 2075 2939 2143 filius

682 2179 966 2247 eiusdem
1004 2181 1461 2265 obligauerunt
1510 2208 1582 2254 se
1637 2207 1851 2254 coram
1892 2187 2078 2254 nobis
2100 2236 2120 2273 ,
2168 2185 2616 2270 prenominato
2649 2185 2939 2251 Plebano

686 2294 751 2353 et
804 2288 1124 2356 fratribus
1172 2291 1460 2358 eiusdem
1511 2315 1655 2361 cum
1708 2293 2050 2381 priuilegio
2103 2292 2346 2359 domini
2397 2292 2694 2360 Ladizlai
2737 2290 2937 2373 Regis

683 2429 771 2442 —·
823 2429 911 2442 —·
968 2434 1040 2443 —
1092 2398 1491 2468 confirmare.
1557 2403 1797 2469 Datum
1850 2423 2023 2468 anno
2076 2401 2339 2469 Domini
2397 2398 2621 2468 M⁰cc⁰
2684 2404 2937 2484 septua-

683 2504 930 2586 gesimo
965 2510 1213 2571 octauo.

688 2680 756 2744 (A
782 2687 991 2749 szepesi
1020 2681 1400 2752 kaptalannak
1449 2691 1602 2740 1301.
1644 2693 1738 2758 „in
1776 2695 2009 2742 crastino
2038 2691 2355 2743 festiuitatis
2381 2667 2748 2740 Beato'Lucie
2773 2687 2938 2751 virgi-

685 2767 804 2823 nis“
833 2772 949 2824 kelt
975 2769 1283 2845 atiratabol,
1329 2794 1362 2829 a
1410 2774 1651 2845 Barczay
1680 2776 1864 2831 esalad
1892 2777 2302 2843 leveltarabam
2342 2779 2556 2831 kozolto
2581 2772 2942 2838 Radvanszky

1729 2867 1905 2934 Belo.)

1750 3565 1898 3633 153.

693 3761 751 3827 A
785 3767 1047 3828 υαευιίνί
1094 3764 1528 3850 ka'ptalcmnak
1577 3766 2101 3851 bizonysciylevele
2123 3815 2141 3845 ‚
2208 3767 2374 3850 hoyy
2425 3763 2740 3828 Hermam:
2790 3764 2945 3829 Bal·

703 3873 864 3938 duin
895 3874 957 3936 e's
992 3872 1253 3936 Meirton
1303 3897 1343 3936 (ι
1394 3873 1640 3938 szaldlci
1689 3878 1812 3937 vcir
1842 3876 2038 3959 helye't
2091 3875 2304 3938 Rubin
2343 3872 2750 3958 etl-vajcldnak
2780 3872 2948 3935 elad-

1639 3981 1770 4045 tdk.
1808 3985 2001 4047 1278.

1161 4162 1219 4222 Α
1588 4156 1644 4222 Β
2014 4158 2063 4223 C
2432 4158 2492 4221 D

909 4318 1046 4385 Nos
1108 4318 1478 4405 Capitulum
1540 4318 1837 4387 Ecclesie
1899 4320 2122 4387 Sancti
2172 4317 2511 4385 Michaelis
2575 4319 2658 4385 de
2721 4318 2951 4386 Castro

700 4427 940 4493 Ferreo
972 4434 1193 4494 notum
1227 4427 1498 4494 facimus
1533 4434 1756 4495 tenore
1786 4426 2186 4512 presencium
2219 4425 2563 4509 uniuersis,
2606 4425 2772 4510 quod
2807 4427 2952 4492 Bal·

700 4533 941 4601 duinus
975 4540 1039 4600 et
1070 4534 1387 4602 Martinus
1419 4535 1537 4619 filij
1574 4533 2015 4602 Bartholomei
2067 4534 2149 4601 de
2197 4536 2487 4602 Herman
2517 4554 2732 4602 coram
2764 4534 2955 4602 nobis

699 4643 1029 4709 constituti
1079 4643 1287 4709 locum
1342 4641 1535 4726 castri
1589 4644 1785 4710 situm
1841 4644 1907 4710 in
1958 4652 2132 4711 terra
2168 4631 2388 4711 Zalak
2419 4663 2562 4709 cum
2597 4642 2952 4709 t'ossatibus
