<?xml version="1.0" encoding="UTF-8"?>
<!DOCTYPE html PUBLIC "-//W3C//DTD XHTML 1.0 Transitional//EN"
    "http://www.w3.org/TR/xhtml1/DTD/xhtml1-transitional.dtd">
<html xmlns="http://www.w3.org/1999/xhtml" xml:lang="en" lang="en">
 <head>
  <title>
</title>
<meta http-equiv="Content-Type" content="text/html;charset=utf-8" />
  <meta name='ocr-system' content='tesseract 3.04.00' />
  <meta name='ocr-capabilities' content='ocr_page ocr_carea ocr_par ocr_line ocrx_word'/>
</head>
<body>
  <div class='ocr_page' id='page_1' title='image "./rpdkorijokmnytr00wenzgoog_0510.png"; bbox 0 0 3319 5249; ppageno 0'>
   <div class='ocr_carea' id='block_1_1' title="bbox 1780 278 1914 344">
    <p class='ocr_par' dir='ltr' id='par_1_1' title="bbox 1780 278 1914 344">
     <span class='ocr_line' id='line_1_1' title="bbox 1780 278 1914 344; baseline -0.007 0"><span class='ocrx_word' id='word_1_1' title='bbox 1780 278 1914 344; x_wconf 86' lang='lat'>434</span> 
     </span>
    </p>
   </div>
   <div class='ocr_carea' id='block_1_2' title="bbox 1691 366 2020 382">
    <p class='ocr_par' dir='ltr' id='par_1_2' title="bbox 1691 366 2020 382">
     <span class='ocr_line' id='line_1_2' title="bbox 1691 366 2020 382; baseline 0 0"><span class='ocrx_word' id='word_1_2' title='bbox 1691 366 2020 382; x_wconf 95' lang='lat' dir='ltr'> </span> 
     </span>
    </p>
   </div>
   <div class='ocr_carea' id='block_1_3' title="bbox 664 467 3006 4410">
    <p class='ocr_par' dir='ltr' id='par_1_3' title="bbox 664 467 3006 3999">
     <span class='ocr_line' id='line_1_3' title="bbox 729 467 2983 568; baseline -0.006 -17"><span class='ocrx_word' id='word_1_3' title='bbox 729 490 918 568; x_wconf 89' lang='lat' dir='ltr'>patus</span> <span class='ocrx_word' id='word_1_4' title='bbox 947 478 1422 563; x_wconf 85' lang='lat' dir='ltr'>Traguriensis,</span> <span class='ocrx_word' id='word_1_5' title='bbox 1454 476 1714 543; x_wconf 92' lang='lat' dir='ltr'>nomine</span> <span class='ocrx_word' id='word_1_6' title='bbox 1733 480 1799 541; x_wconf 85' lang='lat' dir='ltr'>et</span> <span class='ocrx_word' id='word_1_7' title='bbox 1816 475 1959 541; x_wconf 84' lang='lat' dir='ltr'>vice</span> <span class='ocrx_word' id='word_1_8' title='bbox 1981 471 2136 539; x_wconf 90' lang='lat' dir='ltr'>dicti</span> <span class='ocrx_word' id='word_1_9' title='bbox 2170 467 2460 556; x_wconf 81' lang='lat' dir='ltr'>Capituli</span> <span class='ocrx_word' id='word_1_10' title='bbox 2478 489 2560 535; x_wconf 84' lang='lat' dir='ltr'>ex</span> <span class='ocrx_word' id='word_1_11' title='bbox 2598 490 2727 537; x_wconf 84' lang='lat' dir='ltr'>vna</span> <span class='ocrx_word' id='word_1_12' title='bbox 2752 475 2939 556; x_wconf 83' lang='lat' dir='ltr'>parte</span> <span class='ocrx_word' id='word_1_13' title='bbox 2964 495 2983 556; x_wconf 88' lang='lat'>;</span> 
     </span>
     <span class='ocr_line' id='line_1_4' title="bbox 728 577 2984 665; baseline -0.006 -7"><span class='ocrx_word' id='word_1_14' title='bbox 728 598 794 658; x_wconf 89' lang='lat' dir='ltr'>ct</span> <span class='ocrx_word' id='word_1_15' title='bbox 820 589 1059 655; x_wconf 91' lang='lat' dir='ltr'>nobilis</span> <span class='ocrx_word' id='word_1_16' title='bbox 1091 587 1191 654; x_wconf 86' lang='lat' dir='ltr'>vir</span> <span class='ocrx_word' id='word_1_17' title='bbox 1221 583 1525 652; x_wconf 87' lang='lat' dir='ltr'>dominns</span> <span class='ocrx_word' id='word_1_18' title='bbox 1555 580 1918 648; x_wconf 89' lang='lat' dir='ltr'>Palmerius</span> <span class='ocrx_word' id='word_1_19' title='bbox 1949 578 2197 648; x_wconf 89' lang='lat' dir='ltr'>domini</span> <span class='ocrx_word' id='word_1_20' title='bbox 2227 577 2410 645; x_wconf 89' lang='lat' dir='ltr'>Falci</span> <span class='ocrx_word' id='word_1_21' title='bbox 2443 577 2522 644; x_wconf 91' lang='lat' dir='ltr'>de</span> <span class='ocrx_word' id='word_1_22' title='bbox 2576 579 2792 644; x_wconf 86' lang='lat' dir='ltr'>Firmo</span> <span class='ocrx_word' id='word_1_23' title='bbox 2843 601 2984 665; x_wconf 89' lang='lat' dir='ltr'>pre·</span> 
     </span>
     <span class='ocr_line' id='line_1_5' title="bbox 664 686 2986 779; baseline -0.004 -16"><span class='ocrx_word' id='word_1_24' title='bbox 664 750 669 753; x_wconf 71' lang='lat'>,</span> <span class='ocrx_word' id='word_1_25' title='bbox 725 696 899 762; x_wconf 86' lang='lat' dir='ltr'>dictc</span> <span class='ocrx_word' id='word_1_26' title='bbox 930 688 1231 761; x_wconf 88' lang='lat' dir='ltr'>Ciuitatis</span> <span class='ocrx_word' id='word_1_27' title='bbox 1263 688 1569 779; x_wconf 86' lang='lat' dir='ltr'>Tragurij</span> <span class='ocrx_word' id='word_1_28' title='bbox 1606 690 1928 773; x_wconf 89' lang='lat' dir='ltr'>Potestas,</span> <span class='ocrx_word' id='word_1_29' title='bbox 1959 686 2041 753; x_wconf 89' lang='lat' dir='ltr'>de</span> <span class='ocrx_word' id='word_1_30' title='bbox 2073 686 2412 752; x_wconf 88' lang='lat' dir='ltr'>voluntate</span> <span class='ocrx_word' id='word_1_31' title='bbox 2442 686 2788 753; x_wconf 77' lang='lat' dir='ltr'>Generalis</span> <span class='ocrx_word' id='word_1_32' title='bbox 2820 687 2986 754; x_wconf 91' lang='lat' dir='ltr'>Con-</span> 
     </span>
     <span class='ocr_line' id='line_1_6' title="bbox 724 794 2981 887; baseline -0.004 -18"><span class='ocrx_word' id='word_1_33' title='bbox 724 802 856 887; x_wconf 88' lang='lat' dir='ltr'>silij</span> <span class='ocrx_word' id='word_1_34' title='bbox 894 801 1048 868; x_wconf 89' lang='lat' dir='ltr'>dieti</span> <span class='ocrx_word' id='word_1_35' title='bbox 1081 797 1453 867; x_wconf 84' lang='lat' dir='ltr'>Communis</span> <span class='ocrx_word' id='word_1_36' title='bbox 1506 817 1588 864; x_wconf 84' lang='lat' dir='ltr'>ex</span> <span class='ocrx_word' id='word_1_37' title='bbox 1624 796 1874 880; x_wconf 87' lang='lat' dir='ltr'>altera;</span> <span class='ocrx_word' id='word_1_38' title='bbox 1909 795 2304 861; x_wconf 87' lang='lat' dir='ltr'>vnanimiter</span> <span class='ocrx_word' id='word_1_39' title='bbox 2336 798 2403 859; x_wconf 88' lang='lat' dir='ltr'>et</span> <span class='ocrx_word' id='word_1_40' title='bbox 2431 794 2839 860; x_wconf 83' lang='lat' dir='ltr'>concorditer</span> <span class='ocrx_word' id='word_1_41' title='bbox 2870 814 2981 860; x_wconf 89' lang='lat' dir='ltr'>su-</span> 
     </span>
     <span class='ocr_line' id='line_1_7' title="bbox 728 899 2988 995; baseline -0.004 -18"><span class='ocrx_word' id='word_1_42' title='bbox 728 930 845 995; x_wconf 90' lang='lat' dir='ltr'>per</span> <span class='ocrx_word' id='word_1_43' title='bbox 875 909 1143 976; x_wconf 81' lang='lat' dir='ltr'>decimis</span> <span class='ocrx_word' id='word_1_44' title='bbox 1176 904 1409 973; x_wconf 85' lang='lat' dir='ltr'>dandis</span> <span class='ocrx_word' id='word_1_45' title='bbox 1457 904 1543 970; x_wconf 91' lang='lat' dir='ltr'>ad</span> <span class='ocrx_word' id='word_1_46' title='bbox 1575 904 1774 971; x_wconf 88' lang='lat' dir='ltr'>talem</span> <span class='ocrx_word' id='word_1_47' title='bbox 1801 899 2214 969; x_wconf 81' lang='lat' dir='ltr'>concordiam</span> <span class='ocrx_word' id='word_1_48' title='bbox 2249 901 2663 986; x_wconf 85' lang='lat' dir='ltr'>denenernnt‚</span> <span class='ocrx_word' id='word_1_49' title='bbox 2693 903 2988 970; x_wconf 87' lang='lat' dir='ltr'>seilicet:</span> 
     </span>
     <span class='ocr_line' id='line_1_8' title="bbox 727 1007 2992 1100; baseline -0.003 -18"><span class='ocrx_word' id='word_1_50' title='bbox 727 1016 901 1100; x_wconf 88' lang='lat' dir='ltr'>quod</span> <span class='ocrx_word' id='word_1_51' title='bbox 934 1014 1205 1100; x_wconf 82' lang='lat' dir='ltr'>quilibet</span> <span class='ocrx_word' id='word_1_52' title='bbox 1236 1009 1693 1096; x_wconf 85' lang='lat' dir='ltr'>Traguriensis</span> <span class='ocrx_word' id='word_1_53' title='bbox 1740 1007 1904 1075; x_wconf 87' lang='lat' dir='ltr'>ciuis</span> <span class='ocrx_word' id='word_1_54' title='bbox 1955 1014 2253 1075; x_wconf 85' lang='lat' dir='ltr'>teneatur</span> <span class='ocrx_word' id='word_1_55' title='bbox 2303 1014 2366 1075; x_wconf 90' lang='lat' dir='ltr'>et</span> <span class='ocrx_word' id='word_1_56' title='bbox 2417 1008 2653 1077; x_wconf 89' lang='lat' dir='ltr'>debeat</span> <span class='ocrx_word' id='word_1_57' title='bbox 2683 1009 2992 1076; x_wconf 84' lang='lat' dir='ltr'>exhibere</span> 
     </span>
     <span class='ocr_line' id='line_1_9' title="bbox 727 1117 2995 1203; baseline -0.004 -14"><span class='ocrx_word' id='word_1_58' title='bbox 727 1123 1043 1189; x_wconf 84' lang='lat' dir='ltr'>decimam</span> <span class='ocrx_word' id='word_1_59' title='bbox 1101 1123 1226 1187; x_wconf 92' lang='lat' dir='ltr'>hoc</span> <span class='ocrx_word' id='word_1_60' title='bbox 1286 1119 1514 1203; x_wconf 81' lang='lat' dir='ltr'>mod03</span> <span class='ocrx_word' id='word_1_61' title='bbox 1576 1137 1696 1203; x_wconf 92' lang='lat' dir='ltr'>pro</span> <span class='ocrx_word' id='word_1_62' title='bbox 1748 1117 2040 1200; x_wconf 88' lang='lat' dir='ltr'>quolibet</span> <span class='ocrx_word' id='word_1_63' title='bbox 2090 1117 2256 1184; x_wconf 87' lang='lat' dir='ltr'>boue</span> <span class='ocrx_word' id='word_1_64' title='bbox 2303 1125 2535 1185; x_wconf 90' lang='lat' dir='ltr'>arante</span> <span class='ocrx_word' id='word_1_65' title='bbox 2595 1138 2790 1185; x_wconf 83' lang='lat' dir='ltr'>vnum</span> <span class='ocrx_word' id='word_1_66' title='bbox 2861 1138 2995 1183; x_wconf 90' lang='lat' dir='ltr'>mo·</span> 
     </span>
     <span class='ocr_line' id='line_1_10' title="bbox 728 1221 2990 1315; baseline -0.003 -21"><span class='ocrx_word' id='word_1_67' title='bbox 728 1230 905 1296; x_wconf 89' lang='lat' dir='ltr'>dium</span> <span class='ocrx_word' id='word_1_68' title='bbox 969 1227 1192 1315; x_wconf 88' lang='lat' dir='ltr'>bladi,</span> <span class='ocrx_word' id='word_1_69' title='bbox 1255 1225 1502 1294; x_wconf 87' lang='lat' dir='ltr'>scilicet</span> <span class='ocrx_word' id='word_1_70' title='bbox 1562 1221 1849 1291; x_wconf 87' lang='lat' dir='ltr'>medium</span> <span class='ocrx_word' id='word_1_71' title='bbox 1910 1224 2208 1290; x_wconf 88' lang='lat' dir='ltr'>modium</span> <span class='ocrx_word' id='word_1_72' title='bbox 2272 1225 2496 1309; x_wconf 88' lang='lat' dir='ltr'>grani,</span> <span class='ocrx_word' id='word_1_73' title='bbox 2581 1231 2645 1290; x_wconf 91' lang='lat' dir='ltr'>et</span> <span class='ocrx_word' id='word_1_74' title='bbox 2706 1223 2990 1288; x_wconf 89' lang='lat' dir='ltr'>medium</span> 
     </span>
     <span class='ocr_line' id='line_1_11' title="bbox 728 1330 2993 1422; baseline -0.003 -21"><span class='ocrx_word' id='word_1_75' title='bbox 728 1335 942 1422; x_wconf 87' lang='lat' dir='ltr'>ordei,</span> <span class='ocrx_word' id='word_1_76' title='bbox 1004 1355 1118 1421; x_wconf 92' lang='lat' dir='ltr'>pro</span> <span class='ocrx_word' id='word_1_77' title='bbox 1180 1333 1475 1400; x_wconf 89' lang='lat' dir='ltr'>omnibns</span> <span class='ocrx_word' id='word_1_78' title='bbox 1557 1330 1824 1398; x_wconf 84' lang='lat' dir='ltr'>decimis</span> <span class='ocrx_word' id='word_1_79' title='bbox 1905 1330 2122 1399; x_wconf 91' lang='lat' dir='ltr'>debito</span> <span class='ocrx_word' id='word_1_80' title='bbox 2184 1331 2611 1418; x_wconf 87' lang='lat' dir='ltr'>exhibendis,</span> <span class='ocrx_word' id='word_1_81' title='bbox 2695 1330 2993 1415; x_wconf 83' lang='lat' dir='ltr'>exceptis</span> 
     </span>
     <span class='ocr_line' id='line_1_12' title="bbox 730 1438 2994 1526; baseline -0.003 -16"><span class='ocrx_word' id='word_1_82' title='bbox 730 1444 1005 1511; x_wconf 89' lang='lat' dir='ltr'>decimis</span> <span class='ocrx_word' id='word_1_83' title='bbox 1052 1461 1388 1526; x_wconf 88' lang='lat' dir='ltr'>agnorum.</span> <span class='ocrx_word' id='word_1_84' title='bbox 1452 1438 1560 1505; x_wconf 93' lang='lat' dir='ltr'>Illi</span> <span class='ocrx_word' id='word_1_85' title='bbox 1619 1458 1775 1507; x_wconf 81' lang='lat' dir='ltr'>vero</span> <span class='ocrx_word' id='word_1_86' title='bbox 1794 1489 1813 1523; x_wconf 88' lang='lat'>,</span> <span class='ocrx_word' id='word_1_87' title='bbox 1877 1439 1987 1521; x_wconf 93' lang='lat' dir='ltr'>qui</span> <span class='ocrx_word' id='word_1_88' title='bbox 2049 1446 2286 1507; x_wconf 87' lang='lat' dir='ltr'>terram</span> <span class='ocrx_word' id='word_1_89' title='bbox 2347 1440 2633 1524; x_wconf 87' lang='lat' dir='ltr'>proprijs</span> <span class='ocrx_word' id='word_1_90' title='bbox 2692 1438 2994 1504; x_wconf 87' lang='lat' dir='ltr'>manibus</span> 
     </span>
     <span class='ocr_line' id='line_1_13' title="bbox 730 1546 2992 1639; baseline -0.003 -22"><span class='ocrx_word' id='word_1_91' title='bbox 730 1551 985 1639; x_wconf 86' lang='lat' dir='ltr'>colunt,</span> <span class='ocrx_word' id='word_1_92' title='bbox 1050 1549 1152 1617; x_wconf 83' lang='lat' dir='ltr'>vel</span> <span class='ocrx_word' id='word_1_93' title='bbox 1213 1551 1414 1617; x_wconf 90' lang='lat' dir='ltr'>boues</span> <span class='ocrx_word' id='word_1_94' title='bbox 1476 1547 1730 1614; x_wconf 90' lang='lat' dir='ltr'>alienos</span> <span class='ocrx_word' id='word_1_95' title='bbox 1780 1548 2184 1632; x_wconf 86' lang='lat' dir='ltr'>conducunt,</span> <span class='ocrx_word' id='word_1_96' title='bbox 2232 1546 2553 1614; x_wconf 85' lang='lat' dir='ltr'>decimam</span> <span class='ocrx_word' id='word_1_97' title='bbox 2614 1554 2992 1615; x_wconf 83' lang='lat' dir='ltr'>consuetam</span> 
     </span>
     <span class='ocr_line' id='line_1_14' title="bbox 731 1655 3000 1742; baseline -0.002 -17"><span class='ocrx_word' id='word_1_98' title='bbox 731 1658 889 1725; x_wconf 83' lang='lat' dir='ltr'>dare</span> <span class='ocrx_word' id='word_1_99' title='bbox 951 1666 1290 1727; x_wconf 87' lang='lat' dir='ltr'>teneantur</span> <span class='ocrx_word' id='word_1_100' title='bbox 1312 1708 1331 1742; x_wconf 89' lang='lat'>,</span> <span class='ocrx_word' id='word_1_101' title='bbox 1394 1655 1561 1722; x_wconf 86' lang='lat' dir='ltr'>sicut</span> <span class='ocrx_word' id='word_1_102' title='bbox 1621 1655 1936 1724; x_wconf 88' lang='lat' dir='ltr'>hactenns</span> <span class='ocrx_word' id='word_1_103' title='bbox 2008 1657 2475 1741; x_wconf 88' lang='lat' dir='ltr'>persoluerunt.</span> <span class='ocrx_word' id='word_1_104' title='bbox 2539 1658 2620 1722; x_wconf 83' lang='lat' dir='ltr'>Et</span> <span class='ocrx_word' id='word_1_105' title='bbox 2679 1656 2736 1723; x_wconf 91' lang='lat' dir='ltr'>si</span> <span class='ocrx_word' id='word_1_106' title='bbox 2799 1657 3000 1722; x_wconf 87' lang='lat' dir='ltr'>blane</span> 
     </span>
     <span class='ocr_line' id='line_1_15' title="bbox 731 1764 2994 1849; baseline -0.001 -17"><span class='ocrx_word' id='word_1_107' title='bbox 731 1765 1230 1836; x_wconf 87' lang='lat' dir='ltr'>deuastarentur</span> <span class='ocrx_word' id='word_1_108' title='bbox 1276 1785 1429 1833; x_wconf 89' lang='lat' dir='ltr'>casu</span> <span class='ocrx_word' id='word_1_109' title='bbox 1488 1764 1750 1830; x_wconf 88' lang='lat' dir='ltr'>fortuito</span> <span class='ocrx_word' id='word_1_110' title='bbox 1784 1766 2180 1849; x_wconf 86' lang='lat' dir='ltr'>temporibus</span> <span class='ocrx_word' id='word_1_111' title='bbox 2244 1785 2621 1849; x_wconf 84' lang='lat' dir='ltr'>guerrarum</span> <span class='ocrx_word' id='word_1_112' title='bbox 2669 1764 2777 1832; x_wconf 84' lang='lat' dir='ltr'>vel</span> <span class='ocrx_word' id='word_1_113' title='bbox 2839 1770 2994 1830; x_wconf 85' lang='lat' dir='ltr'>tem-</span> 
     </span>
     <span class='ocr_line' id='line_1_16' title="bbox 733 1869 2999 1961; baseline -0.002 -22"><span class='ocrx_word' id='word_1_114' title='bbox 733 1881 1057 1959; x_wconf 87' lang='lat' dir='ltr'>pestatum</span> <span class='ocrx_word' id='word_1_115' title='bbox 1080 1923 1099 1957; x_wconf 88' lang='lat'>,</span> <span class='ocrx_word' id='word_1_116' title='bbox 1158 1871 1327 1956; x_wconf 90' lang='lat' dir='ltr'>quod</span> <span class='ocrx_word' id='word_1_117' title='bbox 1386 1871 1470 1937; x_wconf 92' lang='lat' dir='ltr'>sit</span> <span class='ocrx_word' id='word_1_118' title='bbox 1519 1871 1583 1937; x_wconf 93' lang='lat' dir='ltr'>in</span> <span class='ocrx_word' id='word_1_119' title='bbox 1646 1869 1983 1937; x_wconf 84' lang='lat' dir='ltr'>voluntate</span> <span class='ocrx_word' id='word_1_120' title='bbox 2047 1872 2408 1961; x_wconf 87' lang='lat' dir='ltr'>laborantis</span> <span class='ocrx_word' id='word_1_121' title='bbox 2472 1870 2553 1937; x_wconf 91' lang='lat' dir='ltr'>de</span> <span class='ocrx_word' id='word_1_122' title='bbox 2607 1870 2824 1938; x_wconf 84' lang='lat' dir='ltr'>dando</span> <span class='ocrx_word' id='word_1_123' title='bbox 2889 1871 2999 1938; x_wconf 75' lang='lat' dir='ltr'>vel</span> 
     </span>
     <span class='ocr_line' id='line_1_17' title="bbox 736 1975 2999 2063; baseline -0.001 -17"><span class='ocrx_word' id='word_1_124' title='bbox 736 1981 1050 2048; x_wconf 86' lang='lat' dir='ltr'>decimam</span> <span class='ocrx_word' id='word_1_125' title='bbox 1082 1981 1164 2045; x_wconf 91' lang='lat' dir='ltr'>de</span> <span class='ocrx_word' id='word_1_126' title='bbox 1198 2000 1276 2047; x_wconf 91' lang='lat' dir='ltr'>eo</span> <span class='ocrx_word' id='word_1_127' title='bbox 1309 1975 1479 2062; x_wconf 88' lang='lat' dir='ltr'>quod</span> <span class='ocrx_word' id='word_1_128' title='bbox 1512 1979 1930 2059; x_wconf 85' lang='lat' dir='ltr'>recolligeret</span> <span class='ocrx_word' id='word_1_129' title='bbox 1960 1978 2075 2043; x_wconf 92' lang='lat' dir='ltr'>ille</span> <span class='ocrx_word' id='word_1_130' title='bbox 2109 1976 2221 2060; x_wconf 88' lang='lat' dir='ltr'>qui</span> <span class='ocrx_word' id='word_1_131' title='bbox 2253 1977 2606 2063; x_wconf 86' lang='lat' dir='ltr'>laboraret,</span> <span class='ocrx_word' id='word_1_132' title='bbox 2641 1979 2750 2044; x_wconf 88' lang='lat' dir='ltr'>vel</span> <span class='ocrx_word' id='word_1_133' title='bbox 2782 1978 2999 2061; x_wconf 88' lang='lat' dir='ltr'>ipsum</span> 
     </span>
     <span class='ocr_line' id='line_1_18' title="bbox 733 2082 2997 2170; baseline -0.001 -16"><span class='ocrx_word' id='word_1_134' title='bbox 733 2087 1014 2154; x_wconf 89' lang='lat' dir='ltr'>modium</span> <span class='ocrx_word' id='word_1_135' title='bbox 1048 2106 1163 2170; x_wconf 93' lang='lat' dir='ltr'>pro</span> <span class='ocrx_word' id='word_1_136' title='bbox 1200 2085 1491 2168; x_wconf 89' lang='lat' dir='ltr'>quolibet</span> <span class='ocrx_word' id='word_1_137' title='bbox 1525 2084 1718 2151; x_wconf 66' lang='lat' dir='ltr'>boue&gt;</span> <span class='ocrx_word' id='word_1_138' title='bbox 1743 2082 1953 2161; x_wconf 87' lang='lat' dir='ltr'>Quam</span> <span class='ocrx_word' id='word_1_139' title='bbox 1995 2084 2315 2152; x_wconf 88' lang='lat' dir='ltr'>decimam</span> <span class='ocrx_word' id='word_1_140' title='bbox 2382 2085 2660 2168; x_wconf 85' lang='lat' dir='ltr'>quilibet</span> <span class='ocrx_word' id='word_1_141' title='bbox 2714 2085 2874 2152; x_wconf 89' lang='lat' dir='ltr'>dare</span> <span class='ocrx_word' id='word_1_142' title='bbox 2903 2092 2997 2151; x_wconf 88' lang='lat' dir='ltr'>te·</span> 
     </span>
     <span class='ocr_line' id='line_1_19' title="bbox 735 2190 3002 2278; baseline -0 -20"><span class='ocrx_word' id='word_1_143' title='bbox 735 2199 966 2261; x_wconf 88' lang='lat' dir='ltr'>neatur</span> <span class='ocrx_word' id='word_1_144' title='bbox 997 2192 1288 2278; x_wconf 91' lang='lat' dir='ltr'>quolibet</span> <span class='ocrx_word' id='word_1_145' title='bbox 1320 2212 1493 2258; x_wconf 89' lang='lat' dir='ltr'>anno</span> <span class='ocrx_word' id='word_1_146' title='bbox 1553 2210 1760 2273; x_wconf 85' lang='lat' dir='ltr'>vsque</span> <span class='ocrx_word' id='word_1_147' title='bbox 1793 2190 1882 2256; x_wconf 90' lang='lat' dir='ltr'>ad</span> <span class='ocrx_word' id='word_1_148' title='bbox 1913 2190 2236 2258; x_wconf 84' lang='lat' dir='ltr'>kalendas</span> <span class='ocrx_word' id='word_1_149' title='bbox 2269 2190 2593 2276; x_wconf 80' lang='lat' dir='ltr'>Augusti3</span> <span class='ocrx_word' id='word_1_150' title='bbox 2659 2200 2724 2259; x_wconf 90' lang='lat' dir='ltr'>et</span> <span class='ocrx_word' id='word_1_151' title='bbox 2758 2191 2820 2258; x_wconf 87' lang='lat' dir='ltr'>si</span> <span class='ocrx_word' id='word_1_152' title='bbox 2851 2192 3002 2275; x_wconf 86' lang='lat' dir='ltr'>quis</span> 
     </span>
     <span class='ocr_line' id='line_1_20' title="bbox 735 2295 3001 2383; baseline -0.001 -17"><span class='ocrx_word' id='word_1_153' title='bbox 735 2322 864 2369; x_wconf 92' lang='lat' dir='ltr'>non</span> <span class='ocrx_word' id='word_1_154' title='bbox 896 2297 1080 2367; x_wconf 88' lang='lat' dir='ltr'>daret</span> <span class='ocrx_word' id='word_1_155' title='bbox 1111 2319 1315 2382; x_wconf 74' lang='lat' dir='ltr'>Vsque</span> <span class='ocrx_word' id='word_1_156' title='bbox 1368 2297 1454 2363; x_wconf 90' lang='lat' dir='ltr'>ad</span> <span class='ocrx_word' id='word_1_157' title='bbox 1504 2297 1747 2363; x_wconf 88' lang='lat' dir='ltr'>dictum</span> <span class='ocrx_word' id='word_1_158' title='bbox 1782 2299 2124 2364; x_wconf 88' lang='lat' dir='ltr'>terminum</span> <span class='ocrx_word' id='word_1_159' title='bbox 2145 2351 2162 2383; x_wconf 93' lang='lat'><em>‚</em></span> <span class='ocrx_word' id='word_1_160' title='bbox 2226 2297 2442 2364; x_wconf 88' lang='lat' dir='ltr'>soluat</span> <span class='ocrx_word' id='word_1_161' title='bbox 2474 2298 2814 2365; x_wconf 87' lang='lat' dir='ltr'>Communi</span> <span class='ocrx_word' id='word_1_162' title='bbox 2846 2295 3001 2364; x_wconf 88' lang='lat' dir='ltr'>Tra-</span> 
     </span>
     <span class='ocr_line' id='line_1_21' title="bbox 736 2405 3006 2494; baseline -0.001 -19"><span class='ocrx_word' id='word_1_163' title='bbox 736 2409 905 2494; x_wconf 89' lang='lat' dir='ltr'>gurij</span> <span class='ocrx_word' id='word_1_164' title='bbox 942 2427 1055 2493; x_wconf 91' lang='lat' dir='ltr'>pro</span> <span class='ocrx_word' id='word_1_165' title='bbox 1088 2409 1305 2473; x_wconf 90' lang='lat' dir='ltr'>banno</span> <span class='ocrx_word' id='word_1_166' title='bbox 1338 2405 1403 2471; x_wconf 90' lang='lat' dir='ltr'>X</span> <span class='ocrx_word' id='word_1_167' title='bbox 1423 2406 1625 2472; x_wconf 88' lang='lat' dir='ltr'>libras</span> <span class='ocrx_word' id='word_1_168' title='bbox 1659 2406 2052 2471; x_wconf 87' lang='lat' dir='ltr'>Venetorum</span> <span class='ocrx_word' id='word_1_169' title='bbox 2087 2425 2453 2493; x_wconf 88' lang='lat' dir='ltr'>paruorum‚</span> <span class='ocrx_word' id='word_1_170' title='bbox 2486 2413 2549 2472; x_wconf 92' lang='lat' dir='ltr'>et</span> <span class='ocrx_word' id='word_1_171' title='bbox 2582 2405 3006 2472; x_wconf 86' lang='lat' dir='ltr'>nihilominus</span> 
     </span>
     <span class='ocr_line' id='line_1_22' title="bbox 739 2494 3005 2596; baseline -0.001 -15"><span class='ocrx_word' id='word_1_172' title='bbox 739 2516 980 2583; x_wconf 87' lang='lat' dir='ltr'>dictam</span> <span class='ocrx_word' id='word_1_173' title='bbox 1014 2515 1336 2583; x_wconf 89' lang='lat' dir='ltr'>decimam</span> <span class='ocrx_word' id='word_1_174' title='bbox 1370 2512 1526 2580; x_wconf 81' lang='lat' dir='ltr'>dare</span> <span class='ocrx_word' id='word_1_175' title='bbox 1560 2519 1875 2581; x_wconf 87' lang='lat' dir='ltr'>teneatur.</span> <span class='ocrx_word' id='word_1_176' title='bbox 1935 2514 2019 2580; x_wconf 86' lang='lat' dir='ltr'>Et</span> <span class='ocrx_word' id='word_1_177' title='bbox 2047 2514 2387 2596; x_wconf 85' lang='lat' dir='ltr'>Potestas,</span> <span class='ocrx_word' id='word_1_178' title='bbox 2442 2494 2760 2581; x_wconf 75' lang='lat' dir='ltr'>Consules</span> <span class='ocrx_word' id='word_1_179' title='bbox 2797 2522 2862 2580; x_wconf 90' lang='lat' dir='ltr'>et</span> <span class='ocrx_word' id='word_1_180' title='bbox 2891 2515 2932 2579; x_wconf 87' lang='lat' dir='ltr'>J</span> <span class='ocrx_word' id='word_1_181' title='bbox 2940 2537 3005 2579; x_wconf 93' lang='lat' dir='ltr'>u·</span> 
     </span>
     <span class='ocr_line' id='line_1_23' title="bbox 738 2621 3000 2709; baseline -0 -20"><span class='ocrx_word' id='word_1_182' title='bbox 738 2622 913 2692; x_wconf 89' lang='lat' dir='ltr'>dices</span> <span class='ocrx_word' id='word_1_183' title='bbox 947 2621 1318 2691; x_wconf 90' lang='lat' dir='ltr'>Communis</span> <span class='ocrx_word' id='word_1_184' title='bbox 1351 2621 1685 2706; x_wconf 87' lang='lat' dir='ltr'>Tragurij,</span> <span class='ocrx_word' id='word_1_185' title='bbox 1719 2621 1829 2704; x_wconf 92' lang='lat' dir='ltr'>qui</span> <span class='ocrx_word' id='word_1_186' title='bbox 1863 2643 1981 2706; x_wconf 94' lang='lat' dir='ltr'>pro</span> <span class='ocrx_word' id='word_1_187' title='bbox 2016 2629 2304 2706; x_wconf 89' lang='lat' dir='ltr'>tempore</span> <span class='ocrx_word' id='word_1_188' title='bbox 2354 2621 2612 2709; x_wconf 82' lang='lat' dir='ltr'>fuerint,</span> <span class='ocrx_word' id='word_1_189' title='bbox 2645 2632 3000 2690; x_wconf 87' lang='lat' dir='ltr'>teneantur</span> 
     </span>
     <span class='ocr_line' id='line_1_24' title="bbox 737 2730 3000 2818; baseline -0 -22"><span class='ocrx_word' id='word_1_190' title='bbox 737 2731 1032 2818; x_wconf 88' lang='lat' dir='ltr'>predicta</span> <span class='ocrx_word' id='word_1_191' title='bbox 1063 2730 1277 2797; x_wconf 85' lang='lat' dir='ltr'>facere</span> <span class='ocrx_word' id='word_1_192' title='bbox 1310 2730 1685 2813; x_wconf 89' lang='lat' dir='ltr'>obseruari,</span> <span class='ocrx_word' id='word_1_193' title='bbox 1739 2737 1805 2795; x_wconf 92' lang='lat' dir='ltr'>et</span> <span class='ocrx_word' id='word_1_194' title='bbox 1837 2750 2098 2815; x_wconf 86' lang='lat' dir='ltr'>operam</span> <span class='ocrx_word' id='word_1_195' title='bbox 2133 2730 2458 2798; x_wconf 88' lang='lat' dir='ltr'>efficacem</span> <span class='ocrx_word' id='word_1_196' title='bbox 2492 2730 2650 2797; x_wconf 89' lang='lat' dir='ltr'>dare</span> <span class='ocrx_word' id='word_1_197' title='bbox 2681 2736 2753 2797; x_wconf 89' lang='lat' dir='ltr'>vt</span> <span class='ocrx_word' id='word_1_198' title='bbox 2784 2733 3000 2797; x_wconf 86' lang='lat' dir='ltr'>obser·</span> 
     </span>
     <span class='ocr_line' id='line_1_25' title="bbox 737 2835 2998 2923; baseline 0 -19"><span class='ocrx_word' id='word_1_199' title='bbox 737 2845 1011 2921; x_wconf 88' lang='lat' dir='ltr'>uentur;</span> <span class='ocrx_word' id='word_1_200' title='bbox 1044 2844 1109 2902; x_wconf 89' lang='lat' dir='ltr'>et</span> <span class='ocrx_word' id='word_1_201' title='bbox 1138 2837 1195 2904; x_wconf 92' lang='lat' dir='ltr'>si</span> <span class='ocrx_word' id='word_1_202' title='bbox 1227 2837 1461 2921; x_wconf 88' lang='lat' dir='ltr'>aliquis</span> <span class='ocrx_word' id='word_1_203' title='bbox 1493 2836 1597 2903; x_wconf 83' lang='lat' dir='ltr'>vel</span> <span class='ocrx_word' id='word_1_204' title='bbox 1634 2835 1839 2918; x_wconf 87' lang='lat' dir='ltr'>aliqui</span> <span class='ocrx_word' id='word_1_205' title='bbox 1896 2857 2026 2902; x_wconf 91' lang='lat' dir='ltr'>non</span> <span class='ocrx_word' id='word_1_206' title='bbox 2071 2837 2320 2903; x_wconf 90' lang='lat' dir='ltr'>dabunt</span> <span class='ocrx_word' id='word_1_207' title='bbox 2372 2837 2550 2923; x_wconf 88' lang='lat' dir='ltr'>ipsas</span> <span class='ocrx_word' id='word_1_208' title='bbox 2582 2835 2896 2914; x_wconf 83' lang='lat' dir='ltr'>decimas,</span> <span class='ocrx_word' id='word_1_209' title='bbox 2929 2846 2998 2904; x_wconf 90' lang='lat' dir='ltr'>ut</span> 
     </span>
     <span class='ocr_line' id='line_1_26' title="bbox 736 2943 2989 3034; baseline -0.002 -19"><span class='ocrx_word' id='word_1_210' title='bbox 736 2966 937 3031; x_wconf 88' lang='lat' dir='ltr'>supra</span> <span class='ocrx_word' id='word_1_211' title='bbox 957 2946 1194 3012; x_wconf 86' lang='lat' dir='ltr'>dictum</span> <span class='ocrx_word' id='word_1_212' title='bbox 1218 2951 1334 3028; x_wconf 82' lang='lat' dir='ltr'>est,</span> <span class='ocrx_word' id='word_1_213' title='bbox 1359 2943 1994 3034; x_wconf 88' lang='lat' dir='ltr'>Potestas‚Consules</span> <span class='ocrx_word' id='word_1_214' title='bbox 2015 2951 2078 3013; x_wconf 88' lang='lat' dir='ltr'>et</span> <span class='ocrx_word' id='word_1_215' title='bbox 2100 2946 2140 3012; x_wconf 87' lang='lat' dir='ltr'><strong>J</strong></span> <span class='ocrx_word' id='word_1_216' title='bbox 2144 2943 2384 3032; x_wconf 85' lang='lat' dir='ltr'>udices,</span> <span class='ocrx_word' id='word_1_217' title='bbox 2409 2945 2520 3028; x_wconf 91' lang='lat' dir='ltr'>qui</span> <span class='ocrx_word' id='word_1_218' title='bbox 2545 2966 2663 3030; x_wconf 92' lang='lat' dir='ltr'>pro</span> <span class='ocrx_word' id='word_1_219' title='bbox 2694 2954 2989 3032; x_wconf 86' lang='lat' dir='ltr'>tempore</span> 
     </span>
     <span class='ocr_line' id='line_1_27' title="bbox 735 3051 2992 3139; baseline -0.001 -17"><span class='ocrx_word' id='word_1_220' title='bbox 735 3053 997 3139; x_wconf 86' lang='lat' dir='ltr'>fuerint,</span> <span class='ocrx_word' id='word_1_221' title='bbox 1030 3051 1281 3120; x_wconf 86' lang='lat' dir='ltr'>faciant</span> <span class='ocrx_word' id='word_1_222' title='bbox 1314 3053 1571 3137; x_wconf 90' lang='lat' dir='ltr'>publice</span> <span class='ocrx_word' id='word_1_223' title='bbox 1601 3053 1898 3137; x_wconf 83' lang='lat' dir='ltr'>bandiri3</span> <span class='ocrx_word' id='word_1_224' title='bbox 1951 3059 2016 3118; x_wconf 90' lang='lat' dir='ltr'>et</span> <span class='ocrx_word' id='word_1_225' title='bbox 2047 3052 2405 3139; x_wconf 87' lang='lat' dir='ltr'>inhibeant,</span> <span class='ocrx_word' id='word_1_226' title='bbox 2460 3060 2526 3119; x_wconf 85' lang='lat' dir='ltr'>vt</span> <span class='ocrx_word' id='word_1_227' title='bbox 2558 3054 2780 3120; x_wconf 90' lang='lat' dir='ltr'>nullus</span> <span class='ocrx_word' id='word_1_228' title='bbox 2816 3054 2992 3120; x_wconf 87' lang='lat' dir='ltr'>labo·</span> 
     </span>
     <span class='ocr_line' id='line_1_28' title="bbox 740 3158 2994 3246; baseline -0.001 -18"><span class='ocrx_word' id='word_1_229' title='bbox 740 3168 841 3231; x_wconf 89' lang='lat' dir='ltr'>ret</span> <span class='ocrx_word' id='word_1_230' title='bbox 872 3161 953 3227; x_wconf 89' lang='lat' dir='ltr'>de</span> <span class='ocrx_word' id='word_1_231' title='bbox 983 3162 1168 3228; x_wconf 87' lang='lat' dir='ltr'>terris</span> <span class='ocrx_word' id='word_1_232' title='bbox 1203 3169 1268 3227; x_wconf 91' lang='lat' dir='ltr'>et</span> <span class='ocrx_word' id='word_1_233' title='bbox 1300 3159 1819 3245; x_wconf 84' lang='lat' dir='ltr'>possessionibus</span> <span class='ocrx_word' id='word_1_234' title='bbox 1854 3160 2036 3227; x_wconf 87' lang='lat' dir='ltr'>iilius</span> <span class='ocrx_word' id='word_1_235' title='bbox 2057 3212 2076 3246; x_wconf 91' lang='lat'><em>‚</em></span> <span class='ocrx_word' id='word_1_236' title='bbox 2139 3160 2248 3244; x_wconf 90' lang='lat' dir='ltr'>qui</span> <span class='ocrx_word' id='word_1_237' title='bbox 2300 3181 2428 3226; x_wconf 93' lang='lat' dir='ltr'>non</span> <span class='ocrx_word' id='word_1_238' title='bbox 2462 3159 2648 3226; x_wconf 90' lang='lat' dir='ltr'>daret</span> <span class='ocrx_word' id='word_1_239' title='bbox 2680 3158 2994 3228; x_wconf 85' lang='lat' dir='ltr'>decimam</span> 
     </span>
     <span class='ocr_line' id='line_1_29' title="bbox 736 3267 2997 3355; baseline -0.001 -18"><span class='ocrx_word' id='word_1_240' title='bbox 736 3271 823 3337; x_wconf 91' lang='lat' dir='ltr'>ad</span> <span class='ocrx_word' id='word_1_241' title='bbox 857 3272 1137 3336; x_wconf 89' lang='lat' dir='ltr'>bannum</span> <span class='ocrx_word' id='word_1_242' title='bbox 1171 3267 1574 3354; x_wconf 86' lang='lat' dir='ltr'>predictum;</span> <span class='ocrx_word' id='word_1_243' title='bbox 1639 3276 1706 3335; x_wconf 88' lang='lat' dir='ltr'>et</span> <span class='ocrx_word' id='word_1_244' title='bbox 1735 3269 1880 3354; x_wconf 89' lang='lat' dir='ltr'>ipsa</span> <span class='ocrx_word' id='word_1_245' title='bbox 1930 3268 2150 3336; x_wconf 88' lang='lat' dir='ltr'>banna</span> <span class='ocrx_word' id='word_1_246' title='bbox 2183 3275 2527 3336; x_wconf 83' lang='lat' dir='ltr'>teneantur</span> <span class='ocrx_word' id='word_1_247' title='bbox 2561 3268 2820 3351; x_wconf 84' lang='lat' dir='ltr'>exigere</span> <span class='ocrx_word' id='word_1_248' title='bbox 2884 3289 2997 3355; x_wconf 93' lang='lat' dir='ltr'>pro</span> 
     </span>
     <span class='ocr_line' id='line_1_30' title="bbox 739 3374 2996 3460; baseline -0.001 -17"><span class='ocrx_word' id='word_1_249' title='bbox 739 3376 1099 3445; x_wconf 90' lang='lat' dir='ltr'>Communi.</span> <span class='ocrx_word' id='word_1_250' title='bbox 1134 3378 1230 3441; x_wconf 91' lang='lat' dir='ltr'>De</span> <span class='ocrx_word' id='word_1_251' title='bbox 1278 3396 1404 3459; x_wconf 90' lang='lat' dir='ltr'>quo</span> <span class='ocrx_word' id='word_1_252' title='bbox 1437 3375 1786 3443; x_wconf 86' lang='lat' dir='ltr'>concordio</span> <span class='ocrx_word' id='word_1_253' title='bbox 1848 3374 1979 3442; x_wconf 87' lang='lat' dir='ltr'>duo</span> <span class='ocrx_word' id='word_1_254' title='bbox 2012 3380 2162 3441; x_wconf 86' lang='lat' dir='ltr'>sunt</span> <span class='ocrx_word' id='word_1_255' title='bbox 2206 3375 2450 3460; x_wconf 87' lang='lat' dir='ltr'>scripta</span> <span class='ocrx_word' id='word_1_256' title='bbox 2502 3376 2879 3443; x_wconf 87' lang='lat' dir='ltr'>consimilia</span> <span class='ocrx_word' id='word_1_257' title='bbox 2909 3377 2996 3440; x_wconf 89' lang='lat' dir='ltr'>in-</span> 
     </span>
     <span class='ocr_line' id='line_1_31' title="bbox 737 3482 2997 3571; baseline -0.001 -20"><span class='ocrx_word' id='word_1_258' title='bbox 737 3490 1116 3568; x_wconf 88' lang='lat' dir='ltr'>strumenta,</span> <span class='ocrx_word' id='word_1_259' title='bbox 1151 3482 1462 3550; x_wconf 86' lang='lat' dir='ltr'>videlicet</span> <span class='ocrx_word' id='word_1_260' title='bbox 1489 3503 1688 3549; x_wconf 82' lang='lat' dir='ltr'>vnum</span> <span class='ocrx_word' id='word_1_261' title='bbox 1721 3501 1836 3567; x_wconf 89' lang='lat' dir='ltr'>pro</span> <span class='ocrx_word' id='word_1_262' title='bbox 1869 3482 2157 3564; x_wconf 90' lang='lat' dir='ltr'>qualibet</span> <span class='ocrx_word' id='word_1_263' title='bbox 2187 3489 2395 3567; x_wconf 87' lang='lat' dir='ltr'>parte.</span> <span class='ocrx_word' id='word_1_264' title='bbox 2426 3484 2657 3549; x_wconf 87' lang='lat' dir='ltr'>Actum</span> <span class='ocrx_word' id='word_1_265' title='bbox 2689 3484 2997 3571; x_wconf 83' lang='lat' dir='ltr'>Tragurij</span> 
     </span>
     <span class='ocr_line' id='line_1_32' title="bbox 737 3589 2998 3679; baseline 0 -21"><span class='ocrx_word' id='word_1_266' title='bbox 737 3594 805 3658; x_wconf 92' lang='lat' dir='ltr'>in</span> <span class='ocrx_word' id='word_1_267' title='bbox 834 3589 1093 3679; x_wconf 92' lang='lat' dir='ltr'>palacio</span> <span class='ocrx_word' id='word_1_268' title='bbox 1124 3589 1400 3675; x_wconf 85' lang='lat' dir='ltr'>predicti</span> <span class='ocrx_word' id='word_1_269' title='bbox 1450 3589 1695 3657; x_wconf 83' lang='lat' dir='ltr'>domini</span> <span class='ocrx_word' id='word_1_270' title='bbox 1744 3589 2052 3675; x_wconf 83' lang='lat' dir='ltr'>Episcopi</span> <span class='ocrx_word' id='word_1_271' title='bbox 2074 3613 2100 3672; x_wconf 91' lang='lat'>‚·</span> <span class='ocrx_word' id='word_1_272' title='bbox 2148 3589 2559 3674; x_wconf 89' lang='lat' dir='ltr'>presentibus</span> <span class='ocrx_word' id='word_1_273' title='bbox 2589 3592 2998 3677; x_wconf 87' lang='lat' dir='ltr'>sapientibus</span> 
     </span>
     <span class='ocr_line' id='line_1_33' title="bbox 738 3694 2998 3784; baseline -0 -18"><span class='ocrx_word' id='word_1_274' title='bbox 738 3700 894 3767; x_wconf 86' lang='lat' dir='ltr'>viris</span> <span class='ocrx_word' id='word_1_275' title='bbox 927 3696 1200 3763; x_wconf 88' lang='lat' dir='ltr'>dominis</span> <span class='ocrx_word' id='word_1_276' title='bbox 1231 3696 1446 3764; x_wconf 89' lang='lat' dir='ltr'>Dessa</span> <span class='ocrx_word' id='word_1_277' title='bbox 1478 3697 1559 3763; x_wconf 93' lang='lat' dir='ltr'>de</span> <span class='ocrx_word' id='word_1_278' title='bbox 1586 3694 1951 3779; x_wconf 89' lang='lat' dir='ltr'>Amblasio‚</span> <span class='ocrx_word' id='word_1_279' title='bbox 1993 3695 2317 3781; x_wconf 84' lang='lat' dir='ltr'>Gregorio</span> <span class='ocrx_word' id='word_1_280' title='bbox 2350 3697 2432 3762; x_wconf 91' lang='lat' dir='ltr'>de</span> <span class='ocrx_word' id='word_1_281' title='bbox 2495 3697 2714 3784; x_wconf 85' lang='lat' dir='ltr'>Cega‚</span> <span class='ocrx_word' id='word_1_282' title='bbox 2748 3699 2998 3766; x_wconf 86' lang='lat' dir='ltr'>Thoma</span> 
     </span>
     <span class='ocr_line' id='line_1_34' title="bbox 737 3803 2997 3890; baseline -0.001 -16"><span class='ocrx_word' id='word_1_283' title='bbox 737 3804 1031 3890; x_wconf 85' lang='lat' dir='ltr'>Janiche,</span> <span class='ocrx_word' id='word_1_284' title='bbox 1063 3804 1349 3872; x_wconf 87' lang='lat' dir='ltr'>Mattheo</span> <span class='ocrx_word' id='word_1_285' title='bbox 1381 3803 1463 3870; x_wconf 92' lang='lat' dir='ltr'>de</span> <span class='ocrx_word' id='word_1_286' title='bbox 1496 3804 1769 3890; x_wconf 87' lang='lat' dir='ltr'>Pascha,</span> <span class='ocrx_word' id='word_1_287' title='bbox 1832 3804 2169 3871; x_wconf 87' lang='lat' dir='ltr'>Amblasio</span> <span class='ocrx_word' id='word_1_288' title='bbox 2203 3803 2439 3890; x_wconf 87' lang='lat' dir='ltr'>Desse,</span> <span class='ocrx_word' id='word_1_289' title='bbox 2473 3805 2793 3890; x_wconf 85' lang='lat' dir='ltr'>Gregorio</span> <span class='ocrx_word' id='word_1_290' title='bbox 2828 3808 2997 3872; x_wconf 85' lang='lat' dir='ltr'>Gua-</span> 
     </span>
     <span class='ocr_line' id='line_1_35' title="bbox 738 3910 2993 3999; baseline -0.001 -21"><span class='ocrx_word' id='word_1_291' title='bbox 738 3913 993 3999; x_wconf 85' lang='lat' dir='ltr'>limerij,</span> <span class='ocrx_word' id='word_1_292' title='bbox 1030 3919 1094 3977; x_wconf 91' lang='lat' dir='ltr'>et</span> <span class='ocrx_word' id='word_1_293' title='bbox 1121 3912 1342 3978; x_wconf 89' lang='lat' dir='ltr'>Dessa</span> <span class='ocrx_word' id='word_1_294' title='bbox 1382 3911 1625 3996; x_wconf 86' lang='lat' dir='ltr'>Duymi</span> <span class='ocrx_word' id='word_1_295' title='bbox 1656 3912 1740 3977; x_wconf 94' lang='lat' dir='ltr'>de</span> <span class='ocrx_word' id='word_1_296' title='bbox 1773 3910 2052 3978; x_wconf 88' lang='lat' dir='ltr'>Morsica</span> <span class='ocrx_word' id='word_1_297' title='bbox 2118 3911 2672 3980; x_wconf 84' lang='lat' dir='ltr'>examinatoribus</span> <span class='ocrx_word' id='word_1_298' title='bbox 2704 3914 2993 3980; x_wconf 86' lang='lat' dir='ltr'>testibus.</span> 
     </span>
    </p>

    <p class='ocr_par' dir='ltr' id='par_1_4' title="bbox 954 4017 2820 4103">
     <span class='ocr_line' id='line_1_36' title="bbox 954 4017 2820 4103; baseline 0.002 -19"><span class='ocrx_word' id='word_1_299' title='bbox 954 4020 1093 4102; x_wconf 85' lang='lat' dir='ltr'>Ego</span> <span class='ocrx_word' id='word_1_300' title='bbox 1125 4018 1337 4084; x_wconf 89' lang='lat' dir='ltr'>Dessa</span> <span class='ocrx_word' id='word_1_301' title='bbox 1368 4018 1608 4103; x_wconf 87' lang='lat' dir='ltr'>Duymi</span> <span class='ocrx_word' id='word_1_302' title='bbox 1646 4017 2052 4085; x_wconf 83' lang='lat' dir='ltr'>examinator</span> <span class='ocrx_word' id='word_1_303' title='bbox 2091 4019 2387 4086; x_wconf 83' lang='lat' dir='ltr'>conscius</span> <span class='ocrx_word' id='word_1_304' title='bbox 2419 4021 2820 4089; x_wconf 83' lang='lat' dir='ltr'>examinani.</span> 
     </span>
    </p>

    <p class='ocr_par' dir='ltr' id='par_1_5' title="bbox 742 4124 2993 4410">
     <span class='ocr_line' id='line_1_37' title="bbox 953 4124 2993 4214; baseline 0.001 -23"><span class='ocrx_word' id='word_1_305' title='bbox 953 4127 1037 4192; x_wconf 89' lang='lat' dir='ltr'>Et</span> <span class='ocrx_word' id='word_1_306' title='bbox 1067 4146 1193 4209; x_wconf 85' lang='lat' dir='ltr'>ego</span> <span class='ocrx_word' id='word_1_307' title='bbox 1223 4126 1511 4193; x_wconf 87' lang='lat' dir='ltr'>Jacobus</span> <span class='ocrx_word' id='word_1_308' title='bbox 1545 4124 1626 4191; x_wconf 89' lang='lat' dir='ltr'>de</span> <span class='ocrx_word' id='word_1_309' title='bbox 1664 4124 1882 4191; x_wconf 84' lang='lat' dir='ltr'>Firmo</span> <span class='ocrx_word' id='word_1_310' title='bbox 1933 4124 2305 4194; x_wconf 89' lang='lat' dir='ltr'>Communis</span> <span class='ocrx_word' id='word_1_311' title='bbox 2351 4127 2658 4211; x_wconf 85' lang='lat' dir='ltr'>Tragurij</span> <span class='ocrx_word' id='word_1_312' title='bbox 2693 4135 2758 4195; x_wconf 91' lang='lat' dir='ltr'>et</span> <span class='ocrx_word' id='word_1_313' title='bbox 2789 4129 2993 4214; x_wconf 86' lang='lat' dir='ltr'>predi·</span> 
     </span>
     <span class='ocr_line' id='line_1_38' title="bbox 742 4231 2988 4320; baseline -0.001 -18"><span class='ocrx_word' id='word_1_314' title='bbox 742 4233 828 4302; x_wconf 87' lang='lat' dir='ltr'>cti</span> <span class='ocrx_word' id='word_1_315' title='bbox 860 4232 1103 4299; x_wconf 92' lang='lat' dir='ltr'>domini</span> <span class='ocrx_word' id='word_1_316' title='bbox 1128 4231 1486 4299; x_wconf 80' lang='lat' dir='ltr'>Potestatis</span> <span class='ocrx_word' id='word_1_317' title='bbox 1532 4232 1800 4300; x_wconf 87' lang='lat' dir='ltr'>Juratus</span> <span class='ocrx_word' id='word_1_318' title='bbox 1851 4232 2161 4301; x_wconf 87' lang='lat' dir='ltr'>Notarius</span> <span class='ocrx_word' id='word_1_319' title='bbox 2225 4241 2489 4319; x_wconf 87' lang='lat' dir='ltr'>rogatus</span> <span class='ocrx_word' id='word_1_320' title='bbox 2522 4235 2756 4320; x_wconf 84' lang='lat' dir='ltr'>scripsi</span> <span class='ocrx_word' id='word_1_321' title='bbox 2788 4242 2854 4302; x_wconf 86' lang='lat' dir='ltr'>et</span> <span class='ocrx_word' id='word_1_322' title='bbox 2884 4254 2988 4319; x_wconf 87' lang='lat' dir='ltr'>pu·</span> 
     </span>
     <span class='ocr_line' id='line_1_39' title="bbox 745 4342 1003 4410; baseline -0.012 0"><span class='ocrx_word' id='word_1_323' title='bbox 745 4342 1003 4410; x_wconf 85' lang='lat' dir='ltr'>blicani.</span> 
     </span>
    </p>
   </div>
   <div class='ocr_carea' id='block_1_4' title="bbox 1228 4518 2510 4591">
    <p class='ocr_par' dir='ltr' id='par_1_6' title="bbox 1228 4518 2510 4591">
     <span class='ocr_line' id='line_1_40' title="bbox 1228 4518 2510 4591; baseline 0.004 -22"><span class='ocrx_word' id='word_1_324' title='bbox 1228 4519 1469 4585; x_wconf 65' lang='lat' dir='ltr'>(Lucum,</span> <span class='ocrx_word' id='word_1_325' title='bbox 1497 4519 1755 4571; x_wconf 83' lang='lat' dir='ltr'>Memorio</span> <span class='ocrx_word' id='word_1_326' title='bbox 1781 4519 2015 4572; x_wconf 81' lang='lat' dir='ltr'>storiche</span> <span class='ocrx_word' id='word_1_327' title='bbox 2042 4521 2096 4571; x_wconf 89' lang='lat' dir='ltr'>‹li</span> <span class='ocrx_word' id='word_1_328' title='bbox 2124 4521 2268 4572; x_wconf 79' lang='lat' dir='ltr'>Trau</span> <span class='ocrx_word' id='word_1_329' title='bbox 2302 4521 2416 4572; x_wconf 83' lang='lat'>138.</span> <span class='ocrx_word' id='word_1_330' title='bbox 2448 4518 2510 4591; x_wconf 81' lang='lat' dir='ltr'>i.)</span> 
     </span>
    </p>
   </div>
   <div class='ocr_carea' id='block_1_5' title="bbox 1667 4631 2089 4648">
    <p class='ocr_par' dir='ltr' id='par_1_7' title="bbox 1667 4631 2089 4648">
     <span class='ocr_line' id='line_1_41' title="bbox 1667 4631 2089 4648; baseline -0.005 -1"><span class='ocrx_word' id='word_1_331' title='bbox 1667 4631 2089 4648; x_wconf 47' lang='lat' dir='ltr'>w</span> 
     </span>
    </p>
   </div>
  </div>
 </body>
</html>
