3319 5249
1544 277 1676 340 540

1530 876 1683 993 391.

478 1126 535 1192 A
598 1130 780 1192 va'ezi
829 1128 1285 1212 kdptalannak
1334 1125 1864 1210 bizonysciylevele
1883 1172 1904 1204 ,
1971 1125 2136 1209 hoqy
2193 1122 2345 1186 Τονί
2398 1120 2660 1186 Miletos·

478 1238 607 1301 oza-k
623 1236 759 1319 fiai
806 1234 1105 1300 Vere'bben
1171 1234 1305 1299 le'vb'
1353 1231 1728 1297 birtokakat
1775 1231 2195 1296 ndve'reiknelc
2245 1227 2640 1314 citenqecltdk.

1502 1337 1698 1403 1290.

692 1536 1060 1622 Capitulum
1094 1535 1386 1603 Ecclesie
1416 1516 1827 1601 Wachiensis
1853 1531 1916 1621 („
1930 1528 2389 1619 Wacyensis“)
2435 1532 2734 1598 omnibus

478 1643 716 1711 Christi
750 1643 1049 1711 fidelibus
1091 1649 1451 1729 presentem
1475 1645 1783 1729 paginam
1805 1641 2193 1728 inspecturis
2224 1640 2500 1707 salutem
2532 1640 2600 1706 in
2634 1661 2731 1706 sa-
2837 1654 2847 1660 “

476 1751 632 1818 lutis
662 1750 989 1834 largitore.
1021 1749 1127 1815 Ad
1159 1747 1608 1816 vniuersorum
1641 1749 1950 1816 noticiam
1971 1749 2198 1816 harum
2237 1745 2404 1814 serie
2434 1748 2731 1813 volumus

479 1857 855 1944 peruenire:
925 1857 1093 1941 quod
1149 1854 1533 1941 quibusdam
1583 1855 1883 1942 paruulis
1938 1854 2348 1939 habentibus,
2391 1854 2560 1921 sicut
2589 1854 2732 1919 visu

476 1964 873 2033 considerari
905 1972 1195 2052 poterat,
1248 1972 1315 2031 et
1352 1963 1603 2050 judicio
1651 1964 2074 2051 plurimorum
2108 1962 2489 2044 videbatur,
2524 1981 2730 2027 annos

478 2072 867 2158 quindecim,
903 2074 1217 2139 Samsone
1239 2071 1542 2139 videlicet
1559 2070 1691 2139 filio
1723 2074 1765 2140 J
1769 2072 1963 2160 obag,
1988 2078 2052 2137 et
2081 2071 2276 2137 Petro
2297 2070 2427 2136 filio
2449 2070 2729 2155 Nicolay

476 2181 558 2247 de
588 2180 749 2248 villa
779 2181 945 2264 Tor,
988 2201 1107 2266 pro
1139 2200 1209 2246 se
1242 2185 1307 2246 et
1357 2200 1475 2264 pro
1526 2178 1914 2246 dominabus
1977 2178 2296 2245 matribus
2330 2179 2612 2263 ipsorum
2645 2179 2731 2243 ab

476 2308 607 2354 una
640 2294 845 2373 parte,
879 2285 1167 2354 Oliuerio
1203 2286 1334 2353 filio
1369 2285 1651 2354 Simonis
1682 2304 1926 2370 genero
1961 2284 2118 2351 dicti
2154 2284 2390 2371 Jobag,
2426 2293 2490 2352 et
2520 2284 2725 2350 Paulo

475 2393 611 2460 filio
646 2390 861 2460 Chene
891 2413 1131 2478 genero
1165 2394 1419 2460 Nicolai
1452 2392 1725 2480 prefati,
1789 2413 2009 2461 coram
2070 2393 2256 2460 nobis
2289 2394 2727 2478 personaliter

470 2502 841 2571 constitutis
876 2521 957 2567 ex
987 2501 1231 2586 altera3
1265 2487 1466 2586 ijdem
1488 2502 1764 2569 Samson
1792 2510 1857 2569 et
1886 2502 2117 2568 Petrus
2149 2502 2410 2588 paruuli
2444 2500 2730 2567 confessi

478 2614 630 2677 sunt
660 2609 924 2677 oraculo
946 2608 1094 2677 viue
1113 2610 1316 2697 vocis,
1340 2610 1517 2694 quod
1535 2610 1864 2694 quandam
1888 2611 2275 2697 particulam
2309 2617 2476 2678 terre
2510 2631 2729 2678 eorum

473 2715 958 2804 hereditariam,
992 2724 1066 2783 ut
1097 2716 1420 2804 dicebant,
1456 2738 1581 2800 que
1614 2719 1789 2804 ipsos
1823 2719 2143 2801 contingit
2165 2719 2232 2784 in
2256 2726 2432 2786 terra
2455 2719 2732 2785 Werebe

476 2821 850 2912 („Vereb“),
886 2826 973 2893 ad
1023 2844 1205 2892 vsum
1237 2826 1510 2892 duorum
1569 2833 1934 2893 aratrorum
1998 2826 2424 2894 sufficientem
2487 2827 2723 2913 partim

472 2930 555 2999 ob
587 2951 872 2999 amorem
935 2939 998 2998 et
1060 2921 1543 3018 proximitatem
1595 2932 2012 3018 cognacionis
2032 2984 2052 3015 ,
2116 2934 2351 3020 partim
2415 2955 2569 3002 vero
2611 2953 2728 3018 pro

473 3059 726 3106 summa
755 3039 1034 3126 pecunie
1065 3046 1208 3107 octo
1241 3060 1603 3109 marcarum
1637 3043 1830 3127 plene
1863 3062 1977 3127 per
2005 3041 2227 3128 ipsos,
2292 3048 2362 3108 ut
2395 3041 2724 3123 dicebant,

472 3154 897 3235 receptarum,
929 3157 1064 3216 tum
1095 3148 1299 3216 eciam
1333 3170 1450 3235 pro
1485 3169 1583 3236 eo,
1632 3148 1809 3234 quod
1857 3147 2126 3236 predicti
2157 3149 2485 3217 Oliuerius
2515 3155 2580 3218 et
2612 3150 2721 3216 Ja-

473 3257 670 3323 cobus
703 3257 964 3340 cognati
997 3256 1284 3343 ipsorum
1322 3255 1415 3324 eis
1450 3257 1519 3322 in
1552 3258 1687 3325 suis
1716 3258 2239 3344 necessitatibus,
2274 3259 2448 3324 sicut
2476 3278 2726 3325 assere·

471 3363 650 3449 bant,
682 3362 1043 3429 subsidium
1074 3363 1494 3450 prestiterunt
1524 3365 1683 3433 locis
1715 3373 1783 3432 et
1815 3365 2217 3452 temporibus
2250 3366 2601 3452 oportunis,
2635 3364 2720 3432 de

474 3469 892 3555 beneplacita
924 3473 1259 3539 voluntate
1308 3479 1373 3537 et
1403 3465 1723 3541 consensu
1784 3472 2188 3541 dominarum
2240 3481 2514 3542 matrum
2583 3493 2725 3540 sua·

472 3596 632 3663 rum,
668 3595 810 3643 cum
845 3575 1231 3646 dominabus
1262 3580 1605 3648 sororibus‘
1634 3600 1853 3648 eorum
1887 3581 2223 3650 dedissent
2256 3590 2320 3650 et
2353 3582 2729 3665 donassent,

468 3682 628 3749 etin
689 3683 892 3750 nostri
954 3687 1295 3772 presencia
1329 3686 1646 3755 dederunt
1708 3697 1772 3756 et
1832 3690 2256 3778 donauerunt,
2320 3696 2616 3776 presente
2648 3695 2718 3756 et

470 3797 725 3859 astante
757 3795 825 3859 in
857 3793 1068 3862 medio
1100 3797 1305 3863 nostri
1337 3796 1620 3865 discreto
1669 3803 1733 3864 et
1780 3798 2050 3866 honesto
2082 3800 2221 3865 viro
2253 3799 2573 3885 Magistro
2605 3799 2725 3865 La·

471 3897 684 3966 dizlao
714 3901 848 3969 filio
882 3900 1155 3970 Comitis
1217 3904 1430 3971 Dama
1481 3905 1752 3974 Lectore
1783 3907 2077 3975 Ecclesie
2122 3906 2479 3989 Budensis,
2542 3907 2719 3973 socio

471 4013 535 4072 et
567 4011 1005 4078 concanonico
1036 4018 1276 4099 nostro,
1341 4013 1557 4079 vicino
1589 4020 1652 4079 et
1714 4021 2153 4082 commetaneo
2186 4013 2359 4082 dicte
2390 4020 2581 4098 terre,
2644 4035 2724 4082 ac

473 4116 948 4203 consenciente,
983 4119 1411 4206 permittente,
1448 4128 1512 4186 et
1540 4122 1609 4186 in
1628 4122 1811 4189 nullo
1844 4123 2341 4206 contradicente,
2373 4122 2729 4208 prenotatis

472 4224 757 4292 Oliuerio
788 4227 921 4294 filio
960 4227 1301 4314 Symonis,
1364 4235 1427 4294 et
1456 4229 1701 4295 Jacobo
1731 4229 1868 4296 filio
1920 4229 2171 4316 Chene,
2236 4230 2514 4314 quilibet
2558 4232 2724 4315 ipso·

471 4352 610 4397 rum
676 4335 1049 4417 porcionem
1102 4354 1285 4402 suam
1318 4356 1559 4421 genero
1592 4357 1731 4425 suo,
1765 4345 1830 4403 et
1863 4355 1976 4423 per
2009 4338 2182 4424 ipsos
2216 4358 2434 4405 eorum
2477 4338 2724 4405 heredi-

473 4438 594 4505 bus
626 4438 1064 4526 heredumque
1114 4463 1373 4511 suorum
1424 4446 1900 4514 successoribus
1951 4453 2285 4534 perpetuo,
2336 4448 2609 4533 pacifice
2661 4458 2727 4518 et

471 4545 987 4616 irreuocabiliter
1017 4551 1501 4640 possidendam,
1554 4573 1672 4638 per
1703 4555 2071 4642 quempiam
2121 4562 2544 4646 cognatorum
2577 4577 2725 4631 suo·
