3319 5249
1368 305 1502 371 479

286 503 621 591 profectus
651 500 974 567 salutares
1006 498 1420 584 exquirimus,
1469 498 1553 566 ab
1584 498 1716 566 hiis
1738 551 1757 585 ,
1791 521 1909 586 per
1939 520 2063 584 que
2096 499 2338 569 Diuina
2369 501 2563 568 Maie-

286 618 432 679 stas
462 606 831 693 offenditur,
860 604 1139 674 sollicite
1188 624 1562 673 revocemus
1582 604 1636 693 ,ξ
1655 613 1722 674 et
1752 607 1841 673 ad
1869 608 2295 677 laudabilium
2329 610 2566 674 exerci-

294 719 457 784 tium
489 716 815 784 actionum
836 763 858 801 ,
908 713 1140 797 quibus
1172 713 1384 798 gratia
1447 714 1703 782 celestis
1735 714 2091 799 acquiritur
2108 766 2126 800 ‚
2161 734 2569 800 summopere

293 824 705 894 inducamus.
738 821 842 887 Ab
874 819 1030 887 olim
1060 820 1376 905 siquidem
1400 872 1420 907 ,
1454 820 1608 888 dum
1658 843 1778 890 nos
1819 822 2025 890 minor
2056 829 2239 891 satus
2271 820 2562 906 haberet,

287 931 684 1015 audivimus,
717 934 783 995 et
812 934 1155 1015 postquam
1206 927 1405 994 etiam
1455 929 1735 997 Domino
1770 929 2158 1015 disponente
2197 929 2567 998 conscendi·

293 1060 440 1109 mus
473 1037 753 1125 gradum
781 1032 1160 1121 Apostolice
1193 1034 1533 1119 dignitatis
1549 1084 1571 1120 ,
1590 1036 1830 1105 nostris
1860 1046 1957 1105 est
1988 1038 2254 1105 auribus
2285 1037 2567 1106 inculca-

296 1157 454 1236 tum,
486 1145 658 1231 quod
676 1143 746 1209 in
769 1139 1046 1210 Civitate
1077 1140 1373 1229 predicta
1404 1143 1725 1210 nonnulla
1756 1151 2021 1233 statuta,
2054 1144 2293 1212 nedum
2325 1146 2568 1230 iniqua,

292 1254 649 1341 quinimmo
701 1250 991 1319 nefanda
1043 1256 1110 1317 et
1156 1249 1481 1318 horrenda
1499 1304 1520 1340 ,
1583 1253 2125 1338 quamplurimum
2198 1250 2563 1321 crudelibus

297 1360 535 1431 studiis
566 1360 989 1428 observantur
1008 1408 1026 1442 ,
1092 1378 1361 1443 quorum
1392 1366 1691 1446 pretextu
1732 1358 1958 1427 Clerus
1991 1361 2291 1429 Civitatis
2321 1368 2387 1427 et
2417 1361 2566 1427 Dio-

293 1470 465 1538 cesis
494 1466 952 1533 Paduanorum
1015 1464 1416 1533 multimodis
1477 1467 1742 1535 offensis
1793 1466 2120 1556 impetitur
2140 1521 2161 1556 ,
2223 1468 2569 1536 lacescitur
2629 1531 2634 1537 .

295 1576 575 1661 iniuriis,
608 1576 890 1642 afficitur
920 1572 1342 1658 contumeliis,
1365 1579 1428 1640 et
1448 1574 1754 1661 periculis
1787 1576 2126 1663 exponitur
2159 1577 2297 1643 dire
2327 1578 2566 1662 mortis,

294 1686 443 1773 ipsa
472 1684 633 1751 facti
666 1682 995 1750 evidentia
1025 1700 1220 1767 super
1273 1680 1399 1748 hiis
1435 1682 1868 1750 testimonium
1933 1682 2332 1769 perhibente.
2399 1682 2565 1761 Quia

295 1793 499 1877 igitur
529 1797 712 1857 tante
742 1788 1071 1856 horribilis
1120 1795 1382 1871 tamque
1433 1790 1825 1857 execrabilis
1857 1790 2406 1858 abhominationis
2439 1798 2569 1860 sta·

296 1909 437 1969 tuta
467 1898 786 1985 nolumus,
834 1895 1025 1964 sicuti
1074 1915 1193 1962 uec
1224 1896 1534 1964 debemus
1552 1948 1573 1984 ,
1635 1904 1906 1982 urgente
1957 1898 2348 1965 constientia
2395 1917 2571 1964 men·

292 2017 446 2093 tem,
478 2007 895 2090 aliquatenus
929 2003 1228 2091 tolerare,
1262 2025 1407 2072 cum
1441 2005 1577 2074 Deo
1612 2005 2019 2093 displiceant,
2051 2007 2310 2074 turbent
2338 2005 2562 2072 Eccle-

292 2116 485 2201 siam,
507 2114 947 2181 ecclesiastice
980 2111 1386 2197 preiudicent
1406 2113 1717 2202 libertati,
1735 2116 2099 2183 animarum
2133 2120 2198 2182 et
2231 2133 2563 2199 corporum

296 2222 647 2309 dispendia
679 2226 1016 2308 generent,
1038 2219 1276 2287 cedant
1292 2220 1360 2286 in
1377 2219 1539 2289 iuris
1558 2221 1887 2309 iniuriam,
1919 2229 1986 2288 et
2010 2220 2298 2288 fidelium
2318 2220 2567 2287 animos

292 2327 1089 2415 scandalizent,predictos
1100 2328 1496 2395 Potestatem
1498 2328 2086 2416 ,Antiauos,Consil
2094 2329 2288 2396 iarios
2307 2335 2369 2394 et
2383 2324 2566 2393 Com-

297 2458 495 2507 mune
516 2457 632 2524 per
650 2436 817 2502 alias
846 2443 1101 2503 nostras
1123 2435 1244 2502 sub
1276 2441 1454 2501 certa
1490 2435 1700 2502 forma
1729 2435 1984 2504 litteras
2004 2454 2357 2519 monemus,
2376 2452 2563 2517 roga·

297 2567 444 2614 mus
463 2550 531 2612 et
548 2544 876 2610 hortamur
895 2545 1281 2628 attente,per
1291 2541 1676 2629 Apostolica
1696 2542 1790 2610 eis
1812 2541 2054 2631 scripta
2070 2540 2481 2626 mandantes,
2493 2547 2566 2606 ut

295 2657 715 2724 advertentes
744 2650 1043 2737 sollicite,
1076 2648 1248 2733 quod
1277 2669 1395 2737 per
1426 2649 1812 2735 nephariam
1842 2650 2194 2717 eorundem
2215 2649 2563 2718 observan-

299 2769 465 2833 tiam
484 2767 870 2831 statutorum
900 2759 1272 2847 Potestatis,
1290 2758 1739 2843 Antianorum,
1775 2756 2281 2826 Consilariorum
2302 2763 2368 2823 et
2388 2756 2570 2822 Com-

297 2873 513 2940 munis
545 2890 624 2936 ac
655 2867 954 2937 Civitatis
985 2865 1418 2953 predictorum
1448 2867 1625 2933 fama
1644 2866 2001 2934 laudabilis
2021 2864 2561 2953 quamplurimum

294 2982 698 3065 denigratur,
740 2983 806 3043 et
835 2993 1036 3060 grave
1052 2975 1193 3040 *imo
1222 2973 1681 3059 gravissimum
1711 2974 1941 3042 salutis
1993 2993 2214 3041 eorum
2264 2970 2564 3059 profecti·

293 3091 420 3156 bus
449 3085 767 3172 ingeritur
797 3081 1252 3149 detrimentum
1277 3104 1292 3164 ;
1342 3086 1591 3148 statuta
1640 3081 1861 3148 omnia
1911 3080 2210 3148 Civitatis
2263 3075 2554 3147 eiusdem

299 3195 567 3283 publica
595 3193 703 3259 vel
733 3194 1008 3276 secreta,
1040 3187 1503 3275 ordinationes,
1524 3191 1903 3275 scripturas,
1939 3208 2327 3274 quacunque
2358 3189 2566 3255 forma

296 3302 650 3370 verborum
677 3299 921 3385 scripta
949 3304 1118 3381 sunt,
1136 3316 1250 3368 seu
1268 3317 1647 3381 quocunque
1665 3297 1926 3365 nomine
1958 3303 2367 3384 censeantur,
2419 3295 2560 3363 sive

307 3407 685 3497 specialiter
715 3404 1124 3472 nominentur
1154 3403 1238 3470 ab
1291 3402 1474 3490 ipsis,
1510 3404 1648 3470 sive
1698 3404 2227 3489 cognominentur
2279 3402 2573 3488 generali

298 3514 620 3586 vocabulo
652 3521 1055 3598 statutorum,
1091 3531 1214 3595 que
1247 3512 1313 3576 in
1347 3517 1658 3594 quantum
1689 3519 1916 3579 contra
1948 3513 2311 3580 libertatem
2343 3509 2562 3577 Eccle-

301 3626 403 3692 sie
437 3631 500 3690 et
531 3641 748 3690 rerum
781 3619 1372 3686 ecclesiasticarum
1437 3625 1503 3686 et
1550 3637 1973 3706 personarum
2024 3627 2200 3707 sunt,
2249 3625 2439 3706 prout
2486 3617 2570 3683 de

303 3734 479 3800 facto
508 3726 885 3817 procedunt,
920 3724 1218 3793 duximus
1247 3726 1582 3814 irritanda,
1619 3733 1685 3795 et
1717 3727 2126 3795 declaramus
2157 3726 2399 3795 nullius
2432 3728 2570 3792 fore

300 3838 635 3925 momenti,
669 3856 750 3902 ac
782 3834 1023 3902 nullius
1056 3854 1318 3921 prorsus
1351 3834 1628 3904 existere
1658 3835 1999 3922 firmitatis,
2051 3835 2308 3904 sublato
2360 3833 2571 3900 cuius·

303 3941 471 4014 libet
494 3942 898 4011 difficultatis
919 3941 1274 4025 obstaculo,
1297 3941 1381 4009 de
1401 3940 1867 4028 capitularibus
1899 3963 2012 4010 seu
2045 3941 2406 4010 statutariis
2437 3941 2571 4007 suis

296 4063 415 4122 aut
447 4051 806 4138 quibusque
836 4048 1021 4116 libris
1051 4049 1153 4114 vel
1186 4049 1382 4114 cartis
1412 4048 1582 4114 infra
1631 4049 1998 4133 quindecim
2030 4048 2193 4136 dies,
2243 4070 2286 4116 a
2334 4068 2562 4134 recep-

299 4164 483 4229 tione
548 4157 985 4245 predictarum
1054 4156 1410 4222 litterarum
1473 4164 1833 4223 nostrarum
1885 4156 2274 4223 directarum
2326 4155 2568 4224 eisdem

316 4264 787 4354 computandos
806 4317 824 4348 ,
890 4264 1273 4346 ubicumque
1304 4271 1453 4330 sunt
1482 4265 1747 4351 scripta,
1768 4272 1993 4333 curent
2013 4265 2269 4351 penitus
2295 4262 2575 4348 abolere,

302 4375 428 4443 illa
459 4374 567 4441 vel
600 4372 845 4439 similia
878 4370 1059 4438 nullo
1091 4390 1394 4455 umquam
1455 4379 1751 4459 tempore
1811 4373 2173 4440 restitutum
2234 4389 2448 4436 coram
2511 4377 2575 4436 te

304 4487 604 4570 prestent
659 4478 919 4566 publice
978 4477 1445 4563 iuramentum;
1509 4480 1604 4545 sic
1666 4480 1993 4547 mandatis
2053 4477 2293 4546 nostris
2323 4478 2393 4543 in
2452 4476 2575 4544 hoc

306 4589 660 4656 efficaciter
689 4585 982 4670 parituri,
1017 4590 1088 4650 ut
1130 4584 1489 4652 devotionis
1520 4606 1636 4653 sue
1667 4587 2002 4653 sinceritas
2035 4586 2233 4669 digne
2254 4604 2576 4652 commen-
