3319 5249
1816 300 1951 371 560

1723 391 2040 399 --—-—-..-.

751 516 990 584 rarum,
1026 505 1091 566 et
1124 506 1335 568 utrum
1368 497 1664 565 homines
1695 496 2055 583 supradicti
2085 496 2230 563 sine
2262 495 2577 563 heredum
2608 495 2854 567 solacio
2876 494 3004 566 fue·

751 605 882 672 rint
913 604 1203 675 destituti
1236 628 1355 674 nec
1388 625 1493 694 ne,
1545 604 1735 673 nobis
1764 606 1853 673 ad
1913 603 2179 692 plenum
2240 604 2480 671 ueritas
2543 627 2675 672 non
2709 614 3008 673 constat:

746 713 1047 782 volumus
1078 721 1142 783 et
1171 715 1471 783 fidelitati
1503 722 1720 783 uestre
1761 712 2184 800 precipiendo
2238 711 2622 782 mandamus
2642 766 2658 799 ,
2692 722 3011 797 quatenus

746 821 1021 889 mittatis
1052 823 1376 890 hominem
1406 828 1693 892 vestrum
1728 843 1844 907 pro
1885 822 2258 889 testimonio
2311 821 2710 905 fidedignum
2734 875 2752 910 ,
2785 844 3010 891 coram

746 948 873 1012 quo
905 930 1243 997 Johannes
1275 930 1447 997 filius
1499 930 1807 997 Manthus
1839 929 2029 996 homo
2082 937 2308 996 noster
2358 928 2635 996 accedat
2687 950 2883 1015 super
2914 932 3006 998 sa-

744 1036 907 1103 ciem
940 1045 1253 1106 terrarum
1285 1039 1589 1123 superius
1623 1038 2142 1123 nominatarum,
2206 1043 2274 1104 et
2303 1034 2568 1104 easdem
2601 1041 3009 1122 presentibus

748 1145 1045 1214 omnibus
1079 1147 1544 1214 commetaneis
1577 1154 1640 1213 et
1673 1145 1907 1214 vicinis
1938 1166 2054 1232 per
2087 1151 2338 1213 veteres
2374 1152 2576 1211 metas
2612 1151 2675 1211 et
2706 1145 3008 1231 antiquas

745 1253 1211 1321 reambulando
1275 1275 1417 1322 cum
1479 1255 1872 1322 utilitatibus
1904 1262 1971 1320 et
2003 1252 2424 1339 pertinenciis
2486 1253 2837 1321 earundem
2867 1255 3006 1320 vni-

745 1361 956 1428 uersis
987 1361 1294 1445 predictis
1340 1362 1706 1449 Stephano-
1739 1367 1804 1427 et
1834 1361 2036 1427 Paulo
2069 1361 2404 1444 Magistris
2434 1366 2680 1428 statuat
2744 1370 2808 1428 et
2838 1362 3005 1429 assi-

750 1475 904 1551 gnet
935 1468 1391 1554 possidendas,
1421 1470 1478 1536 si
1512 1490 1640 1535 non
1676 1467 1870 1536 fuerit
1922 1468 2433 1553 contradictum;
2493 1469 3005 1536 contradictores

748 1597 923 1657 uero,
962 1576 1021 1642 si
1049 1577 1164 1660 qui
1197 1576 1450 1657 fuerint,
1482 1576 1570 1642 ad
1601 1582 1887 1643 nostram
1909 1575 2066 1641 citet
2098 1570 2515 1643 Presenciam
2536 1576 2623 1642 ad
2653 1578 3001 1644 terminum

743 1691 1248 1770 competentem;
1282 1690 1347 1750 et
1384 1684 1656 1770 posthec
1686 1683 1859 1751 diem
1892 1683 2230 1751 citacionis
2253 1735 2267 1761 ,
2326 1683 2590 1750 nomina
2640 1684 3000 1771 citatorum,

742 1789 1082 1858 terminum
1119 1791 1524 1877 assignatum
1545 1842 1564 1874 ,
1628 1790 2011 1874 qualitatem
2062 1798 2126 1857 et
2186 1792 2619 1875 quantitatem
2679 1790 2999 1857 dictarum

741 1907 1075 1986 terrarum,
1108 1921 1186 1966 ac
1220 1917 1443 1967 cursus
1471 1904 1789 1967 metarum
1821 1899 2176 1967 earundem
2237 1899 2422 1965 nobis
2472 1898 2749 1966 fideliter
2778 1899 3000 1967 rescri-

741 2007 932 2073 batis.
965 2010 1207 2074 Datum
1240 2008 1308 2073 in
1341 2010 1564 2077 Zekas
1598 2010 1673 2075 in
1705 2008 1956 2075 octauis
1996 2009 2435 2076 Pentecostes.

738 2205 1020 2270 (Ei-edotio
1052 2204 1396 2273 bb'rhArtyaim
1432 2224 1466 2258 a
1508 2205 1899 2276 zarpecsetnek
1942 2207 2198 2261 teredeke
2247 2206 2370 2273 meg
2423 2224 2689 2273 megvan;
2740 2224 2775 2258 a
2817 2224 2996 2258 nemos

1435 2295 1638 2364 Kallay
1677 2295 1861 2351 csalad
1892 2295 2318 2365 leveltaraban.)

1789 3209 1944 3277 412.

733 3416 852 3481 IV.
885 3415 1116 3482 Ldszlo
1144 3413 1497 3500 kirdlynak
1529 3435 1572 3475 a
1602 3409 2018 3496 naquaeiradi
2075 3408 2499 3494 kdptalanhoz
2532 3408 2793 3487 inte'zett,
2843 3407 2986 3472 Da·

733 3524 988 3603 marad,
1021 3522 1236 3589 Dobos
1259 3524 1321 3588 05³
1341 3521 1668 3605 Byztruch
1700 3517 2076 3603 helyseqeket
2102 3518 2416 3601 tdrqyazd
2445 3516 2715 3616 ilctatcisi
2736 3537 2988 3599 paran-

740 3654 868 3717 αα,
903 3627 1162 3715 Mihdly
1193 3652 1388 3695 comes
1418 3651 1449 3691 s
1467 3627 1629 3710 fiai,
1663 3624 2046 3799 {Ztvsskg
2100 3624 2229 3688 Pal
2278 3623 2612 3690 mesternek
2661 3627 2984 3688 szdmdra.

936 3934 1286 4004 Ladizlaus
1316 3933 1442 4003 Dei
1469 3933 1694 4017 gracia
1725 3934 1871 4000 Rex
1905 3928 2242 4013 Hungarie
2271 3929 2570 3998 fidelibus
2600 3930 2738 3997 suis
2775 3930 2973 4017 Capi-

722 4044 860 4110 tulo
889 4042 1307 4111 Waradiensi
1338 4041 1612 4110 salutem
1647 4047 1713 4109 et
1744 4041 2054 4125 graciam.
2091 4038 2252 4104 Oum
2284 4059 2403 4106 nos
2465 4036 2780 4122 quasdam
2831 4058 2978 4124 pos-

723 4149 1050 4219 sessiones
1079 4153 1272 4220 Pauli
1301 4160 1368 4219 et
1398 4153 1670 4218 fratrum
1701 4145 1962 4219 suorum
1994 4148 2268 4215 filiorum
2304 4148 2556 4234 Cosme,
2607 4147 2969 4240 Damarad‚

704 4259 945 4328 ,Dobos
998 4266 1061 4326 et
1110 4259 1430 4345 Byztrucb
1472 4265 1742 4325 uocatas
1773 4257 1954 4324 etad
2001 4276 2113 4323 eas
2170 4256 2585 4341 pertinentes,
2636 4255 2817 4323 iuxta
2867 4257 2975 4321 Ti-

720 4367 883 4434 ciam
915 4367 981 4434 in
1015 4367 1336 4435 Comitatu
1386 4366 1468 4433 de
1515 4365 1821 4434 Zobouch
1873 4364 2247 4453 existentes,
2303 4371 2570 4450 propter
2625 4362 2973 4431 eorundem

720 4493 1026 4543 excessus
1057 4475 1464 4563 manifestos,
1499 4495 1666 4559 quos
1699 4482 1928 4541 contra
1959 4479 2250 4541 nostram
2281 4473 2549 4556 Regiam
2568 4471 2978 4539 Maiestatem

719 4583 1196 4672 commiserunt,
1264 4581 1496 4652 Comiti
1529 4582 1831 4650 Michaeli
1866 4581 1995 4664 filio
2029 4581 2220 4667 Vbul,
2272 4580 2603 4664 Stephano
2655 4590 2722 4646 et
2770 4578 2978 4645 Paulo
