3319 5249
1413 322 1541 388 285

340 510 637 579 nobilem
671 519 734 580 et
766 514 1127 603 prouidum,
1162 517 1489 599 quandam
1520 524 1762 584 terram
1795 518 2002 591 Castri
2035 518 2232 585 vestri
2252 517 2596 585 Nitriensis

346 619 542 688 Kend
591 628 888 689 vocatam
949 643 1225 690 vacuam
1287 633 1352 693 et
1410 625 1882 694 habitatoribus
1944 623 2314 693 destitutam
2334 678 2354 713 ,
2416 624 2599 691 iuxta

335 728 608 796 fluuium
676 730 990 818 Radysna
1051 726 1438 800 e'xistentcm
1459 784 1475 817 ‚
1547 734 1666 801 sub
1717 734 1908 802 metis
1970 734 2253 817 antiquis
2273 785 2291 818 ,
2357 733 2594 816 quibus

338 836 649 905 Castrum
681 841 893 907 tenuit
922 848 988 909 et
1015 841 1326 927 possedit,
1350 841 1538 909 Petro
1571 842 1708 910 filio
1740 841 2069 929 Zubuzlai,
2088 842 2272 909 iuxta
2304 848 2589 909 vestrum

333 945 719 1014 mandatum
770 957 835 1015 ct
883 956 1252 1036 preceptum
1302 952 1531 1017 statuit
1581 950 2061 1036 possidendam,
2119 950 2302 1017 nullo
2336 957 2587 1017 contra·

334 1053 588 1124 dictore
630 1057 891 1142 penitus
926 1058 1260 1126 existente.
1311 1061 1552 1127 Datum
1600 1060 1669 1126 in
1716 1059 1883 1127 festo
1933 1060 2120 1128 Beati
2148 1060 2324 1126 Luce
2355 1060 2591 1124 Ewan-

334 1163 594 1248 geliste.

526 1346 643 1411 (IV.
677 1344 873 1399 1252216
906 1345 1086 1413 kiraly
1112 1346 1649 1415 adomanylevelebffl
1679 1352 1817 1401 mint
1845 1348 2064 1401 sentebb
2094 1346 2212 1401 193.
2240 1366 2312 1401 sz.
2339 1347 2411 1412 a.)

1256 1672 1678 1681 —-————

1389 2175 1542 2242 203.

337 2357 398 2421 A
426 2358 700 2443 posc'qai
729 2358 1182 2442 kdptalcmnak
1211 2358 1774 2444 bizonysdylcvcle,
1811 2360 1976 2446 hoqy
2016 2359 2283 2438 Rocold,
2325 2356 2587 2424 Roland

333 2467 599 2531 bdnnak
615 2466 743 2548 fia,
765 2466 1137 2531 Pechne'ban
1156 2466 1291 2530 Ζέυό
1308 2467 1586 2532 bio-tokdt
1609 2468 1807 2533 Zoboo
1824 2469 2094 2550 fiainak
2125 2468 2357 2532 eladta.
2383 2466 2582 2530 1280.

557 2663 931 2750 Capitulum
981 2664 1271 2731 Ecclesie
1336 2665 1521 2731 Beati
1591 2667 1773 2732 Petri
1823 2666 1906 2733 de
1964 2668 2222 2752 Posaga
2283 2664 2579 2731 omnibus

339 2773 583 2841 Christi
613 2771 915 2840 fidelibus
950 2780 1082 2840 tam
1114 2774 1519 2857 presentibus
1553 2794 1747 2857 quam
1782 2774 2015 2842 futuris
2046 2775 2323 2841 salutem
2354 2773 2422 2838 in
2455 2775 2580 2838 Do·

340 2885 517 2949 mino
586 2883 1062 2967 sempiternam.
1131 2882 1232 2948 Ad
1283 2883 1724 2950 vniuersorum
1775 2882 2082 2951 noticiam
2132 2884 2362 2950 harum
2411 2883 2582 2949 serie

339 2991 637 3058 volumus
689 2993 1028 3077 peruenire
1069 2993 1241 3077 quod
1273 2991 1596 3060 Rocoldus
1625 2993 1795 3060 filius
1828 2991 2110 3059 Rolandi
2144 2994 2308 3060 Bani
2341 2994 2423 3059 ab
2454 3013 2585 3059 vna

340 3105 552 3186 parte,
608 3107 671 3166 et
718 3098 1082 3186 Ladizlaus,
1111 3100 1458 3185 Arnoldus,
1493 3101 1668 3167 Gula
1697 3122 1776 3167 ac
1810 3100 2068 3168 Blasius
2102 3101 2215 3186 filij
2252 3102 2468 3168 Zoboo
2500 3101 2585 3166 ab

342 3205 555 3273 altera
610 3228 822 3277 coram
874 3211 1061 3277 nobis
1111 3209 1541 3294 personalites
1576 3216 1727 3277 sunt
1759 3209 2124 3293 constituti;
2162 3216 2226 3276 et
2255 3209 2430 3276 idem
2462 3210 2582 3274 Ro-

341 3315 566 3384 coldus
599 3317 930 3387 confessus
961 3326 1058 3386 est
1094 3320 1245 3386 viua
1275 3339 1452 3407 voce,
1484 3320 1811 3403 quandam
1845 3319 2231 3405 particulam
2260 3326 2429 3385 terre
2465 3337 2582 3383 sue

348 3425 655 3509 empticie
702 3427 957 3494 Peehne
1005 3435 1259 3510 vocate,
1325 3448 1448 3512 que
1480 3427 1812 3495 Jelsewek
1862 3427 2127 3513 dicitur,
2186 3426 2581 3511 supradictis

338 3535 666 3620 LadizlaO,
702 3534 1003 3622 Arnoldo,
1037 3538 1252 3624 Gyule
1282 3558 1362 3602 ac
1393 3537 1616 3604 Blasio
1658 3559 1778 3622 pro
1812 3537 2082 3621 triginta
2111 3537 2349 3603 marcis
2381 3536 2577 3603 dena-

338 3644 580 3711 riorum
631 3646 825 3731 plene
873 3646 1155 3730 receptis
1203 3645 1578 3713 vendidisse
1628 3652 1936 3732 perpetuo
1960 3645 2453 3731 possidendam
2486 3645 2581 3710 ita

338 3760 572 3837 tamen,
621 3754 795 3839 quod
824 3754 877 3820 si
928 3753 1132 3820 frater
1166 3773 1339 3839 suus,
1375 3755 1479 3820 uel
1514 3754 1881 3837 quicunque
1914 3754 1993 3821 de
2023 3754 2320 3837 cognatis
2349 3755 2484 3820 suis
2518 3759 2581 3818 et

342 3864 516 3950 alijs,
566 3862 773 3946 ipsam
826 3863 1215 3950 particulam
1246 3870 1413 3929 terre
1465 3862 1543 3928 de
1584 3862 1977 3948 supradictis
2007 3863 2156 3946 filijs
2189 3862 2407 3929 Zoboo
2439 3882 2578 3947 pro-

342 3993 525 4040 cessu
556 3979 915 4059 temporum
948 3972 1307 4059 impeteret,
1344 3970 1515 4037 idem
1536 3971 1855 4039 Rocoldus
1889 3972 2207 4038 tenebitur
2249 3969 2575 4056 expedire.

341 4083 563 4149 Prima
594 4090 768 4150 meta
800 4081 1007 4167 ipsius
1039 4088 1228 4166 terre,
1260 4081 1430 4148 sicut
1460 4080 1657 4163 ijdem
1690 4080 2066 4166 retulerunt,
2087 4079 2317 4164 incipit
2338 4086 2577 4165 aparte

341 4192 873 4278 septemtrionali,
909 4191 1095 4257 iuxta
1127 4189 1447 4274 quoddam
1500 4189 1767 4276 kalista,
1803 4211 1927 4273 quc
1959 4197 2057 4257 est
2080 4189 2270 4274 juxta
2300 4188 2473 4254 viam
2508 4188 2575 4253 in

343 4309 556 4368 monte
607 4298 982 4384 Mocheych,
1035 4297 1310 4365 tendens
1346 4297 1431 4362 ad
1464 4296 1812 4382 meridiem,
1846 4305 1910 4364 et
1942 4297 2275 4364 descendit
2304 4296 2573 4363 inferius

342 4413 423 4477 ad
455 4410 1079 4496 Jelsewechpotoka,
1114 4416 1178 4476 et
1208 4429 1322 4494 per
1352 4407 1562 4493 ipsum
1606 4405 1808 4492 potok
1839 4405 2290 4474 descendendo
2323 4405 2458 4472 exit
2488 4404 2576 4470 ad

342 4524 630 4589 arborem
682 4522 838 4605 piri3
881 4519 1034 4586 inde
1067 4519 1246 4585 vadit
1277 4540 1390 4604 per
1421 4521 1628 4587 siluas
1659 4519 1748 4585 ad
1779 4519 2071 4586 arborem
2101 4518 2248 4605 fyz;
2281 4514 2429 4584 inde
2459 4534 2577 4601 per

342 4628 684 4715 quamdam
737 4628 1085 4714 planiciem
1136 4628 1429 4712 peruenit
1481 4625 1567 4693 ad
1615 4629 1907 4695 arborem
1958 4626 2272 4714 harasth,
2301 4645 2424 4710 que
2478 4630 2575 4692 est
