3319 5249
1495 417 1631 516 ,35⁷

1493 1044 1644 1113 254.

450 1230 501 1296 I
507 1228 579 1294 V.
618 1230 847 1297 La'szld
890 1233 1115 1316 kirdly
1161 1233 1521 1317 meyercisiti
1566 1232 1789 1298 Istvdn
1834 1230 2042 1319 iffabb
2091 1231 2449 1319 kirdlynak
2499 1231 2678 1298 Baas

444 1338 844 1427 nevtlfb'ldet
873 1343 1184 1428 ta'rqyazd
1227 1338 1504 1406 1266-Ῑεί
1550 1339 1946 1426 adomdnyctt
1997 1339 2199 1423 Sank,
2234 1339 2677 1425 Starknakfia

1294 1452 1613 1514 szdmctra.
1649 1445 1842 1515 1283.

656 1645 1000 1715 Ladizlaus
1018 1645 1141 1714 Dei
1162 1647 1386 1731 gracia
1403 1645 1706 1732 Vngarie‚
1739 1648 2098 1735 Dalmaeie,
2120 1648 2409 1732 Groacie,
2441 1648 2605 1716 Ram
2613 1672 2669 1733 e,

441 1753 691 1841 Sei-ine,
725 1753 1019 1841 Gallicie,
1048 1753 1366 1822 Cumanie
1386 1807 1405 1840 ,
1438 1756 1878 1839 Bulgarieque
1924 1757 2063 1823 Rex
2112 1759 2408 1826 omnibus
2443 1757 2676 1828 Christi

440 1861 740 1931 fidelibus
800 1870 1135 1951 presentes
1199 1865 1451 1932 litteras
1512 1864 1901 1952 inspecturis
1951 1864 2222 1933 salutem
2273 1864 2357 1932 in·
2389 1866 2673 1935 omnium

440 1974 790 2040 saluatore.
820 1970 924 2038 Ad
958 1973 1404 2041 vniuersorum
1453 1973 1758 2041 noticiam
1806 1980 2031 2043 tenore
2061 1972 2466 2059 presencium
2499 1976 2676 2043 uolu-

442 2102 585 2150 mus
623 2082 983 2170 peruenire,
1016 2080 1189 2167 quod
1234 2082 1418 2150 Sank
1449 2081 1616 2149 filius
1665 2082 1867 2150 Stark
1916 2081 2003 2147 ad
2033 2087 2317 2151 nostram
2365 2083 2680 2151 accedens

441 2189 846 2277 presenciam
879 2189 1170 2258 exhibuit
1198 2190 1386 2257 nobis
1418 2189 1830 2276 priuilegium
1881 2189 2193 2278 Stephani
2241 2189 2437 2278 Regis
2465 2192 2672 2262 karis-

443 2297 590 2367 simi
621 2301 826 2385 patris
852 2298 1056 2368 nostri
1085 2296 1292 2366 felicis
1342 2296 1821 2367 recordacionis
1869 2319 2062 2384 super
2110 2299 2469 2370 collacione
2501 2308 2671 2370 terre

447 2407 656 2475 Castri
688 2408 890 2476 nostri
911 2407 1266 2476 confectum
1300 2407 1745 2476 Gumuriensis
1775 2409 1949 2477 Baas
1968 2414 2232 2496 vocate,
2266 2416 2495 2497 petens
2535 2431 2676 2478 cum

444 2516 793 2604 instancia,
823 2523 893 2583 ut
923 2515 1135 2603 ipsum
1155 2515 1567 2602 priuilegium
1588 2516 1794 2604 patris
1822 2519 2027 2586 nostri
2046 2525 2255 2586 ratum
2277 2518 2680 2603 haberemus,

445 2632 509 2694 et
540 2631 761 2694 nostro
794 2626 1211 2712 dignaremur
1239 2626 1586 2713 priuilegio
1619 2628 2014 2697 confirmare.
2047 2627 2242 2697 Cuius
2276 2629 2533 2714 quidem
2554 2630 2674 2717 pri-

447 2734 671 2821 uilegij
706 2742 889 2802 tenor
918 2733 1069 2802 talis
1103 2741 1235 2803 est:
2696 2782 2701 2789 .

660 2842 1022 2929 Stephanus
1054 2843 1135 2911 D.
1166 2864 1262 2928 gr.
1285 2843 1509 2929 juulor
1557 2846 1698 2911 Rex
1753 2845 2038 2931 Vngarie
2089 2846 2211 2914 stb.
2264 2844 2682 2936 (kevetkezik

452 2953 677 3019 Istvan
708 2950 913 3037 iijabb
946 2950 1303 3038 kiralynak
1340 2953 1612 3023 1266-ki
1648 2953 2198 3040 adomanylevele,
2235 2954 2398 3022 mint
2430 2957 2679 3043 gqute-

447 3060 784 3146 menyunk
804 3059 980 3126 VIII.
985 3113 1004 3147 ‚
1037 3063 1270 3148 vagyis
1292 3081 1334 3127 a
1353 3061 1652 3129 masodik
1674 3060 1917 3150 folyam
1935 3063 2053 3130 III.
2074 3061 2419 3131 kbteteben
2456 3061 2682 3151 144.1.)

665 3169 803 3237 Nos
852 3168 1051 3255 igitur
1097 3170 1525 3257 peticionibus
1556 3171 1843 3240 eiusdem
1884 3172 2149 3239 Comitis
2199 3172 2420 3239 Sanck
2470 3172 2680 3256 Regia

440 3277 837 3347 liberalitate
856 3276 1468 3365 inclinati,(dictum)
1490 3279 1906 3365 priuilegium
1924 3279 2128 3366 patris
2149 3279 2348 3348 nostri
2369 3277 2675 3369 non(can-

446 3382 806 3474 cellatum),
825 3406 952 3456 non
986 3392 1312 3473 abrasum,
1334 3407 1461 3454 non
1483 3386 1552 3454 di
1575 3384 1861 3475 (lutum),
1881 3390 2085 3457 necin
2103 3386 2332 3471 aliqua
2362 3389 2461 3454 sui
2493 3395 2680 3475 parte

442 3494 775 3581 viciatum,
806 3501 1013 3561 ratum
1066 3493 1374 3562 habentes
1426 3500 1489 3562 et
1538 3500 1914 3581 acceptum,
1962 3496 2044 3563 de
2077 3496 2268 3564 uerbo
2297 3492 2385 3561 ad
2414 3493 2676 3563 uerbum

289 3650 306 3659 -
441 3603 850 3690 presentibus
890 3602 1091 3671 inseri
1121 3601 1454 3693 facientes,
1501 3607 1882 3673 auctoritate
1931 3604 2328 3689 presencium
2359 3604 2681 3687 *duximus

446 3711 976 3781 continuandum.
1009 3712 1086 3778 In
1117 3710 1294 3778 cuius
1327 3712 1421 3779 rei
1452 3711 1824 3778 memoriam
1861 3718 2367 3798 perpetuamque
2413 3711 2681 3780 firmita-

443 3827 572 3888 tem
605 3827 935 3906 presentes
969 3820 1402 3888 concessimus
1443 3819 1695 3888 litteras
1726 3818 2050 3907 dupplicis
2082 3821 2280 3906 sigilli
2310 3820 2511 3889 nostri
2547 3839 2679 3888 mu·

444 3929 692 3997 nimine
740 3929 1095 3996 roboratas.
1163 3928 1405 3996 Datum
1454 3947 1574 4016 per
1624 3949 1852 3996 manus
1902 3928 2163 3998 discreti
2211 3929 2333 3997 viri
2385 3927 2680 4014 Magistri

442 4036 882 4108 Bartholomei
917 4037 1240 4124 Prepositi
1273 4037 1355 4104 de
1386 4036 1631 4124 Scepus
1666 4038 1811 4103 aule
1841 4047 2059 4105 nostre
2082 4039 2235 4106 Vice
2267 4036 2680 4123 cancellarij‚

445 4145 672 4213 dilecti
702 4153 768 4210 et
795 4144 1012 4213 fidelis
1048 4147 1251 4213 nostri
1287 4165 1459 4212 anno
1481 4145 1741 4213 Domini
1770 4145 2275 4215 M⁰OC⁰LXXX⁰
2305 4146 2505 4214 tercio
2534 4145 2682 4212 duo-

444 4254 696 4323 decimo
713 4252 909 4321 kalen
918 4252 1037 4321 das
1053 4254 1451 4341 Decembris,
1471 4252 1845 4323 Indiccione
1864 4252 2222 4343 vndecima,
2243 4255 2443 4342 Regni
2467 4260 2681 4322 autem

442 4365 652 4433 nostri
684 4381 856 4431 anno
898 4362 1292 4432 duodecimo.

447 4549 732 4627 (Eredetie'
754 4562 1105 4631 btirhsrtyan,
1135 4581 1172 4618 a
1205 4566 1329 4618 zbld
1355 4564 1811 4631 selyemnsineron
1849 4563 2063 4632 fitggbtt
2113 4563 2298 4639 peeset
2346 4564 2624 4628 elveszett,
2648 4576 2683 4619 a

1051 4650 1219 4707 budai
1245 4654 1346 4718 kir‘
1374 4654 1621 4708 kamsrsi
1656 4651 2037 4719 levattarban.)

1354 4817 1542 4831 ρ--η-ψ--··
1563 4820 1578 4824 w
