3319 5249
1400 380 1527 445 441

335 582 401 642 et
431 575 648 659 Regni
683 575 883 643 nostri
937 574 1001 639 in
1036 574 1333 657 seruicijs
1375 575 1590 641 varios
1642 575 1896 640 labores
1960 571 2298 638 sollercius
2329 568 2596 655 pertulit

335 692 400 751 et
429 704 821 769 erumpnas3
857 684 1062 751 eciam
1116 681 1322 747 maria
1341 679 1850 766 transfretando,
1882 687 1945 749 et
1977 680 2045 746 in
2077 680 2436 746 Romanam
2473 680 2594 746 Cu·

340 792 504 857 riam
536 790 950 874 frequencius
983 790 1221 858 nostris
1254 792 1319 856 in
1354 790 1688 874 obsequijs
1724 788 2121 857 transeundo
2176 806 2253 852 ac
2287 806 2419 851 una
2452 807 2589 870 pre·

333 898 555 966 sertim
590 898 731 965 uice
761 898 894 965 suis
929 898 1208 984 proprijs
1262 898 1624 984 sumptibus
1656 896 1968 984 expensis
1989 895 2234 962 cercius
2267 893 2393 961 sibi
2428 913 2591 963 corn·

334 1007 542 1074 missa
573 1026 830 1092 semper
894 1004 1209 1073 inuiolate
1259 1006 1326 1072 in
1376 992 1522 1073 rore
1552 1005 1707 1071 fidei
1742 1003 1995 1071 sedulis
2059 1000 2388 1086 obsequiis
2421 1020 2593 1068 com-

331 1113 671 1199 probauit:
702 1133 822 1179 nos
858 1112 1282 1180 Celsitudinis
1334 1113 1534 1198 Regie
1596 1112 1680 1179 de
1710 1113 1936 1197 gracia
1981 1109 2259 1195 liberali,
2301 1109 2593 1177 uolentes

336 1223 541 1308 ipsius
574 1221 870 1304 Magistri
922 1220 1108 1286 Pauli
1140 1221 1468 1305 Prepositi
1533 1219 1952 1286 deuociouem
2017 1226 2082 1285 et
2113 1217 2306 1284 fidem
2341 1217 2596 1302 largitis

337 1330 676 1415 beneficijs
707 1330 1048 1415 ampliare,
1087 1328 1424 1397 intendere
1459 1337 1541 1414 et,
1578 1335 1650 1396 ut
1683 1328 1997 1412 congruit,
2038 1345 2386 1413 repensare
2419 1326 2592 1393 dam-

335 1458 488 1525 pna,
522 1457 650 1521 que
684 1438 970 1523 pertulit,
1005 1438 1304 1523 plurima,
1337 1438 1579 1504 nostris
1614 1436 1950 1521 obsequijs
2000 1433 2412 1520 mancipatus
2478 1432 2593 1501 Co·

342 1566 501 1613 rone
530 1565 645 1630 per
678 1544 896 1611 obices
930 1551 994 1610 et
1026 1544 1341 1629 rebelles3
1390 1545 1557 1611 duas
1590 1543 1802 1610 eidem
1835 1542 2026 1609 villas
2056 1542 2299 1627 Regias
2331 1542 2594 1626 liberas,

337 1672 504 1735 quas
563 1651 855 1736 hospites
917 1654 1125 1735 Regni
1189 1652 1393 1719 nostri
1457 1651 1784 1747 incoluntx,
1851 1649 2155 1716 videlicet
2215 1650 2500 1736 Nempty
2531 1656 2597 1715 ct

342 1759 620 1845 Thouty‚
651 1780 856 1846 prope
890 1760 1187 1845 Corpona
1217 1758 1602 1827 constitutas
1647 1760 1730 1825 ab
1765 1778 1897 1823 una
1926 1763 2112 1844 parte
2143 1758 2372 1844 paucis
2406 1757 2594 1823 inter-

337 1864 575 1950 medijs
605 1866 805 1952 villis,
842 1869 927 1932 ab
957 1866 1090 1933 alia
1140 1884 1298 1932 uero
1330 1886 1532 1953 prope
1584 1865 1814 1932 villam
1867 1864 2154 1950 Capituli
2195 1863 2590 1948 Strigonien-

335 1973 443 2055 sis,
476 1972 803 2039 Zebheleb
838 1980 1157 2057 uocatam,
1188 1973 1468 2059 positas,
1518 1973 1880 2039 collocatas
1902 1978 1968 2037 te
2004 1970 2164 2039 sitas
2185 1992 2385 2060 supra
2421 1973 2594 2038 viam

338 2099 661 2164 magnam,
691 2098 821 2162 qua
851 2077 980 2145 itur
1026 2079 1095 2144 in
1128 2079 1429 2146 Zebnech
1462 2081 1646 2145 Bana
1701 2076 2271 2166 (Selmeczbanya)
2293 2131 2312 2165 ,
2356 2079 2459 2148 uel
2494 2100 2591 2146 ar·

338 2187 517 2270 genti
549 2184 859 2269 fodinam,
891 2185 987 2253 sic
1018 2197 1338 2268 uocatam,
1372 2206 1515 2253 cum
1566 2185 1831 2269 telonio,
1898 2188 2002 2253 uel
2034 2188 2273 2254 tributo
2307 2186 2497 2253 solito
2530 2195 2594 2253 et

339 2295 577 2361 usitato
636 2293 912 2379 Regali,
979 2294 1152 2377 quod
1185 2294 1251 2360 in
1316 2294 1477 2379 ipsis
1540 2292 1719 2378 exigi
1784 2294 2121 2362 consueuit
2184 2296 2267 2361 ab
2299 2296 2596 2381 antiquo,

341 2407 680 2486 exemptas
714 2408 778 2467 et
810 2409 1120 2487 exceptas
1151 2423 1195 2469 a
1223 2401 1676 2468 iurisdiccione
1719 2397 2059 2481 cuiuslibet
2094 2402 2356 2468 omnino
2390 2401 2593 2468 Comi·

315 2509 440 2591 tis,
472 2507 581 2573 uel
611 2506 884 2593 Judicis,
918 2514 983 2574 et
1015 2507 1394 2593 specialiter
1425 2506 1694 2576 Comitis
1714 2508 1914 2575 nostri
1949 2508 2029 2574 de
2061 2508 2307 2593 Zolum,
2344 2510 2452 2594 qui
2481 2530 2594 2593 pro

342 2624 629 2702 tempore
664 2614 856 2684 fuerit
905 2616 1110 2702 Regie
1142 2615 1224 2684 de
1253 2618 1619 2685 Maiestatis
1651 2615 1921 2703 indulto,
1970 2618 2033 2685 iu
2068 2619 2362 2684 omnibus
2396 2615 2596 2683 ciuili-

341 2729 458 2792 bus
494 2732 560 2791 et
590 2723 1038 2792 criminalibus
1099 2728 1343 2812 causis,
1377 2732 1510 2791 tam
1546 2746 1717 2791 nunc
1780 2725 2238 2811 pendentibus,
2271 2745 2464 2809 quam
2496 2723 2592 2792 fu·

339 2832 517 2915 turis,
553 2831 818 2908 realiter
850 2839 915 2898 et
944 2838 1265 2917 perpetuo
1298 2832 1692 2916 eximentes3
1726 2832 1843 2901 illo
1874 2832 2078 2899 eciam
2112 2853 2240 2900 non
2273 2832 2594 2917 obstante,

340 2940 393 3005 si
427 2938 540 3023 qui
576 2936 742 3005 forte
772 2946 993 3006 nostre
1022 2939 1410 3006 Serenitatis
1447 2931 1796 3025 priuilegia
1847 2938 2229 3006 exhiberent
2265 2959 2457 3025 super
2487 2937 2595 3005 do-

340 3048 616 3126 nacione
646 3044 1080 3132 predictarum
1115 3046 1452 3133 villarum,
1510 3067 1553 3112 a
1584 3046 1774 3114 nobis
1837 3046 2162 3114 consimili
2224 3046 2351 3112 sibi
2383 3045 2594 3129 facta3

341 3155 498 3237 quia
528 3153 651 3220 etsi
688 3153 951 3220 easdem
1016 3171 1137 3238 pro
1167 3159 1457 3238 tempore
1517 3151 1904 3237 quibusdam
1967 3154 2473 3220 concesserimus
2506 3151 2592 3217 ad

342 3258 646 3327 utendum
677 3267 745 3326 et
772 3257 1110 3327 fruendum
1131 3310 1151 3344 ,
1204 3261 1679 3346 perpetualiter
1710 3266 1932 3327 tamen
1965 3261 2152 3343 nulli,
2184 3268 2592 3345 preterquam

343 3368 654 3449 Magistro
685 3367 889 3435 Paulo
920 3367 1255 3454 Preposito
1287 3368 1355 3434 in
1386 3367 1671 3453 presenti
1695 3417 1715 3452 ,
1765 3375 1832 3435 et
1862 3367 2016 3450 quia
2048 3374 2265 3434 nostre
2295 3368 2592 3435 Maiesta-

340 3476 421 3540 tis
452 3473 633 3541 bulle
665 3482 929 3558 propter
990 3475 1273 3559 plurima
1304 3474 1388 3540 de
1449 3474 1696 3540 eisdem
1750 3481 1967 3559 preter
2025 3482 2248 3541 nostra
2279 3473 2593 3542 mandata

340 3588 562 3648 nostre
590 3582 953 3650 teneritatis
1012 3583 1374 3668 perniciose
1406 3583 1758 3651 commissa
1795 3583 1863 3648 in
1897 3591 2220 3668 tempore,
2274 3584 2480 3666 nobis,
2511 3583 2596 3649 de

338 3688 752 3775 beneplacito
780 3688 990 3756 tocius
1021 3690 1229 3775 Regni
1264 3691 1466 3757 nostri
1489 3740 1506 3773 ‚
1571 3690 2038 3758 mandantibus
2085 3692 2398 3776 abrogate
2462 3691 2595 3756 fue·

339 3802 487 3862 runt
519 3803 586 3862 et
613 3797 857 3880 incise3
889 3796 1059 3863 vnde
1091 3798 1146 3863 si
1183 3817 1313 3881 qua
1334 3803 1736 3883 apparerent
1758 3815 1954 3881 super
1973 3817 2050 3865 eo
2071 3797 2416 3882 priuilegia
2438 3796 2593 3882 alia,

338 3902 452 3969 illa
483 3903 742 3986 penitus
774 3903 999 3970 inania
1030 3914 1095 3971 et
1131 3904 1385 3974 uiribus
1418 3904 1845 3972 decernentes
1905 3910 2225 3988 uacuata;
2278 3905 2595 3972 concessi-

337 4031 499 4096 mus,
534 4008 833 4077 dedimus
866 4018 927 4077 et
961 4010 1350 4079 donauimus
1382 4011 1534 4098 sihi,
1566 4013 1833 4096 suisque
1883 4012 2382 4097 successoribus,
2414 4013 2594 4078 here-

336 4118 619 4202 dumque
650 4117 997 4185 heredibus
1028 4123 1097 4184 et
1127 4118 1436 4204 deinceps
1458 4170 1475 4202 ,
1507 4125 1822 4204 perpetuo
1856 4117 2328 4204 possidendas3
2361 4117 2593 4184 dautes

338 4224 549 4291 eidem
582 4224 854 4291 liberam
908 4224 1285 4292 facultatem
1334 4223 1673 4291 alienandi
1696 4219 1727 4308 ,'
1748 4223 2073 4292 uendendi
2094 4275 2112 4307 ,
2151 4244 2426 4307 cumque
2457 4224 2594 4291 alia

343 4332 761 4417 possessione
782 4333 1194 4419 permutandi
1214 4354 1358 4401 cum
1381 4333 1846 4417 ecclesiastica,
1874 4333 1980 4401 uel
1999 4334 2259 4420 priuata
2288 4352 2594 4418 persona,

338 4437 716 4507 donandiue
767 4440 936 4508 inter
981 4441 1197 4524 uiuos,
1234 4440 1339 4507 uel
1371 4439 1578 4507 eciam
1632 4441 1702 4507 in
1732 4448 2120 4509 testamento
2167 4439 2595 4524 relinquendi,

342 4547 635 4615 Ecclesie
668 4545 1071 4635 nominatim,
1105 4548 1213 4615 uel
1246 4568 1525 4634 persone
1572 4549 2038 4634 ecclesiastice,
2071 4548 2126 4615 si
2160 4549 2454 4634 uoluerit,
2487 4549 2593 4615 uel

342 4654 494 4739 alijs
528 4653 896 4724 hominibus
930 4655 1035 4723 uel
1094 4654 1386 4743 personis
1418 4657 1769 4742 extraneis,
1804 4655 1910 4723 uel
1961 4655 2104 4723 suis
2135 4656 2395 4740 agnatis
2416 4707 2431 4736 ‚
2479 4677 2595 4725 seu
