3319 5249
1408 390 1539 462 259

1402 943 1550 1011 178.

349 1150 451 1216 Az
482 1150 618 1234 cyri
647 1146 1093 1232 kdptalarmak
1124 1143 1661 1230 bizonysdqlevele
1677 1192 1699 1224 ,
1747 1147 1910 1231 hoqy
1942 1143 2183 1211 Miskei
2213 1143 2420 1210 Jdnos
2452 1143 2612 1209 Mis-

350 1256 540 1321 ke‘ben
569 1257 706 1321 Ζέυὸ
738 1253 1031 1339 bizonyos
1061 1251 1277 1339 f'o’ldet
1314 1253 1480 1318 Imre
1499 1302 1521 1334 ,
1569 1250 1797 1319 Pauka
1830 1253 2077 1334 fldnak
2102 1253 2358 1320 eladott.
2410 1254 2609 1320 1279.

577 1450 893 1518 Omnibus
943 1449 1183 1517 Christi
1214 1448 1517 1519 fidelibus
1546 1454 1682 1516 tam
1714 1449 2121 1536 presentibus
2154 1469 2350 1535 quam
2380 1449 2614 1517 futuris

353 1578 624 1647 presens
678 1557 986 1643 scriptum
1038 1558 1427 1644 inspecturis
1493 1557 1866 1641 Capitulum
1918 1557 2214 1651 Ecclesie
2274 1555 2611 1640 Agriensis

353 1668 639 1734 salutem
701 1666 766 1732 in
818 1666 1104 1733 omnium
1157 1667 1506 1733 saluatore.
1555 1664 1663 1731 Ad
1700 1666 2148 1734 vniuersorum
2180 1663 2495 1733 noticiam
2529 1672 2615 1733 te-

354 1797 510 1844 nore
542 1774 955 1860 presencium
989 1775 1285 1843 volumus
1313 1772 1692 1861 peruenire3
1725 1774 1899 1856 quod
1931 1775 2165 1841 Petrus
2185 1773 2358 1841 filius
2375 1772 2616 1842 Johan-

354 1884 460 1950 nis
508 1882 588 1948 de
639 1881 873 1969 Myske
921 1903 1053 1949 vna
1085 1902 1227 1948 cum
1262 1882 1577 1966 Gregorio
1620 1880 1754 1949 filio
1787 1901 1930 1964 suo,
1981 1889 2046 1949 et
2075 1883 2413 1950 Emericus
2445 1881 2618 1949 filius

355 1990 592 2058 Pouka
655 1990 1173 2074 consanguineus
1237 1990 1528 2057 eiusdem
1579 1989 1662 2055 de
1713 1989 1981 2075 eadem,
2029 1997 2105 2056 ut
2137 1990 2482 2075 dicebant,
2532 1988 2619 2055 ad

357 2105 650 2167 nostram
712 2098 1147 2184 personaliter
1198 2098 1587 2167 accedentes
1648 2098 2090 2187 presenciam,
2140 2103 2620 2186 proposuerunt

355 2206 675 2273 vinauoce
694 2258 712 2292 ‚
758 2204 933 2290 quod
982 2206 1314 2289 quandam
1348 2206 1737 2291 particulam
1789 2213 1958 2274 terre
2010 2208 2092 2274 de
2122 2212 2298 2274 terra
2329 2208 2618 2293 ipsorum

359 2313 749 2381 hereditaria
796 2314 1033 2401 Myske
1081 2322 1319 2383 vocata
1355 2312 1441 2381 ad
1480 2334 1666 2382 vsum
1697 2315 1886 2382 vnius
1919 2314 2122 2382 aratri
2173 2315 2619 2400 sufficientem,

360 2444 403 2487 a
433 2428 621 2507 parte
654 2421 1176 2507 septemtrionali
1207 2422 1526 2491 iacentem
1548 2473 1566 2507 ‚
1614 2424 1808 2491 metis
1858 2422 2143 2507 Vndique
2171 2423 2522 2490 limitatam
2557 2426 2624 2488 et

358 2530 750 2617 distinctam,
796 2530 1053 2597 Zaheus
1084 2531 1213 2598 filio
1248 2532 1502 2599 Cheme
1534 2531 1617 2599 de
1648 2531 1878 2599 eadem
1910 2531 2145 2617 Myske
2166 2583 2185 2618 ,
2232 2532 2402 2598 sicut
2434 2530 2618 2613 dixit,

363 2659 607 2725 genero
676 2659 812 2727 suc,
882 2658 1098 2705 coram
1161 2639 1345 2706 nobis
1396 2641 1834 2725 personaliter
1888 2640 2240 2710 constituto
2262 2692 2280 2726 ,
2359 2646 2625 2725 propter

360 2748 669 2815 vnionem
700 2747 1135 2833 proximitatis
1156 2797 1173 2832 ,
1222 2749 1474 2816 duabus
1524 2747 1762 2816 marcis
1793 2750 2073 2835 receptis
2106 2750 2192 2816 ab
2224 2748 2473 2832 eodem,
2520 2746 2623 2813 de-

363 2854 615 2923 dissent
677 2862 743 2922 et
811 2854 1240 2922 contulissent
1301 2854 1426 2922 sibi
1476 2862 1543 2923 et
1592 2854 1729 2923 suis
1782 2854 2129 2924 heredibus
2190 2853 2628 2939 heredumque

364 2961 846 3031 suecessoribus
906 2970 1215 3056 perpetuo
1280 2963 1423 3028 iure
1474 2962 1980 3047 possidendam;
2030 2962 2400 3048 obligantes
2452 2981 2525 3030 se
2560 2967 2626 3028 et

367 3092 522 3139 suos
553 3069 849 3156 heredes,
903 3071 988 3135 ab
1039 3069 1335 3137 omnibus
1384 3071 1598 3155 ipsum
1629 3070 1889 3138 Zaheus
1926 3090 2005 3137 ac
2036 3070 2308 3139 heredes
2340 3070 2628 3138 eiusdem

364 3179 630 3246 racione
680 3178 970 3265 predicte
1019 3179 1343 3263 particule
1372 3185 1543 3244 terre
1575 3178 1927 3246 molestare
1959 3179 2368 3263 nittentibus,
2410 3177 2627 3244 defen-

369 3287 529 3354 dere
593 3293 658 3352 et
719 3284 1025 3370 expedire
1078 3286 1362 3370 proprijs
1411 3284 1746 3352 laboribus
1799 3293 1863 3354 et
1914 3286 2236 3371 expensis.
2286 3287 2370 3351 Et
2402 3285 2629 3353 Gnebe

370 3396 545 3461 filius
577 3392 889 3460 Zathmar
920 3378 1438 3478 consanguineus
1472 3394 1780 3481 ipsorum,
1824 3401 2302 3465 commetaneus
2335 3394 2628 3461 eiusdem

369 3510 561 3585 terre,
610 3507 680 3567 ut
709 3498 913 3587 dixit,
959 3520 1076 3586 pro
1116 3519 1187 3567 se
1227 3508 1293 3566 et
1322 3521 1439 3587 pro
1474 3499 1664 3586 Opoy
1696 3521 1775 3568 ac
1805 3502 2120 3568 Michaele
2152 3501 2464 3569 fratribus
2495 3501 2630 3568 suis

369 3628 597 3677 coram
650 3608 838 3675 nobis
889 3614 1155 3694 astans,
1232 3608 1385 3675 huic
1436 3608 1783 3676 collacioni
1838 3629 2220 3677 consensum
2271 3608 2531 3696 prebuit
2562 3613 2630 3674 et
2719 3609 2726 3614 '

371 3736 734 3788 assensum.
813 3713 1013 3782 Cuius
1066 3716 1275 3782 eciam
1327 3714 1649 3802 particule
1686 3724 1896 3804 terre,
1964 3717 2133 3785 sicut
2181 3716 2382 3803 ijdem
2417 3735 2631 3785 coram

371 3825 564 3893 nobis
597 3825 972 3909 recitarunt,
1013 3829 1180 3891 mete
1210 3825 1431 3893 taliter
1464 3824 1945 3909 distinguntur:
1994 3823 2338 3910 Egreditur
2371 3845 2412 3890 a
2432 3825 2634 3909 plaga

373 3932 680 4001 orientali
712 3933 898 4001 iuxta
930 3933 1252 4017 quendam
1284 3932 1550 4001 fluuium
1576 3932 1850 4018 Gnngus
1883 3941 2184 4001 vocatum
2205 3933 2328 4000 sub
2351 3931 2633 4017 quadam

372 4041 617 4129 salice,
668 4029 733 4108 et
781 4060 896 4126 per
933 4040 1244 4108 directam
1274 4040 1521 4108 lineam
1572 4063 1613 4108 a
1665 4047 1854 4127 parte
1904 4040 2418 4127 septemtrionali
2450 4042 2636 4110 iuxta

377 4147 722 4218 ecclesiam
757 4148 984 4216 Sancti
1012 4148 1347 4217 Benedicti
1393 4148 1632 4217 transit
1669 4169 1873 4235 vsque
1905 4149 1991 4217 ad
2019 4149 2484 4237 Bodunteluky
2503 4200 2525 4236 ,
2573 4158 2638 4217 et

348 4257 467 4343 ‘ibi
499 4257 904 4324 terminatur.
949 4257 1027 4324 In
1056 4259 1242 4324 cuius
1275 4258 1368 4325 rei
1400 4257 1842 4326 testimonium
1875 4258 1963 4324 ad
1993 4257 2382 4327 instanciam
2416 4259 2635 4343 predi-

372 4372 621 4433 ctorum
655 4373 957 4452 pesentes
990 4365 1380 4434 contulimus
1417 4366 1619 4452 sigilli
1649 4367 1850 4434 nostri
1885 4367 2244 4435 munimine
2274 4369 2633 4435 roboratas.

373 4476 792 4544 Presentibus
836 4483 1057 4544 tamen
1107 4475 1421 4561 Magistro
1474 4474 1802 4544 Anthonio
1855 4475 2136 4544 Cantore
2158 4526 2178 4560 ,
2256 4472 2482 4541 Mikou
2515 4472 2635 4542 Ou-

370 4582 596 4673 stode,
647 4591 713 4650 et
759 4580 919 4666 alijs
972 4583 1230 4671 multis,
1281 4603 1451 4651 anno
1502 4584 1765 4652 Domini
1797 4584 2144 4653 millesimo
2196 4581 2638 4651 ducentesimo

372 4692 867 4781 septuagesimo
900 4711 1089 4762 nono.
1137 4692 1477 4778 Regnante
1510 4693 1823 4762 Ladizlao
1876 4692 2130 4760 Illustri
2164 4692 2340 4777 Rege
2373 4692 2634 4774 Hunga·

2184 4799 2316 4867 ΓΡ
