3319 5249
1765 281 1898 347 572

691 477 987 545 uolentes
1018 474 1226 561 ipsius
1257 474 1588 559 obsequijs
1632 491 1967 542 occurrere
1988 476 2213 561 gracia
2229 477 2564 566 Reginali,
2597 477 2946 563 quandam

691 589 928 653 terram
958 589 1247 651 nostram
1279 583 1662 667 Reginalem
1694 582 1964 652 Iwanch
1997 592 2299 653 uocatam
2329 588 2518 654 iuxta
2568 588 2940 655 Danobium

693 693 1082 761 existentem
1112 710 1257 757 cum
1289 691 1582 757 omnibus
1618 690 2005 758 utilitatibus
2040 699 2105 758 et
2141 693 2560 779 pertinencijs
2611 695 2750 762 suis
2806 699 2946 763 uni·

695 799 923 888 uersis,
952 806 1142 885 prout
1170 796 1257 865 ad
1286 802 1579 864 nostram
1614 798 1980 881 pertinebat
2013 798 2443 884 Maiestatem,
2478 800 2689 868 eidem
2737 801 2948 886 Magi-

694 914 829 975 stro
862 904 1201 973 Theodoro
1235 904 1456 972 Electo
1487 903 1779 990 Albensi,
1830 911 1895 972 et
1925 903 2159 972 Comiti
2206 906 2521 973 Ladizlao
2554 926 2633 973 ac
2661 907 2946 977 Nicolao

692 1014 998 1082 fratribus
1029 1010 1163 1080 suis
1197 1010 1278 1078 de
1310 1009 1714 1096 plenitudine
1756 1018 1972 1078 nostre
2035 1012 2256 1096 gracie
2309 1012 2627 1100 dedimus,
2678 1015 2955 1081 contuli·

700 1142 844 1189 mus
878 1127 942 1188 et
975 1120 1363 1188 tradidimus
1394 1121 1535 1187 iure
1568 1128 1878 1207 perpetuo
1902 1120 2172 1206 pacifice
2192 1120 2680 1206 possidendam.
2709 1122 2953 1188 Datum

697 1229 763 1295 in
796 1227 1017 1296 Insula
1047 1227 1339 1313 Virginis
1394 1225 1695 1298 Gloriose
1748 1228 1816 1294 in
1865 1228 2117 1296 octauis
2151 1229 2378 1298 Sancti
2410 1228 2730 1297 Johannis
2784 1230 2956 1314 Bap-

701 1336 874 1405 tiste.

704 1551 982 1615 (Fennena
1007 1546 1370 1616 kiralynenak
1401 1552 1617 1601 1291-ki
1644 1553 1970 1619 megerb'sitb'
1993 1547 2376 1617 okmanyabol‚
2396 1564 2430 1601 a
2456 1551 2636 1615 Rumy
2666 1548 2857 1602 esalad
2880 1549 2955 1600 le·

940 1635 1276 1700 vehar-aban,
1304 1636 1568 1691 masolata
1593 1655 1626 1690 a
1652 1655 1883 1706 magyar
1908 1638 2198 1691 akademia
2223 1635 2712 1704 kezirattfirsban.)

1761 2417 1915 2486 427.

713 2613 813 2682 ΑΖ
849 2617 1213 2701 eszterqami
1273 2614 1731 2701 kdptalannak
1775 2616 2071 2701 jelentcise
2134 2609 2254 2682 IV.
2315 2616 2544 2682 La'szld
2601 2614 2955 2701 kira'lyhoz,

705 2727 870 2810 hoqy
901 2725 1195 2791 Demeter
1226 2721 1589 2791 Dobaknak
1600 2722 1707 2805 fia
1741 2726 1894 2789 Dra
1943 2724 2014 2788 ⁴ul
2034 2726 2095 2789 e's
2125 2724 2329 2810 Leqen
2359 2722 2794 2811 helyse'yekben
2823 2733 2952 2789 sta-

1460 2832 1809 2897 tudltatott.
1905 2855 1944 2895 v
1973 2831 2210 2897 uellem.

920 3023 1484 3094 Excellentissimo
1516 3024 1774 3093 domino
1805 3046 1924 3094 suo
1955 3025 2215 3094 domino
2235 3023 2549 3093 Ladizlao
2581 3022 2703 3091 Dei
2736 3025 2958 3109 gracia

701 3135 946 3205 illustri
974 3136 1141 3219 Regi
1193 3134 1528 3218 Hungarie
1563 3132 1935 3220 Capitulum
1968 3133 2262 3202 Ecclesie
2323 3131 2789 3217 strigoniensis
2819 3154 2956 3201 ora·

708 3244 929 3311 cinnes
960 3243 1029 3308 iu
1059 3240 1336 3308 Domino
1388 3247 1519 3308 tam
1552 3240 1810 3310 debitas
1843 3263 2035 3328 quam
2095 3243 2385 3310 deuotas.
2437 3242 2673 3309 Vestra
2703 3241 2958 3309 nouerit

708 3350 1061 3434 celsitudo,
1093 3369 1214 3417 nos
1246 3349 1574 3435 recepisse
1603 3357 1856 3420 uestras
1885 3352 2137 3421 litteras
2170 3352 2239 3418 in
2267 3349 2388 3418 hec
2415 3353 2636 3418 uerba.

919 3456 1275 3525 Ladizlaus
1336 3456 1418 3523 D.
1450 3477 1546 3541 gr.
1596 3458 1737 3526 Rex
1797 3459 2141 3545 Hungarie
2202 3460 2324 3525 stb.
2390 3455 2817 3545 (kevetkezik
2845 3456 2956 3524 1v.

708 3566 946 3634 Laszlo
979 3564 1335 3650 kiralynak
1369 3565 1643 3634 iktatasi
1694 3587 2020 3651 parancsa
2051 3567 2217 3635 mint
2264 3565 2526 3634 fentebb
2556 3568 2712 3633 404.
2745 3585 2833 3633 sz.
2863 3563 2957 3649 a.)

925 3673 1063 3739 Nos
1094 3672 1296 3757 igitur
1325 3673 1631 3742 mandato
1663 3683 1880 3744 uestro
1911 3674 2292 3744 satisfacere
2313 3678 2692 3742 reuerenter
2709 3677 2776 3740 et
2806 3671 2958 3739 fide·

706 3780 853 3848 liter
885 3779 1238 3868 cupientes,
1272 3801 1413 3848 cum
1447 3782 1709 3850 homine
1740 3791 1956 3851 uestro
1989 3782 2300 3871 predicte,
2331 3787 2397 3848 et
2427 3780 2684 3847 homine
2715 3777 2959 3846 domini

708 3888 909 3955 nostri
943 3887 1456 3976 Archiepiscopi,
1489 3889 1575 3957 ad
1603 3888 2048 3980 exequendum
2100 3889 2339 3959 factum
2372 3886 2811 3974 predictarum
2842 3887 2958 3955 vil·

705 3994 919 4061 larum
950 3994 1273 4064 hominem
1311 4003 1604 4064 nostrum
1656 3998 1980 4084 ydoneum
2034 4003 2098 4064 et
2148 3994 2545 4081 fidedignum
2592 3994 2961 4063 curauimus

707 4121 826 4186 pro
860 4103 1232 4170 testimonio
1295 4103 1664 4191 destinare;
1715 4105 1826 4189 qui
1876 4103 2136 4173 tandem
2169 4103 2256 4172 ad
2284 4124 2402 4173 nos
2465 4102 2711 4171 reuersi
2768 4101 2960 4169 nobis

708 4210 1108 4280 concorditer
1138 4213 1620 4283 recitauerunt:
1654 4214 1827 4301 quod
1885 4215 2013 4302 ipsi
2045 4216 2227 4283 iuxta
2256 4212 2636 4283 mandatum
2673 4215 2958 4298 uestrum

707 4317 1117 4408 Demetrium
1180 4320 1385 4390 filium
1433 4321 1674 4412 Debalg
1691 4375 1712 4410 ,
1749 4320 2053 4426 Thgbam
2112 4322 2374 4412 fra-trem
2437 4322 2598 4403 eius,
2659 4317 2861 4403 Cepk‚
2897 4323 2965 4386 et
2997 4412 3007 4421 ἡ

709 4425 897 4518 Elek,
929 4431 999 4514 et,
1028 4435 1340 4516 cognatos
1376 4448 1593 4512 eorum
1659 4429 1724 4496 in
1757 4431 2045 4516 crastino
2073 4428 2547 4515 quindenarum
2581 4425 2806 4493 Sancti
2838 4425 2957 4494 Mi-

709 4531 958 4620 chaelis.
988 4534 1075 4618 ad
1109 4534 1437 4624 predictas
1468 4538 1668 4630 villas,
1696 4538 1969 4627 pacifice
2005 4536 2530 4626 introduxissent,
2564 4545 2633 4606 et
2659 4536 2799 4622 ipse
2833 4531 2960 4601 De·
