3319 5249
1331 328 1412 394 61

244 520 365 585 bus
396 539 523 586 auo
560 526 799 601 nostre,
823 520 980 589 Bele
1013 528 1078 587 et
1109 522 1279 607 patri
1314 531 1536 590 nostro
1567 523 1933 607 karissimo,
1961 523 2507 592 victoriosissimis

244 628 705 712 Hungarorum
750 628 1038 712 Regibus
1092 630 1383 696 felicium
1435 631 1985 714 recordaciouum,
2035 652 2114 700 ae
2161 632 2352 700 nobis
2392 633 2501 700 de·

246 757 413 803 mum
445 743 709 820 gratum
742 755 999 823 semper
1054 736 1452 806 exhibuisset
1481 740 1832 808 seruieium
1866 746 1930 808 et
1958 741 2262 808 sedulum
2296 740 2500 807 famu-

245 843 462 929 latum,
517 865 593 912 se
647 852 712 912 et
764 866 918 913 suos
966 846 1030 911 in
1085 846 1381 914 omnibus
1438 848 1650 932 Regni
1702 847 2239 933 expedicionibus
2290 845 2507 932 dubijs

248 951 540 1019 fortunae
574 954 838 1020 casibus
888 959 955 1019 et
982 953 1187 1021 nullis
1215 975 1347 1021 non
1377 953 1691 1039 perieulis
1725 955 2203 1040 committendO,
2237 954 2507 1022 sudores

248 1059 511 1126 bellicos
543 1059 925 1127 sustinendo
958 1067 1026 1127 et
1057 1061 1332 1129 uulnera
1364 1062 1595 1129 letalia
1626 1063 1986 1149 pacieud03
2030 1070 2097 1130 et
2128 1062 2504 1149 specialiter

248 1167 311 1232 in
338 1167 774 1252 expedicione
822 1176 1066 1256 nostra,
1121 1190 1317 1254 quam
1357 1176 1583 1236 contra
1620 1170 1861 1253 Regem
1891 1171 2157 1239 Boemie
2188 1169 2502 1237 habuera-

244 1295 379 1340 mus
409 1276 513 1342 sie
545 1294 736 1341 suum
766 1275 1046 1345 fideliter
1094 1277 1485 1363 impenderit
1535 1278 1946 1362 famulatum,
2002 1285 2071 1345 ut
2107 1276 2345 1347 nedum
2380 1279 2508 1345 sibi

242 1383 544 1469 primitus
576 1402 889 1451 concessa
921 1391 986 1451 et
1014 1382 1278 1472 tradita,
1312 1406 1534 1482 verum
1567 1385 1766 1453 etiam
1805 1386 1944 1453 alia
1974 1407 2016 1453 a
2048 1386 2502 1455 munificencia

243 1493 445 1577 Regia
476 1492 710 1560 merito
744 1494 1007 1577 assequi
1039 1492 1400 1581 debuisset,
1446 1502 1510 1562 et
1540 1494 1710 1562 bono
1752 1495 2041 1576 quolibet
2070 1494 2302 1562 fuisset
2333 1493 2502 1561 refo-

245 1602 500 1668 uendus
524 1653 543 1684 ,
612 1610 676 1668 et
726 1603 969 1688 pariter
1034 1601 1522 1688 sublimandus3
1590 1623 1711 1671 uos
1762 1604 2247 1671 considerantes
2298 1603 2504 1688 ipsius

245 1709 653 1792 obsequiosa
683 1709 917 1774 merita
957 1717 1021 1776 et
1050 1710 1385 1777 meritoria
1413 1710 1746 1797 obsequia,
1798 1711 1953 1778 lieet
1981 1711 2234 1777 maiora
2272 1717 2338 1777 et
2366 1730 2499 1776 am-

246 1818 459 1902 pliora
490 1819 561 1885 in
594 1817 1138 1904 perpetuitatibus
1187 1825 1250 1885 et
1280 1819 1633 1903 Regalibus
1675 1818 2140 1887 donacionibus
2175 1817 2506 1886 debuisset

245 1926 621 2015 promereri,
655 1925 723 1991 in
755 1924 1108 2010 aliqualem
1159 1933 1378 1993 tamen
1413 1926 2087 2012 recompensacionem
2129 1925 2498 1993 meritorum

250 2033 557 2119 eiusdem,
605 2034 933 2117 quandam
985 2041 1222 2101 terram
1276 2033 1487 2102 Castri
1538 2034 1767 2102 Ferrei
1821 2035 1987 2100 Rum
2042 2041 2502 2121 nuncupatam,

253 2163 527 2210 uacuam
579 2149 645 2210 et
678 2142 1150 2210 habitatoribus
1200 2141 1595 2229 destitutam,
1646 2162 1790 2209 cum
1842 2142 2135 2210 omnibus
2187 2143 2504 2229 pertinen·

252 2250 391 2338 cijs,
445 2251 826 2338 attinencijs
877 2260 943 2321 et
989 2252 1382 2319 Vtilitatibus
1433 2252 1781 2335 uniuersis,
1835 2260 1903 2320 et
1940 2251 2312 2338 specialiter
2362 2274 2505 2320 cum

251 2360 388 2427 loco
438 2360 797 2428 molendini
849 2360 916 2426 in
957 2360 1145 2428 metis
1177 2367 1244 2427 et
1275 2360 1569 2429 terminis
1620 2367 1789 2427 terre
1843 2359 2132 2427 eiusdem
2164 2378 2361 2445 super
2391 2358 2505 2426 flu·

253 2471 356 2534 uio
387 2469 580 2535 Baba
632 2467 961 2552 existenti,
1011 2468 1139 2555 ipsi
1175 2467 1486 2552 magistro
1518 2467 1877 2555 Duruzlou,
1926 2474 1992 2536 et
2022 2488 2138 2553 per
2187 2487 2331 2535 eum
2370 2468 2508 2536 suis

254 2576 596 2645 heredibus
631 2577 1066 2662 heredumque
1117 2596 1378 2644 suorum
1417 2576 1900 2645 suecessoribus
1940 2574 2255 2660 dedimus,
2307 2575 2503 2643 dona·

257 2686 460 2756 nimus
515 2694 580 2754 et
629 2685 1020 2753 contulimus
1069 2684 1209 2751 iure
1258 2692 1572 2771 perpetuo
1624 2690 1691 2751 et
1730 2684 2255 2752 inreuocabiliter
2302 2683 2503 2766 possi-

256 2792 568 2878 dendam3
624 2794 968 2879 ipsumque
1017 2813 1138 2878 per
1167 2790 1487 2860 Mocbiam
1529 2791 1611 2859 de
1643 2793 1826 2875 Choy
1859 2791 2180 2859 hominem
2213 2796 2505 2858 nostrum

256 2900 368 2966 sub
401 2900 774 2967 testimonio
805 2898 1091 2967 fidelium
1128 2906 1496 2967 nostrorum
1530 2898 1820 2985 Capituli
1851 2896 2062 2967 Castri
2094 2897 2331 2985 Ferrei,
2364 2918 2503 2984 pre-

255 3008 538 3076 sentibus
587 3007 901 3093 magistro
933 3007 1244 3093 Gregorio
1276 3006 1526 3074 Comite
1576 3012 1642 3073 et
1671 3007 1997 3074 uniuersis
2045 3005 2503 3091 iubagionibus

255 3116 542 3184 eiusdem
597 3114 813 3201 castri,
844 3135 966 3182 nee
995 3135 1125 3182 nou
1158 3114 1624 3183 commetaneis
1656 3122 1723 3181 et
1754 3114 1988 3182 uicinis
2022 3116 2322 3182 omnibus
2358 3130 2503 3182 eon-

249 3221 682 3292 seneieutibus
732 3230 795 3290 et
842 3223 1092 3289 nullam
1142 3221 1687 3292 contradiccionis
1735 3243 1961 3291 uocem
2014 3225 2272 3310 penitus
2313 3224 2503 3307 obpo-

249 3332 566 3415 nentibus,
621 3330 686 3396 in
719 3330 1119 3417 corporalem
1171 3331 1646 3415 possessionem
1697 3336 1871 3399 terre
1903 3331 2193 3398 eiusdem
2232 3329 2502 3396 fecimus

249 3439 586 3523 introduci,
641 3446 830 3523 prout
858 3460 979 3526 per
1012 3439 1265 3507 litteras
1319 3440 1479 3507 dicti
1512 3439 1798 3526 Capituli
1831 3439 2020 3507 nobis
2053 3437 2336 3506 constitit
2366 3437 2501 3506 eui-

252 3547 490 3615 denter.
546 3549 716 3614 Mete
770 3556 983 3615 autem
1033 3554 1204 3616 terre
1255 3555 1624 3632 memorate,
1672 3555 1867 3633 prout
1916 3547 2089 3613 idem
2128 3545 2502 3631 Capitulum

250 3656 432 3723 nobis
466 3655 750 3742 scripsit,
801 3654 923 3722 hoc
964 3656 1184 3722 ordine
1218 3655 1677 3741 distinguntur.
1728 3655 1949 3721 Prima
1981 3653 2298 3738 siquidem
2331 3661 2506 3721 meta

250 3763 661 3850 progreditur
709 3765 796 3831 ab
847 3763 1093 3832 oriente
1141 3784 1184 3831 a
1232 3762 1430 3830 fluuio
1477 3764 1667 3830 Baba
1716 3781 1917 3848 penes
1966 3768 2201 3828 terram
2250 3761 2501 3846 Koneh,

250 3872 460 3938 Cadar
511 3878 577 3938 et
607 3867 924 3937 Jobannis
970 3868 1244 3937 filiorum
1281 3869 1596 3955 Chepani,
1644 3869 1755 3935 ubi
1785 3876 1937 3936 suut
1988 3875 2117 3936 tres
2146 3873 2342 3953 mete,
2375 3865 2503 3932 due

257 4016 330 4025 —
371 4017 450 4026 —
490 4016 571 4027 -
611 3979 824 4045 ilicem
875 3978 1442 4063 circumplectitur,
1493 3996 1774 4059 uergens
1824 3995 2050 4043 uersus
2100 3973 2501 4043 occidentem

252 4106 448 4173 penes
499 4094 742 4153 terram
775 4084 1119 4151 eorundem
1169 4084 1449 4151 filiorum
1484 4082 1776 4168 Chepani
1816 4083 1995 4149 circa
2024 4078 2502 4163 longitudinem

253 4196 437 4262 vuius
468 4192 734 4280 ingeris,
781 4200 932 4259 sunt
963 4198 1241 4277 quatuor
1273 4197 1479 4275 mete3
1533 4209 1797 4257 currens
1837 4186 2049 4255 adhuc
2082 4185 2325 4254 directe
2355 4206 2496 4271 per-

253 4304 428 4370 uenit
481 4302 570 4369 ad
600 4309 843 4368 terram
893 4298 1274 4389 (nob)ilium
1324 4298 1405 4364 de
1454 4298 1688 4381 Sygra,
1741 4301 1894 4362 sunt
1924 4301 2066 4363 octo
2098 4300 2268 4363 mete
2298 4312 2501 4376 angu-

252 4412 442 4497 lares,
493 4430 622 4496 que
671 4414 977 4493 separant
1024 4413 1263 4474 terram
1302 4402 1737 4490 predictorum
1775 4401 2053 4469 filiorum
2093 4398 2385 4484 Chepani
2435 4404 2502 4465 et

255 4519 567 4587 nobilium
604 4516 686 4583 de
717 4517 951 4602 Sygra,
1010 4534 1089 4583 ac
1118 4512 1481 4601 predictam
1522 4518 1765 4578 terram
1794 4510 1997 4593 Rum;
2034 4507 2272 4573 abhinc
2303 4526 2504 4592 penes

255 4633 488 4696 terram
521 4621 895 4696 eorumdem
934 4622 1251 4690 nobilium
1286 4620 1373 4687 dn
1405 4618 1620 4704 Sygra
1650 4615 1923 4684 tendens
1958 4631 2189 4682 uersus
2221 4618 2500 4697 septem-
