3319 5249
1405 318 1540 392 269

1379 875 1536 944 189.

329 1077 373 1138 Ι
384 1075 456 1141 V.
489 1075 722 1143 Ldszld
750 1077 970 1163 kin-azy
988 1076 1193 1141 Finta
1209 1076 1441 1157 midor,
1477 1098 1507 1140 s
1536 1073 1826 1139 Benedck
1857 1072 2195 1139 Jdnoanak
2225 1078 2286 1139 e's
2317 1072 2600 1139 Marczel

324 1178 719 1270 C½ypannak
756 1185 864 1266 fla
901 1184 1066 1251 kozti
1104 1182 1402 1272 bizonyos
1432 1182 1839 1251 birtokcsere't
1870 1183 2048 1268 hdqy
2079 1178 2352 1269 helyben.
2402 1182 2597 1249 1280.

542 1379 896 1449 Ladizlaus
958 1380 1084 1448 Dei
1135 1380 1359 1464 gracia
1419 1377 1758 1463 Hungarie
1787 1428 1803 1463 ,
1849 1375 2194 1446 Dalmacie
2210 1427 2231 1462 ,
2300 1377 2590 1463 Oroacie,

319 1491 525 1555 Bame
543 1540 563 1576 ,
620 1487 883 1575 Seruie,
931 1485 1247 1574 Gallicis,
1303 1486 1689 1555 Lodomerie
1709 1537 1727 1569 ‚
1776 1483 2091 1552 Cumanis
2165 1483 2602 1570 Bulgarieque

320 1598 460 1663 Rex
493 1596 791 1663 omnibus
824 1616 1093 1682 presens
1126 1596 1431 1680 scriptum
1474 1594 1866 1680 inspecturis
1898 1596 2178 1662 salutem
2212 1594 2277 1659 in
2312 1592 2597 1661 omnium

322 1704 671 1771 saluatorc.
712 1703 946 1789 Regali
981 1703 1399 1772 Excellencie
1431 1702 1825 1769 conueniens
1857 1706 1956 1768 est
1989 1721 2069 1768 ac
2100 1703 2366 1788 expedit
2395 1701 2601 1768 Maie-

319 1811 513 1898 stati,
566 1819 636 1879 vt
668 1832 748 1879 ea
781 1832 907 1895 que
937 1819 1091 1880 sunt
1119 1812 1311 1880 vtilia
1343 1818 1406 1879 et
1439 1810 1751 1897 expedire
1782 1808 2089 1877 videntur
2124 1809 2448 1877 voluntati
2481 1806 2594 1897 (P),

320 1921 378 1986 si
410 1940 451 1985 a
481 1920 619 1987 suis
651 1918 933 1987 subditis
966 1921 1225 2006 ablata,
1251 1905 1258 1914 ⁸
1280 1928 1343 1988 et
1390 1919 1458 1985 in
1511 1938 1663 1986 suos
1698 1938 1849 1986 vsus
1880 1918 2199 1986 translata
2231 1923 2473 2004 cernat,
2505 1937 2583 1984 ac

320 2026 559 2095 litteris
593 2029 744 2114 alijs
782 2028 1140 2098 auferenda
1190 2028 1506 2114 duxerat,
1555 2027 1676 2094 tali
1725 2026 2333 2112 recompensacione
2380 2025 2590 2112 proui—

321 2133 512 2217 deat,
568 2141 639 2202 vt
685 2137 1191 2222 permutacionis
1224 2143 1591 2205 contractus
1624 2133 2108 2218 possessoribus
2143 2133 2593 2200 concambium

324 2242 810 2310 celebrantibus
866 2264 945 2309 ex
993 2230 1440 2311 munificencia
1488 2244 1696 2327 Regie
1745 2241 2075 2326 largitatis
2134 2240 2386 2306 meliori
2436 2243 2596 2308 sorti

326 2347 680 2417 efficaciter
711 2353 996 2436 prospici
1036 2352 1354 2438 videatur,
1390 2371 1519 2417 non
1560 2350 1895 2417 iactura-m.
1929 2345 2211 2415 Proinde
2241 2346 2326 2415 ad
2347 2348 2596 2415 uniuer-

325 2477 545 2524 sorum
579 2459 885 2525 noticiam
918 2458 1355 2527 harum'serie
1389 2458 1687 2526 volumus
1719 2457 2107 2543 peruenire:
2155 2453 2330 2540 quod
2362 2457 2595 2525 dilecto

331 2568 404 2631 et
426 2564 602 2634 fideli
633 2573 857 2635 nostro
888 2567 1089 2636 Finta
1117 2565 1450 2652 Palatino,
1487 2564 1735 2636 Comite
1767 2563 1903 2649 Sup
1916 2563 2211 2631 ruuiensi
2244 2570 2309 2630 et
2338 2562 2596 2649 Simigi-

326 2674 494 2761 ensi,
532 2672 769 2741 Judice
803 2676 1237 2745 Cumanorum
1270 2675 1354 2744 ab
1385 2696 1516 2744 vna
1544 2681 1757 2762 parte,
1798 2670 2152 2741 Benedicto
2185 2672 2322 2740 filio
2354 2672 2594 2740 Johan·

326 2781 431 2848 nis
460 2789 528 2857 et
561 2781 872 2851 Marcello
903 2786 1038 2851 filio
1072 2785 1345 2871 Chypan
1378 2804 1597 2851 coram
1638 2782 1827 2850 nobis
1860 2780 2228 2849 constitutis
2251 2799 2332 2847 ex
2353 2780 2595 2864 altera3

327 2889 502 2955 idem
532 2891 734 2957 Finta
761 2891 1108 2961 Palatinus
1142 2881 1202 2959 ⁴a
1252 2892 1440 2960 nobis
1488 2888 1966 2959 instantissime
2014 2887 2449 2974 supplicando
2487 2907 2596 2973 po·

325 2998 603 3067 stulauit
620 3050 641 3086 ,
709 3004 779 3067 vt
841 2997 1169 3083 quandam
1219 3006 1455 3066 terram
1505 2998 1741 3067 Belese
1790 3003 2132 3082 vocatam,
2203 3015 2398 3078 quam
2434 2995 2593 3080 ipsis

328 3105 681 3176 Benedicto
717 3113 781 3174 et
809 3107 1114 3175 Marcello
1143 3106 1472 3176 mediante
1503 3114 1727 3175 nostro
1758 3105 2100 3193 priuilegio
2134 3123 2250 3190 pro
2283 3102 2595 3187 multipli-

329 3213 509 3282 cibus
541 3215 839 3301 seruicijs
897 3222 960 3280 et
1010 3213 1442 3283 fidelitatibus
1490 3216 1630 3283 suis
1683 3213 1871 3282 nobis
1903 3213 2191 3299 inpensis
2226 3211 2591 3279 contulera-

330 3343 494 3410 mus,
544 3322 789 3390 eisdem
820 3321 1174 3391 Benedicto
1204 3330 1269 3391 et
1299 3322 1609 3391 Marcello
1650 3323 1720 3389 in
1757 3320 2261 3408 permutacionis
2292 3337 2407 3386 seu
2440 3338 2593 3386 con·

220 3472 225 3475 ·
331 3431 569 3516 cambij
619 3437 1018 3500 contractum
1074 3432 1631 3508 consencientibus
1655 3483 1674 3517 ,
1734 3429 1860 3498 sibi
1913 3428 1996 3496 de
2044 3427 2276 3514 gracia
2324 3425 2594 3512 speciali

334 3542 767 3627 conferamus,
801 3540 963 3607 etin
996 3542 1441 3608 soncambium
1472 3560 1588 3609 seu
1620 3538 2165 3626 permutaciouem
2200 3534 2403 3623 ipsius
2421 3539 2596 3601 terre

334 3647 583 3735 Belese,
620 3648 890 3734 prefatis
930 3647 1283 3715 Benedicto
1318 3654 1383 3715 et
1415 3647 1723 3716 Marcello
1755 3645 2083 3730 quandam
2112 3652 2353 3712 terram
2384 3641 2598 3710 Castri

336 3755 541 3823 nostri
591 3756 671 3821 de
720 3755 914 3840 Vngh
976 3755 1252 3824 Velicha
1298 3755 1580 3840 Palagia
1629 3761 1930 3822 vocatam
1956 3803 1975 3839 ,
2041 3771 2236 3837 quam
2272 3750 2403 3816 iam
2442 3747 2596 3815 olim

334 3863 530 3930 Finta
560 3864 859 3931 Palatino
891 3865 1372 3931 contuleramus
1394 3915 1412 3949 ,
1465 3882 1546 3929 ex
1594 3863 1803 3946 Regia
1852 3861 2155 3928 libertate
2185 3859 2347 3926 dare
2379 3857 2474 3926 eis
2506 3855 2596 3924 di-

336 3991 706 4057 gnaremur.
772 3972 910 4040 Nos
959 3972 1158 4055 igitur
1209 3969 1722 4055 permutacionis
1774 3989 1888 4037 seu
1939 3965 2301 4053 concambij
2343 3970 2596 4032 contra·

339 4088 511 4148 ctum
559 4081 860 4168 superius
907 4085 1198 4147 notatum
1249 4085 1460 4146 ratum
1504 4084 1568 4146 et
1598 4078 1851 4145 firmum
1883 4076 2201 4144 habentes
2219 4125 2238 4161 ,
2286 4081 2597 4158 tanquam

336 4187 629 4275 legitime
663 4188 1089 4276 approbatum
1123 4185 1310 4272 Regij
1344 4205 1695 4254 consensus
1745 4192 1808 4251 et
1856 4182 2361 4271 approbacionis
2392 4181 2597 4248 muni·

343 4297 513 4363 mine
545 4296 966 4380 roboramus;
1013 4297 1145 4363 imo
1196 4293 1284 4360 ad
1333 4293 1642 4362 maiorem
1680 4290 2128 4362 certitudinem
2162 4290 2258 4357 rei
2290 4295 2354 4357 et
2385 4288 2594 4358 effica-

341 4405 530 4492 ciam,
562 4403 889 4491 prefatam
922 4411 1163 4472 terram
1196 4402 1465 4470 Velicha
1496 4401 1773 4487 Palagia
1802 4401 2218 4482 nominatam,
2267 4417 2311 4463 a
2360 4415 2597 4464 memo-

343 4520 484 4581 rato
518 4512 755 4581 Castro
787 4516 1126 4597 exceptam
1160 4510 1421 4597 penitus
1445 4516 1511 4577 et
1529 4516 1919 4597 exemptam,
1952 4504 2227 4593 prefatis
2244 4503 2599 4572 Benedicto

236 4710 241 4714 q
345 4626 407 4687 et
434 4619 772 4705 Marcello,
818 4626 885 4688 et
915 4637 1139 4688 eorum
1171 4616 1502 4705 fratribus,
1541 4625 1605 4685 et
1644 4637 1762 4703 per
1791 4614 2057 4685 eosdem
2088 4611 2223 4681 suis
2252 4611 2601 4683 heredibus
