3319 5249
1754 351 1889 417 484

686 545 955 613 terciam
985 550 1236 633 partem
1267 545 1484 612 totalis
1517 544 1716 612 feneti
1747 546 2008 633 Rogerij
2044 552 2110 612 et
2139 545 2459 633 Lenduey
2503 550 2573 615 in
2622 550 2976 618 territorio»

685 652 770 720 de
802 650 1006 741 Ulmo,
1041 673 1234 738 quam
1266 652 1393 737 ipsi
1424 651 1777 740 habebant,
1810 653 1992 720 cuius
2025 649 2188 720 duas
2219 661 2441 741 partes
2474 655 2788 724 honestus
2840 657 2956 724 vir

685 760 915 827 Comes
949 760 1261 848 Godynus
1294 760 1455 828 ciuis
1489 759 1958 845 strigoniensis
1991 782 2035 827 a
2065 760 2220 847 filijs
2272 762 2622 847 eorundem
2674 764 2960 848 Rogerij
3019 784 3026 789 ·

684 874 749 932 et
782 868 1089 953 Lenduey
1120 870 1252 936 iam
1285 868 1526 935 dudum
1559 867 1919 954 empcionis
1967 868 2158 934 titulo
2190 870 2617 957 comparauit,
2650 879 2844 955 prout
2875 871 2966 937 in·

683 979 907 1041 nostro
924 974 1269 1060 priuilegio
1283 974 1517 1041 exinde
1536 973 1829 1041 consecto
1850 972 2085 1041 dicitur
2103 976 2416 1042 contineri
2422 974 2700 1063 ,duabus
2710 978 2972 1044 marcis-

679 1084 1178 1150 mercimonialis
1208 1084 1459 1166 argenti
1479 1084 1670 1168 plene
1686 1082 1929 1150 habitis
1962 1090 2026 1149 et
2045 1085 2345 1173 receptis,
2368 1105 2439 1151 se
2460 1084 2635 1170 ipsos
2655 1084 2953 1151 confessi

680 1199 832 1257 sunt
869 1191 1239 1258 vendidisse
1306 1197 1371 1256 et
1418 1189 1793 1273 assignasse
1831 1189 2042 1256 eidem
2093 1189 2327 1257 Comiti
2392 1191 2671 1277 Godyno
2705 1199 2771 1259 et
2803 1190 2954 1259 suis

676 1298 1158 1385 posteritatibus
1190 1299 1257 1363 in
1287 1305 1667 1384 perpetuum
1703 1298 2181 1384 possidendam.
2207 1298 2394 1376 Quod
2433 1301 2604 1365 idem
2648 1300 2945 1366 fenetum

677 1406 997 1490 incipiens
1029 1425 1070 1470 a
1101 1410 1274 1470 terra
1305 1405 1461 1471 ville
1480 1403 1779 1472 Cholnuk
1823 1406 1993 1472 iacet
2015 1426 2239 1473 versus
2269 1406 2633 1474 Ecclesiam
2663 1407 2822 1473 ville
2857 1406 2947 1473 de

677 1512 836 1580 Chw
855 1513 1168 1600 predicte,
1203 1512 1371 1580 sicut
1403 1512 1521 1577 hec
1554 1513 1773 1579 omnia
1791 1520 1855 1579 et
1872 1513 2089 1598 sigula
2106 1513 2564 1600 premissorum
2595 1514 2680 1578 ab
2703 1512 2944 1581 eadem

675 1622 943 1687 muliere
974 1628 1036 1686 et
1066 1620 1200 1688 filio
1233 1641 1371 1706 suo,
1405 1628 1469 1686 et
1499 1642 1540 1686 a
1591 1621 1905 1704 Magistro
1955 1620 2237 1711 Abraam
2290 1620 2598 1687 familiari
2648 1619 2950 1688 eiusdem

676 1728 942 1796 Comitis
965 1729 1249 1816 Godyni,
1280 1729 1539 1794 nomine
1572 1735 1634 1794 et
1667 1728 1808 1795 vice
1839 1729 1894 1813 i}
1910 1730 2044 1795 sius
2077 1729 2322 1795 domini
2355 1730 2458 1795 sui
2491 1737 2939 1815 comparente,

674 1836 1126 1919 recollegimus
1148 1843 1214 1902 et
1231 1835 1571 1903 didicimus
1592 1837 1799 1901 eciam
1819 1832 2129 1903 seriatim.
2150 1835 2228 1900 In
2250 1836 2431 1901 cuius
2451 1837 2546 1901 rei
2570 1836 2944 1902 firmitatem

673 1952 1051 2029 perpetuam
1084 1950 1149 2010 et
1198 1942 1571 2009 memoriam
1636 1944 2098 2027 sempiternam
2160 1949 2494 2028 presentes
2559 1944 2813 2010 litteras
2847 1944 2945 2010 ad

673 2050 1059 2136 peticionem
1094 2057 1158 2115 et
1204 2049 1590 2115 instanciam
1656 2048 2002 2116 eorundem
2066 2058 2288 2117 nostro
2350 2049 2573 2133 sigillo
2636 2049 2942 2117 dedimus

671 2159 1119 2224 communitas.
1151 2159 1391 2222 Datum
1425 2178 1538 2242 per
1572 2178 1802 2225 manus
1838 2158 2099 2225 discreti
2132 2157 2254 2222 viri
2287 2157 2583 2240 Magistri
2607 2154 2933 2242 Cypriani

671 2265 963 2332 Ecclesie
996 2272 1212 2330 nostre
1277 2265 1569 2330 Lectoris
1631 2285 1803 2330 anuo
1865 2265 2127 2332 Domini
2173 2261 2703 2330 M⁰CC⁰LXXX⁰
2734 2262 2938 2328 v1110.

672 2372 870 2439 tercio
904 2393 1113 2439 nonas
1146 2371 1463 2439 Octobris.

670 2587 948 2652 (Ercdctie
987 2584 1333 2651 bbrbartyam
1386 2584 1734 2653 votos-sargan
1779 2557 2230 2653 selyemzsinoron
2256 2588 2447 2653 siiggss,
2475 2585 2660 2653 pecsct
2699 2586 2856 2648 ulau,
2886 2602 2924 2637 a

1308 2677 1471 2730 budai
1500 2678 1604 2746 kir.
1637 2679 1881 2730 kamarai
1906 2674 2294 2743 leveltarban.)

1529 2961 1782 2972 βῆ-.-
1808 2962 1952 2967 .---.,-

1710 3477 1864 3546 346.

662 3673 760 3738 ΑΖ
793 3679 1168 3760 eszteryami
1197 3677 1515 3762 kdptalan
1568 3677 1809 3741 Miklds
1862 3677 2168 3761 varthdl
2229 3676 2784 3761 elveszijobbdqyi
2815 3684 2932 3742 υά-

874 3783 1009 3846 τόεί
1043 3781 1227 3846 ΐείῙεέί
1244 3788 1304 3848 e's
1327 3783 1583 3868 Mihdly
1613 3783 1939 3848 azabo'nak
1972 3783 2469 3866 adomdnyozza.
2509 3782 2704 3846 1288.

842 3994 1177 4062 Vniuersis
1210 4001 1536 4081 presentss
1558 3997 1803 4063 litteras
1828 3996 2213 4082 inspecturis
2237 3994 2607 4080 Capitulum
2627 3993 2929 4062 Ecclesie

657 4102 1120 4186 Strigonicnsis
1140 4104 1418 4171 salutem
1450 4104 1515 4170 in
1540 4105 1820 4172 Domino
1842 4106 2326 4190 sempiternam.
2349 4104 2452 4170 Ad
2473 4103 2926 4170 vniuersorum

656 4209 963 4276 noticiam
1033 4217 1253 4277 tenore
1319 4211 1724 4297 presencium
1777 4212 2073 4279 volumus
2121 4209 2485 4298 peruenire,
2540 4209 2712 4294 quod
2776 4229 2924 4277 cum

655 4317 910 4384 edificia
939 4316 1213 4404 Nycolai
1244 4320 1359 4405 filij
1392 4320 1642 4405 Jacobi,
1677 4321 1947 4404 sutoris,
1973 4318 2349 4405 jobagionis
2382 4318 2586 4383 nostri
2628 4316 2709 4384 de
2763 4337 2917 4384 con-

652 4430 825 4491 trata
854 4427 1132 4493 ecclesie
1153 4427 1375 4494 Sancti
1412 4428 1752 4510 Laurencij
1791 4428 1873 4493 dc
1907 4427 2235 4512 Strigonio
2257 4424 2530 4494 fuissent
2548 4424 2916 4491 casualiter

569 4555 574 4560 ·
654 4543 1079 4617 concremata,
1114 4543 1176 4601 et
1208 4556 1319 4603 sex
1342 4536 1530 4602 annis
1551 4537 1890 4602 retroactis
1913 4539 1978 4602 in
2012 4535 2240 4601 eodem
2277 4533 2475 4600 fundo
2512 4532 2706 4619 curie,
2742 4529 2921 4599 vide-

653 4639 806 4705 licet
838 4660 1030 4726 super
1063 4652 1236 4707 terra
1267 4648 1510 4730 nostra,
1543 4644 1611 4708 in
1646 4663 1777 4727 qua
1809 4640 2035 4709 domus
2087 4661 2203 4709 sue
2236 4646 2436 4709 antea
2469 4637 2927 4707 consistebant
