3319 5249
1616 300 1749 368 553

1603 942 1762 1011 403.

542 1164 586 1231 Ι
601 1167 665 1231 V.
702 1165 936 1231 Lciszld
964 1163 1319 1249 kirdlynak
1350 1162 1732 1244 bdnyciszati
1763 1162 2102 1246 enqede'lye
2135 1183 2179 1225 a
2209 1161 2424 1266 Bocha
2442 1162 2640 1247 folyd
2659 1162 2804 1227 mel-

676 1272 1060 1359 lekfiildjere
1093 1273 1278 1335 nezve
1308 1270 1630 1353 Boyome'r
1663 1291 1860 1333 eom-es
1898 1272 2221 1333 szdmdra.
2256 1269 2359 1332 Ev
2387 1268 2624 1334 uellem.

762 1468 897 1535 Nos
928 1466 1282 1534 Ladizlaus
1312 1465 1437 1530 Dei
1468 1464 1696 1549 gracia
1732 1466 1875 1530 Rex
1926 1461 2264 1548 Hungarie
2294 1464 2607 1531 memorie
2638 1485 2807 1533 com-

545 1574 940 1643 mendantes
990 1573 1436 1658 significamus
1498 1578 1723 1640 tenore
1787 1573 2192 1657 presencium
2234 1571 2600 1640 vninersis:
2636 1572 2808 1658 quod

550 1704 673 1752 nos
705 1683 794 1750 ad
828 1682 1216 1750 instanciam
1251 1687 1317 1748 et
1355 1682 1766 1766 peticionem,
1829 1700 1909 1746 ac
1941 1687 2207 1766 propter
2269 1682 2598 1749 meritoria
2626 1684 2808 1748 facta

552 1788 822 1858 Comitis
852 1788 1219 1875 Bogomerij
1257 1787 1474 1854 fidelis
1506 1787 1710 1855 nostri
1753 1786 2191 1855 concessimus
2229 1786 2459 1875 eidem,
2489 1797 2559 1857 ut
2590 1789 2807 1856 nullus

548 1899 617 1966 in
646 1904 823 1964 terra
853 1915 974 1963 sua
1022 1895 1214 1962 metis
1281 1895 1475 1963 certis
1509 1894 1843 1980 distincta,
1908 1902 1974 1963 et
2005 1894 2392 1988 specialiter
2441 1896 2505 1962 in
2541 1916 2713 1979 aqua
2742 1904 2811 1965 et

547 2009 751 2075 fluuio
783 2005 1004 2072 Bocha
1031 2010 1287 2091 vocato,
1323 2023 1550 2069 aurum
1586 2021 1857 2088 querere
1907 2002 2014 2069 vel
2064 2004 2309 2088 lauare,
2339 2005 2447 2071 vel
2476 2005 2658 2072 aliud
2689 2005 2806 2070 ali·

549 2114 726 2197 quod
760 2132 921 2198 opus
954 2129 1256 2178 exercere
1288 2110 1529 2178 audeat
1562 2111 1668 2179 vel
1700 2116 2068 2196 presumat,
2136 2110 2264 2177 nisi
2315 2131 2399 2178 ex
2436 2109 2713 2179 licencia
2742 2116 2808 2178 et

544 2222 882 2288 voluntate
913 2217 1182 2287 Comitis
1213 2218 1576 2303 Bogomerij
1613 2219 1946 2287 antedicti.
2009 2220 2557 2302 Transgressores
2609 2218 2803 2285 huius

550 2329 848 2395 mandati
877 2326 1105 2411 nostri,
1134 2328 1191 2394 si
1243 2328 1354 2410 qni
1404 2325 1643 2393 fuerint
1663 2380 1681 2413 ,
1729 2334 2032 2412 poterunt
2063 2347 2190 2394 non
2223 2327 2524 2395 inmerito
2556 2347 2672 2414 per
2707 2329 2801 2412 ip-

544 2457 689 2504 sum
722 2435 1035 2502 Comitem
1068 2436 1514 2518 Bogomerium
1553 2435 1920 2522 aggrauari.
1969 2438 2213 2502 Datum
2249 2433 2431 2502 Bude
2464 2435 2663 2503 tercio
2696 2435 2804 2504 die

547 2550 922 2611 octauarum
954 2544 1182 2612 Jacobi
1212 2544 1534 2630 Apostoli.

558 2759 627 2825 (A
653 2763 859 2828 szepesi
885 2758 1258 2828 kaptalannak
1300 2762 1521 2813 1792-ki
1548 2758 1863 2822 atiratab6L
1890 2778 1925 2814 a
1948 2763 2110 2814 Szent
2136 2758 2333 2828 Ivanyi
2371 2759 2556 2815 csalad
2580 2761 2807 2816 levelth-

941 2848 1127 2904 raban.
1152 2852 1218 2903 V.
1245 2857 1294 2903 ὃ.
1322 2850 1485 2917 Fejer
1524 2852 1658 2906 eod.
1686 2853 1832 2919 Dipl.
1858 2852 1925 2902 V.
1972 2852 2029 2902 k.
2054 2853 2105 2903 3.
2131 2868 2170 2908 r.
2199 2853 2322 2907 511.
2350 2851 2410 2918 1.)

1470 3148 1615 3159 ,ιι-..ηομ
1638 3150 1700 3155 -ὴ-
1721 3150 1885 3159 ἶ.-.-,,--,-ρ

1600 3670 1754 3738 404.

548 3870 592 3932 I
598 3868 663 3932 V.
697 3868 929 3933 Ldszld
956 3870 1317 3953 kc‘rcilynak
1346 3870 1609 3953 Draqal
1642 3873 1704 3935 e's
1725 3873 1929 3957 Leqe‘n
1961 3873 2339 3958 helyse'qekct
2372 3877 2681 3959 tcirqyazo'
2714 3875 2806 3938 ik·

548 3981 751 4044 tatciei
772 4001 1109 4064 parancsa
1139 4002 1217 4041 az
1247 3981 1628 4064 eszterqami
1644 3981 2082 4067 kdptalanhoz
2117 3983 2410 4045 Demeter
2440 3980 2803 4047 Dobaknak

1038 4087 1146 4168 fia
1176 4088 1239 4152 e's
1270 4089 1558 4184 testve'rezf
1586 4091 1917 4152 szdmciva.
1953 4065 2052 4182 Ep
2085 4088 2310 4152 nellciil.

762 4279 1112 4348 Ladizlaus
1147 4281 1269 4347 Dei
1309 4281 1537 4364 gracia
1568 4282 1707 4347 Rex
1739 4282 2073 4365 Hungarie
2105 4281 2411 4349 fidelibus
2450 4283 2585 4350 suis
2617 4284 2803 4369 Capi·

548 4383 684 4452 tulo
716 4386 1141 4472 Strigoniensi
1174 4389 1451 4456 salutem
1485 4397 1550 4456 et
1579 4389 1895 4475 graciam.
1918 4389 2251 4457 Fidelitati
2283 4397 2498 4458 vestre
2530 4391 2802 4457 manda·

541 4511 684 4560 mus
715 4492 1167 4580 precipiendo,
1231 4496 1406 4580 quod
1436 4516 1579 4563 cum
1613 4493 1862 4563 Comite
1911 4497 2165 4563 Thoma
2226 4498 2310 4565 de
2341 4496 2794 4584 Scenthkeral,

545 4598 806 4669 homine
837 4603 921 4670 ad
960 4603 1081 4669 hoc
1114 4623 1231 4690 per
1264 4625 1383 4672 nos
1417 4610 1481 4671 et
1508 4625 1626 4691 per
1650 4603 2035 4690 Gregorium
2069 4607 2322 4674 Banum
2355 4606 2651 4673 Judicem
2684 4604 2802 4675 Cu·
