3319 5249
1384 295 1512 362 391

1372 973 1524 1042 278.

317 1192 442 1257 IV.
475 1194 708 1258 Ldszld
739 1194 961 1276 kirdly
991 1216 1032 1256 a
1067 1194 1670 1279 udtorab'a-ujhelyi
1732 1194 2164 1279 vendc'yeknek
2194 1193 2567 1277 visszaadja

1097 1299 1292 1363 elabbi
1309 1302 1561 1382 javait.
1603 1299 1797 1365 1284.

531 1511 667 1580 Nos
717 1511 1071 1577 Ladizlans
1121 1511 1243 1578 Dei
1297 1512 1524 1594 gracia
1573 1513 1713 1578 Rex
1745 1512 2030 1596 Vngarie
2062 1513 2368 1580 memorie
2399 1534 2566 1580 com-

312 1618 699 1686 mendantes
729 1618 1171 1702 significamus
1200 1618 1431 1702 quibus
1463 1618 1733 1705 expedit
1766 1620 2105 1705 vniuersis,
2139 1618 2310 1703 quod
2342 1640 2460 1686 nos
2482 1620 2567 1686 ad

314 1723 704 1808 peticionem
738 1732 802 1791 et
833 1724 1226 1796 instanciam
1260 1724 1580 1811 hospitum
1615 1732 1979 1792 nostrornm
2010 1724 2091 1791 de
2109 1727 2352 1810 Wyhel
2374 1748 2570 1813 prope

316 1839 603 1898 castrum
654 1832 869 1899 Potok
917 1832 1089 1897 hanc
1139 1833 1429 1915 graciam
1461 1833 1737 1899 fecimus
1770 1834 2144 1918 specialem,
2178 1833 2349 1917 quod
2382 1853 2568 1916 quas-

309 1939 463 2004 dam
516 1938 960 2025 possessiones
1010 1938 1296 2024 ipsorum
1358 1942 1525 2023 Toy,
1557 1938 1765 2023 Boi-si,
1803 1939 2071 2025 Koachy
2106 1945 2171 2007 et
2201 1939 2569 2026 Obizligety

313 2053 607 2128 vocatas,
643 2044 729 2111 ad
762 2044 1036 2112 candem
1069 2046 1297 2112 villam
1330 2046 1567 2131 Wyhel
1602 2046 2024 2129 pertinentes,
2050 2067 2176 2129 que
2208 2048 2290 2112 ab
2324 2045 2566 2113 eisdem

312 2154 576 2222 fuerant
624 2152 927 2240 alienate,
981 2154 1066 2221 ab
1119 2154 1415 2221 omnibus
1469 2154 1825 2220 auferendo
1860 2153 2253 2220 reddidimus
2287 2161 2346 2220 et
2382 2156 2559 2220 resti·
2682 2195 2687 2202 ι

309 2262 553 2328 tuimus
604 2258 849 2327 eisdem
901 2281 980 2327 eo
1033 2262 1196 2340 iure,
1256 2266 1321 2326 et
1377 2282 1456 2328 ca
1506 2259 1929 2347 plenitudine,
1965 2259 2128 2326 sieut
2164 2269 2360 2328 antea
2393 2262 2565 2327 diuo·

310 2376 576 2434 scantur
604 2366 995 2452 possedisse.
1030 2369 1267 2434 Datum
1301 2368 1366 2432 in
1400 2368 1664 2452 Zegued
1697 2368 1862 2433 feria
1896 2378 2077 2434 sexta
2110 2369 2402 2453 proxima
2423 2377 2569 2453 post

314 2474 549 2541 festum
585 2474 771 2541 Beati
794 2475 969 2542 Luce
1003 2475 1464 2558 Ewangeliste.

317 2692 708 2760 fflegeriisitve
736 2710 916 2759 ugyan
934 2695 1028 2746 IV.
1051 2690 1248 2745 Laiszlo
1272 2690 1449 2757 kirffly
1468 2689 1604 2745 fita!
1632 2696 1787 2744 1284.
1802 2690 1910 2743 111.
1939 2694 2115 2744 Eudre
2145 2689 2322 2757 kiraiy
2346 2693 2564 2743 1291-κί

460 2780 782 2848 meg-erosit&
806 2779 1288 2850 privilegiumhbol
1315 2797 1350 2832 a
1367 2783 1536 2835 budai
1559 2779 1756 2847 kireilyi
1774 2785 2016 2834 kamarai
2047 2777 2425 2846 'ex-eltdrban.)

1220 3067 1643 3081 ψ

1362 3599 1518 3667 2¹79.

316 3817 434 3881 IV.
493 3818 717 3882 Ldazlo'
769 3818 1128 3903 kirdlynak
1177 3840 1218 3881 a
1259 3818 1862 3903 scitoralja-ujhelyi
1894 3818 2209 3902 vende'yek
2240 3814 2567 3880 szabadsd-

846 3926 988 4010 yat't
1029 3929 1401 4008 meyerbsitb'
1441 3923 1785 4009 okma'nya.
1830 3923 2024 3988 1284.

525 4155 659 4225 Nos
710 4151 1062 4219 Ladizlaus
1112 4153 1237 4220 Dei
1289 4154 1516 4236 gracia
1548 4156 1687 4220 Rex
1721 4155 1914 4237 Vnga
1929 4152 2026 4220 rie
2058 4152 2369 4220 memorie
2403 4172 2569 4218 com·

308 4260 697 4329 mendantes
747 4259 1192 4344 significamus
1256 4259 1488 4342 quibus
1551 4259 1819 4346 expedit
1878 4268 2110 4327 tenore
2163 4262 2569 4346 presencium

307 4367 649 4453 vninersis‚
674 4365 845 4452 quod
877 4366 1165 4452 hospites
1200 4367 1404 4434 nostri
1435 4368 1519 4434 de
1540 4368 1876 4434 Satur-alia
1894 4366 2133 4453 Wyhel
2166 4366 2249 4432 ad
2281 4374 2567 4434 nostram

306 4475 693 4545 aecedentes
756 4475 1158 4561 presenciam
1221 4473 1652 4543 exhibuerunt
1714 4477 1903 4543 nobis
1961 4475 2381 4559 priuilegium
2426 4476 2568 4541 Ste-

311 4582 512 4671 phani
560 4580 838 4651 illustris
887 4583 1083 4668 Regis
1132 4582 1421 4667 Vngarie
1470 4582 1677 4667 patris
1724 4582 1932 4650 nostri
1988 4580 2323 4649 karissimi
2352 4579 2567 4650 felicis
