3319 5249
1829 246 1960 311 478

742 443 968 526 itaque
1001 439 1426 527 attendentes,
1459 438 1631 524 quod
1665 457 1868 507 causa
1917 438 2284 507 huiusmodi
2332 440 2417 506 de
2464 437 2818 505 maioribus
2877 456 3032 504 cau·

744 549 842 617 sis
876 549 1118 635 existit,
1154 566 1427 631 quarum
1460 546 1854 612 examinatio
1887 554 1951 613 et
1972 546 2216 614 decisio
2249 546 2335 614 ad
2362 546 2725 612 Romanum
2754 545 3026 611 Pontifi-

726 675 890 723 ·1cem
922 655 1205 722 noscitur
1234 653 1609 740 specialiter
1641 654 1986 740 pertinere,
2020 673 2099 721 ac
2130 674 2248 740 per
2277 653 2401 721 hoc
2430 653 2718 720 volentes
2750 671 3020 720 causam

751 762 960 849 ipsam
993 761 1258 831 tractari
1289 761 1467 846 apud
1500 759 1738 829 Sedem
1776 760 2246 847 Apostolicam‚
2298 769 2363 827 et
2391 762 2521 828 fine
2552 760 2866 828 canonico
2900 768 3028 826 ter·

749 869 988 936 minari
1006 921 1025 956 ,
1094 867 1463 937 discretioni
1526 873 1740 935 vestre
1771 888 1887 955 per
1934 868 2311 955 Apostolica
2371 870 2615 952 scripta
2667 887 3021 953 monemus,

728 977 1058 1061 -quatinus
1089 995 1222 1062 vos,
1254 976 1357 1042 vel
1387 975 1515 1043 duo
1548 981 1664 1042 aut
1695 995 1865 1043 unus
1887 984 2191 1063 vestrum,
2211 996 2332 1061 per
2359 996 2497 1062 vos,
2529 975 2636 1042 vel
2667 997 2785 1061 per
2816 977 3021 1042 alium

754 1104 867 1153 seu
900 1083 1084 1169 alios,
1118 1074 1252 1151 tam
1284 1082 1542 1150 eosdem
1576 1083 1959 1167 Gregorium
1981 1091 2047 1150 et
2065 1083 2499 1171 Leonardum,
2517 1103 2714 1169 quam
2746 1083 3022 1150 clericos

750 1191 1003 1279 prefate
1035 1189 1192 1257 ville
1223 1189 1681 1274 Traguriensis
1714 1190 2058 1276 predictos,
2090 1199 2156 1258 et
2186 1189 2514 1275 quoslibet
2563 1190 2729 1257 alios
2761 1190 2874 1274 qui
2906 1208 3027 1257 sus

756 1298 1148 1366 crediderint
1196 1298 1511 1365 interesse
1530 1348 1549 1383 ,
1585 1318 1666 1363 ex
1697 1306 1884 1385 parte
1932 1305 2154 1366 nostra
2202 1297 2634 1385 peremptorie
2685 1296 2886 1362 citare
2918 1315 3026 1362 cu·

757 1409 935 1494 retis,
969 1414 1040 1474 ut
1072 1405 1243 1472 infra
1275 1424 1391 1472 sex
1422 1405 1741 1472 mensium
1761 1405 2043 1491 spatium
2063 1414 2209 1493 post
2231 1404 2601 1472 citationem
2637 1402 3025 1488 huiusmodi,

757 1535 873 1601 per
905 1535 997 1602 se,
1030 1511 1136 1580 vel
1168 1531 1284 1599 per
1316 1516 1761 1598 procuratores
1793 1510 2104 1600 ydoneos,
2139 1531 2282 1579 cum
2320 1511 2615 1579 omnibus
2646 1510 2837 1596 actis,
2874 1509 3025 1575 iuri·

758 1624 879 1691 bus
912 1628 976 1688 et
1007 1620 1425 1689 munimentis
1473 1620 1609 1688 suis
1649 1619 1891 1686 dictam
1957 1639 2220 1687 causam
2280 1618 2824 1704 contingentibus,
2857 1618 3022 1705 Apo·

756 1731 986 1800 stolice
1020 1749 1089 1797 se
1123 1727 1493 1814 conspectui
1531 1735 1976 1814 representent
1995 1779 2016 1814 ,
2078 1727 2310 1795 facturi
2360 1737 2425 1795 et
2473 1727 2795 1813 recepturi
2829 1743 3023 1812 super

756 1837 1117 1925 premissis,
1147 1836 1317 1921 quod
1349 1835 1507 1903 ordo
1539 1834 1881 1903 dictaverit
1941 1836 2232 1904 rationis.
2266 1837 2459 1903 Diem
2508 1855 2663 1903 vero
2694 1833 3021 1901 citationis

763 1953 829 2013 et
857 1945 1148 2029 formam,
1183 1952 1248 2010 et
1276 1943 1582 2029 quicquid
1613 1943 1767 2011 inde
1787 1943 2095 2030 feceritis,
2129 1943 2318 2011 nobis
2347 1962 2466 2030 per
2500 1949 2753 2011 vestras
2770 1942 3022 2009 litteras

763 2052 992 2121 harum
1024 2053 1255 2121 seriem
1285 2051 1687 2119 continentes
1717 2049 1996 2119 fideliter
2028 2050 2361 2119 intimetis.
2395 2053 2639 2121 Datum
2669 2051 2878 2117 Reate
2909 2046 3019 2114 v1.

761 2161 1089 2228 kalendas
1121 2159 1436 2246 Octobris,
1471 2159 1897 2228 Pontificatus
1928 2159 2131 2226 nostri
2162 2179 2335 2226 anno
2365 2158 2591 2244 primo.

759 2338 1038 2408 (Theiner,
1066 2338 1268 2390 Vetera
1303 2337 1651 2389 Monumenta
1672 2335 1959 2388 slavorum
1979 2335 2419 2387 Meridionalium
2444 2336 2724 2389 historiam
2751 2336 3025 2388 illustran-

979 2432 1058 2479 tia
1082 2431 1127 2483 1.
1159 2431 1270 2479 kut.
1301 2428 1421 2481 105.
1448 2428 1509 2490 1.;
1539 2428 1756 2488 Lucius,
1785 2429 2043 2479 Memorie
2070 2428 2305 2478 storiche
2329 2428 2384 2479 di
2410 2428 2559 2478 Trau
2591 2428 2712 2477 124.
2744 2426 2807 2493 l.)

1811 3172 1963 3239 342.

766 3355 884 3421 IV.
916 3356 1156 3423 Miklds
1175 3359 1371 3441 pdpa
1404 3377 1449 3416 a
1477 3356 1761 3439 raquzai
1790 3352 2021 3417 &rocket
2055 3353 2370 3438 meqbizza
2390 3402 2412 3433 ,
2447 3356 2612 3440 hoqy
2645 3354 2882 3421 Padua
2915 3361 3021 3420 υό-

761 3486 876 3529 .νοε
906 3466 1242 3550 Ῑιαιόεάράε
1271 3483 1439 3527 arra
1469 3459 1716 3527 inditsa
1735 3508 1757 3539 ‚
1807 3461 2018 3545 mikap
2053 3483 2132 3524 az
2181 3463 2387 3526 ottani
2417 3463 2724 3529 ‹iv-talma
2754 3472 3028 3528 statatu-

1432 3568 1648 3634 mokat
1678 3577 2133 3656 meqszibntesse.
2168 3568 2364 3631 1288.

987 3747 1047 3814 N
1051 3748 1289 3814 icolaus
1319 3743 1683 3831 Episcopus
1713 3762 1939 3811 servus
1970 3762 2303 3810 servorum
2335 3744 2462 3814 Dei
2513 3745 2871 3813 venerabili
2909 3745 3028 3812 fra·

771 3856 853 3923 tri
887 3903 903 3920 .
939 3904 955 3920 .
992 3904 1008 3921 .
1043 3852 1545 3942 Archiepiscopo
1579 3850 1914 3936 Ragusino
1965 3849 2242 3917 salutem
2275 3858 2342 3919 et
2370 3852 2810 3937 Apostolicam
2841 3855 3031 3922 bene·

758 3962 1136 4030 dictionem.
1198 3957 1416 4030 Movet
1474 3961 1760 4026 animum
1809 3965 2216 4045 mentemque
2280 3959 2630 4049 sollicitat,
2690 3962 3034 4031 commissa

770 4069 961 4138 nobis
1022 4090 1064 4134 a
1123 4069 1398 4135 Domino
1461 4087 1654 4154 super
1715 4066 2074 4135 custodiam
2139 4069 2359 4153 gregis
2409 4069 2511 4136 sui
2575 4088 2729 4135 cura
2793 4068 3031 4136 sollici·

770 4177 1014 4244 tudinis
1072 4175 1422 4261 generalis,
1492 4181 1562 4239 ut
1621 4173 1705 4240 de
1740 4173 2115 4243 dilectorum
2167 4173 2443 4243 filiorum
2509 4224 2525 4241 .
2561 4167 2580 4241 .’
2612 4224 2627 4240 .
2662 4174 3036 4260 Potestatis,

752 4285 1224 4371 Antianorum,
1272 4280 1805 4349 consiliariorum
1870 4289 1933 4349 et
1968 4282 2342 4349 Communis
2405 4281 2893 4370 Paduanorum,
2958 4303 3034 4351 ac

777 4390 1074 4458 Civitatis
1140 4388 1423 4476 ipsorum
1476 4393 1712 4456 statum
1794 4407 2104 4475 prospero
2167 4408 2425 4475 semper
2485 4386 2838 4456 refovendo
2900 4409 3038 4458 suc-

752 4514 968 4564 -cessu
986 4547 1006 4581 ,
1069 4496 1273 4583 patris
1335 4515 1509 4563 more
1572 4495 1858 4562 benivoli
1911 4495 2134 4563 sedulo
2199 4496 2559 4580 cogitantes
2578 4546 2600 4583 ,
2632 4515 2742 4565 eos
2772 4518 3040 4582 quorum
