<?xml version="1.0" encoding="UTF-8"?>
<!DOCTYPE html PUBLIC "-//W3C//DTD XHTML 1.0 Transitional//EN"
    "http://www.w3.org/TR/xhtml1/DTD/xhtml1-transitional.dtd">
<html xmlns="http://www.w3.org/1999/xhtml" xml:lang="en" lang="en">
 <head>
  <title>
</title>
<meta http-equiv="Content-Type" content="text/html;charset=utf-8" />
  <meta name='ocr-system' content='tesseract 3.04.00' />
  <meta name='ocr-capabilities' content='ocr_page ocr_carea ocr_par ocr_line ocrx_word'/>
</head>
<body>
  <div class='ocr_page' id='page_1' title='image "./rpdkorijokmnytr00wenzgoog_0524.png"; bbox 0 0 3319 5249; ppageno 0'>
   <div class='ocr_carea' id='block_1_1' title="bbox 1835 326 1965 393">
    <p class='ocr_par' dir='ltr' id='par_1_1' title="bbox 1835 326 1965 393">
     <span class='ocr_line' id='line_1_1' title="bbox 1835 326 1965 393; baseline 0.015 -4"><span class='ocrx_word' id='word_1_1' title='bbox 1835 326 1965 393; x_wconf 83' lang='lat'><strong>448</strong></span> 
     </span>
    </p>
   </div>
   <div class='ocr_carea' id='block_1_2' title="bbox 1739 416 2057 427">
    <p class='ocr_par' dir='ltr' id='par_1_2' title="bbox 1739 416 2057 427">
     <span class='ocr_line' id='line_1_2' title="bbox 1739 416 2057 427; baseline 0 4822"><span class='ocrx_word' id='word_1_2' title='bbox 1739 416 2057 427; x_wconf 95' lang='lat' dir='ltr'><strong> </strong></span> 
     </span>
    </p>
   </div>
   <div class='ocr_carea' id='block_1_3' title="bbox 1816 989 1969 1057">
    <p class='ocr_par' dir='ltr' id='par_1_3' title="bbox 1816 989 1969 1057">
     <span class='ocr_line' id='line_1_3' title="bbox 1816 989 1969 1057; baseline 0.02 -3"><span class='ocrx_word' id='word_1_3' title='bbox 1816 989 1969 1057; x_wconf 77' lang='lat'>319.</span> 
     </span>
    </p>
   </div>
   <div class='ocr_carea' id='block_1_4' title="bbox 763 1203 3018 1508">
    <p class='ocr_par' dir='ltr' id='par_1_4' title="bbox 763 1203 3018 1508">
     <span class='ocr_line' id='line_1_4' title="bbox 764 1203 3017 1293; baseline 0 -25"><span class='ocrx_word' id='word_1_4' title='bbox 764 1203 860 1268; x_wconf 65' lang='grc' dir='ltr'><strong>ΑΖ</strong></span> <span class='ocrx_word' id='word_1_5' title='bbox 895 1208 1261 1291; x_wconf 74' lang='lat' dir='ltr'><strong>esz&#39;erqami</strong></span> <span class='ocrx_word' id='word_1_6' title='bbox 1307 1207 1626 1293; x_wconf 78' lang='lat' dir='ltr'><strong>kdptalan</strong></span> <span class='ocrx_word' id='word_1_7' title='bbox 1675 1206 2106 1292; x_wconf 70' lang='lat' dir='ltr'><strong>beloeqyeze&#39;se&#39;t</strong></span> <span class='ocrx_word' id='word_1_8' title='bbox 2170 1207 2667 1293; x_wconf 72' lang='lat' dir='ltr'><strong>nyilatkoztatja</strong></span> <span class='ocrx_word' id='word_1_9' title='bbox 2701 1207 3017 1272; x_wconf 81' lang='lat' dir='ltr'><strong>Lodome&#39;r</strong></span> 
     </span>
     <span class='ocr_line' id='line_1_5' title="bbox 763 1304 3018 1399; baseline -0.001 -21"><span class='ocrx_word' id='word_1_10' title='bbox 763 1314 930 1378; x_wconf 58' lang='lat' dir='ltr'><strong>&amp;reek</strong></span> <span class='ocrx_word' id='word_1_11' title='bbox 963 1313 1505 1398; x_wconf 64' lang='lat' dir='ltr'><strong>inte&#39;zkedc‘sehez,</strong></span> <span class='ocrx_word' id='word_1_12' title='bbox 1557 1313 1851 1399; x_wconf 80' lang='lat' dir='ltr'><strong>melylyel</strong></span> <span class='ocrx_word' id='word_1_13' title='bbox 1911 1339 1952 1378; x_wconf 86' lang='lat' dir='ltr'><strong>a</strong></span> <span class='ocrx_word' id='word_1_14' title='bbox 2002 1312 2250 1379; x_wconf 82' lang='lat' dir='ltr'><strong>Vancsa</strong></span> <span class='ocrx_word' id='word_1_15' title='bbox 2282 1314 2452 1379; x_wconf 72' lang='lat' dir='ltr'><strong>c&#39;rsek</strong></span> <span class='ocrx_word' id='word_1_16' title='bbox 2514 1314 2680 1378; x_wconf 77' lang='lat' dir='ltr'><strong>ciltal</strong></span> <span class='ocrx_word' id='word_1_17' title='bbox 2711 1304 3018 1399; x_wconf 64' lang='lat' dir='ltr'><strong>[dap-iton</strong></span> 
     </span>
     <span class='ocr_line' id='line_1_6' title="bbox 978 1422 2801 1508; baseline 0 -21"><span class='ocrx_word' id='word_1_18' title='bbox 978 1422 1145 1487; x_wconf 75' lang='lat' dir='ltr'><strong>oltcir</strong></span> <span class='ocrx_word' id='word_1_19' title='bbox 1177 1445 1251 1486; x_wconf 81' lang='lat' dir='ltr'><strong>az</strong></span> <span class='ocrx_word' id='word_1_20' title='bbox 1281 1423 1491 1487; x_wconf 75' lang='lat' dir='ltr'><strong>ottani</strong></span> <span class='ocrx_word' id='word_1_21' title='bbox 1524 1423 2127 1508; x_wconf 70' lang='lat' dir='ltr'><strong>b&#39;rkanonoksdqhoz</strong></span> <span class='ocrx_word' id='word_1_22' title='bbox 2160 1422 2566 1488; x_wconf 68' lang='lat' dir='ltr'><strong>caaioltatott.</strong></span> <span class='ocrx_word' id='word_1_23' title='bbox 2607 1422 2801 1487; x_wconf 79' lang='lat'><em>1286.</em></span> 
     </span>
    </p>
   </div>
   <div class='ocr_carea' id='block_1_5' title="bbox 1291 1636 2493 1702">
    <p class='ocr_par' dir='ltr' id='par_1_5' title="bbox 1291 1636 2493 1702">
     <span class='ocr_line' id='line_1_7' title="bbox 1291 1636 2493 1702; baseline 0 -1"><span class='ocrx_word' id='word_1_24' title='bbox 1291 1636 1349 1701; x_wconf 81' lang='lat' dir='ltr'>A</span> <span class='ocrx_word' id='word_1_25' title='bbox 1868 1639 1921 1702; x_wconf 93' lang='lat' dir='ltr'>B</span> <span class='ocrx_word' id='word_1_26' title='bbox 2444 1637 2493 1701; x_wconf 80' lang='lat' dir='ltr'>C</span> 
     </span>
    </p>
   </div>
   <div class='ocr_carea' id='block_1_6' title="bbox 645 1814 3021 4707">
    <p class='ocr_par' dir='ltr' id='par_1_6' title="bbox 754 1814 3017 4165">
     <span class='ocr_line' id='line_1_8' title="bbox 975 1814 3012 1900; baseline 0 -22"><span class='ocrx_word' id='word_1_27' title='bbox 975 1815 1313 1880; x_wconf 89' lang='lat' dir='ltr'><strong>Vniuersis</strong></span> <span class='ocrx_word' id='word_1_28' title='bbox 1346 1822 1712 1900; x_wconf 79' lang='lat' dir='ltr'><strong>presentem</strong></span> <span class='ocrx_word' id='word_1_29' title='bbox 1761 1818 2068 1900; x_wconf 89' lang='lat' dir='ltr'><strong>paginam</strong></span> <span class='ocrx_word' id='word_1_30' title='bbox 2124 1814 2525 1881; x_wconf 89' lang='lat' dir='ltr'><strong>intuentibus</strong></span> <span class='ocrx_word' id='word_1_31' title='bbox 2557 1814 2869 1897; x_wconf 73' lang='lat' dir='ltr'><strong>Magister</strong></span> <span class='ocrx_word' id='word_1_32' title='bbox 2903 1815 3012 1879; x_wconf 88' lang='lat' dir='ltr'><strong>Be-</strong></span> 
     </span>
     <span class='ocr_line' id='line_1_9' title="bbox 763 1921 3015 2007; baseline 0.001 -24"><span class='ocrx_word' id='word_1_33' title='bbox 763 1921 1058 1988; x_wconf 78' lang='lat' dir='ltr'><strong>nedictus</strong></span> <span class='ocrx_word' id='word_1_34' title='bbox 1092 1921 1332 1988; x_wconf 88' lang='lat' dir='ltr'><strong>Doctor</strong></span> <span class='ocrx_word' id='word_1_35' title='bbox 1364 1924 1786 1990; x_wconf 89' lang='lat' dir='ltr'><strong>Decretorum</strong></span> <span class='ocrx_word' id='word_1_36' title='bbox 1819 1922 2192 2007; x_wconf 88' lang='lat' dir='ltr'><strong>Prepositus</strong></span> <span class='ocrx_word' id='word_1_37' title='bbox 2217 1973 2233 2005; x_wconf 87' lang='lat'><em>‚</em></span> <span class='ocrx_word' id='word_1_38' title='bbox 2296 1929 2359 1987; x_wconf 89' lang='lat' dir='ltr'><strong>et</strong></span> <span class='ocrx_word' id='word_1_39' title='bbox 2391 1921 2766 2007; x_wconf 80' lang='lat' dir='ltr'>Capitulum</span> <span class='ocrx_word' id='word_1_40' title='bbox 2798 1921 3015 1986; x_wconf 86' lang='lat' dir='ltr'><strong>Eccle-</strong></span> 
     </span>
     <span class='ocr_line' id='line_1_10' title="bbox 760 2028 3013 2118; baseline -0.001 -23"><span class='ocrx_word' id='word_1_41' title='bbox 760 2031 856 2096; x_wconf 85' lang='lat' dir='ltr'><strong>sie</strong></span> <span class='ocrx_word' id='word_1_42' title='bbox 888 2030 1355 2118; x_wconf 70' lang='lat' dir='ltr'><strong>strigoniensis</strong></span> <span class='ocrx_word' id='word_1_43' title='bbox 1417 2032 1693 2098; x_wconf 88' lang='lat' dir='ltr'><strong>salutem</strong></span> <span class='ocrx_word' id='word_1_44' title='bbox 1747 2032 1814 2096; x_wconf 92' lang='lat' dir='ltr'><strong>in</strong></span> <span class='ocrx_word' id='word_1_45' title='bbox 1848 2032 2124 2097; x_wconf 91' lang='lat' dir='ltr'><strong>Domino</strong></span> <span class='ocrx_word' id='word_1_46' title='bbox 2176 2030 2650 2113; x_wconf 89' lang='lat' dir='ltr'><strong>sempiternam.</strong></span> <span class='ocrx_word' id='word_1_47' title='bbox 2713 2028 2893 2095; x_wconf 91' lang='lat' dir='ltr'><strong>Bone</strong></span> <span class='ocrx_word' id='word_1_48' title='bbox 2926 2030 3013 2094; x_wconf 90' lang='lat' dir='ltr'><strong>rei</strong></span> 
     </span>
     <span class='ocr_line' id='line_1_11' title="bbox 761 2134 3013 2224; baseline 0.002 -26"><span class='ocrx_word' id='word_1_49' title='bbox 761 2134 919 2204; x_wconf 87' lang='lat' dir='ltr'><strong>dare</strong></span> <span class='ocrx_word' id='word_1_50' title='bbox 951 2137 1335 2223; x_wconf 80' lang='lat' dir='ltr'><strong>consultum,</strong></span> <span class='ocrx_word' id='word_1_51' title='bbox 1368 2147 1432 2205; x_wconf 89' lang='lat' dir='ltr'><strong>et</strong></span> <span class='ocrx_word' id='word_1_52' title='bbox 1466 2141 1572 2223; x_wconf 92' lang='lat' dir='ltr'><strong>pio</strong></span> <span class='ocrx_word' id='word_1_53' title='bbox 1605 2138 1785 2224; x_wconf 91' lang='lat' dir='ltr'><strong>operi</strong></span> <span class='ocrx_word' id='word_1_54' title='bbox 1832 2137 2198 2224; x_wconf 87' lang='lat' dir='ltr'><strong>subuenire,</strong></span> <span class='ocrx_word' id='word_1_55' title='bbox 2265 2146 2329 2203; x_wconf 89' lang='lat' dir='ltr'><strong>et</strong></span> <span class='ocrx_word' id='word_1_56' title='bbox 2360 2136 2676 2221; x_wconf 87' lang='lat' dir='ltr'><strong>presentis</strong></span> <span class='ocrx_word' id='word_1_57' title='bbox 2709 2135 2844 2205; x_wconf 90' lang='lat' dir='ltr'><strong>uite</strong></span> <span class='ocrx_word' id='word_1_58' title='bbox 2875 2138 3013 2203; x_wconf 88' lang='lat' dir='ltr'><strong>sub-</strong></span> 
     </span>
     <span class='ocr_line' id='line_1_12' title="bbox 760 2242 3011 2329; baseline 0 -20"><span class='ocrx_word' id='word_1_59' title='bbox 760 2244 1002 2312; x_wconf 83' lang='lat' dir='ltr'><strong>sidium</strong></span> <span class='ocrx_word' id='word_1_60' title='bbox 1039 2252 1102 2310; x_wconf 89' lang='lat' dir='ltr'><strong>et</strong></span> <span class='ocrx_word' id='word_1_61' title='bbox 1137 2252 1355 2313; x_wconf 90' lang='lat' dir='ltr'><strong>eterne</strong></span> <span class='ocrx_word' id='word_1_62' title='bbox 1389 2245 1934 2313; x_wconf 82' lang='lat' dir='ltr'><strong>remuneracionis</strong></span> <span class='ocrx_word' id='word_1_63' title='bbox 1969 2245 2282 2329; x_wconf 87' lang='lat' dir='ltr'><strong>premium</strong></span> <span class='ocrx_word' id='word_1_64' title='bbox 2326 2242 2615 2311; x_wconf 86' lang='lat' dir='ltr'><strong>cernitur</strong></span> <span class='ocrx_word' id='word_1_65' title='bbox 2647 2251 3011 2329; x_wconf 84' lang='lat' dir='ltr'><strong>expectare.</strong></span> 
     </span>
     <span class='ocr_line' id='line_1_13' title="bbox 762 2351 3011 2440; baseline -0.001 -23"><span class='ocrx_word' id='word_1_66' title='bbox 762 2352 1128 2440; x_wconf 85' lang='lat' dir='ltr'><strong>Eapropter</strong></span> <span class='ocrx_word' id='word_1_67' title='bbox 1162 2356 1462 2423; x_wconf 86' lang='lat' dir='ltr'><strong>nouerint</strong></span> <span class='ocrx_word' id='word_1_68' title='bbox 1497 2354 1799 2440; x_wconf 86' lang='lat' dir='ltr'><strong>uniuersi,</strong></span> <span class='ocrx_word' id='word_1_69' title='bbox 1856 2360 2185 2439; x_wconf 85' lang='lat' dir='ltr'><strong>presentes</strong></span> <span class='ocrx_word' id='word_1_70' title='bbox 2219 2352 2464 2438; x_wconf 88' lang='lat' dir='ltr'><strong>pariter</strong></span> <span class='ocrx_word' id='word_1_71' title='bbox 2494 2360 2560 2418; x_wconf 86' lang='lat' dir='ltr'><strong>et</strong></span> <span class='ocrx_word' id='word_1_72' title='bbox 2588 2351 2806 2434; x_wconf 87' lang='lat' dir='ltr'><strong>futuri,</strong></span> <span class='ocrx_word' id='word_1_73' title='bbox 2840 2351 3011 2436; x_wconf 89' lang='lat' dir='ltr'><strong>quod</strong></span> 
     </span>
     <span class='ocr_line' id='line_1_14' title="bbox 766 2458 3007 2548; baseline -0.003 -20"><span class='ocrx_word' id='word_1_74' title='bbox 766 2462 1158 2529; x_wconf 77' lang='lat' dir='ltr'><strong>venerabilis</strong></span> <span class='ocrx_word' id='word_1_75' title='bbox 1213 2470 1398 2548; x_wconf 84' lang='lat' dir='ltr'><strong>pater</strong></span> <span class='ocrx_word' id='word_1_76' title='bbox 1451 2462 1747 2528; x_wconf 85' lang='lat' dir='ltr'><strong>dominus</strong></span> <span class='ocrx_word' id='word_1_77' title='bbox 1800 2468 2021 2530; x_wconf 90' lang='lat' dir='ltr'><strong>noster</strong></span> <span class='ocrx_word' id='word_1_78' title='bbox 2082 2460 2384 2529; x_wconf 88' lang='lat' dir='ltr'><strong>dominns</strong></span> <span class='ocrx_word' id='word_1_79' title='bbox 2437 2458 2857 2527; x_wconf 88' lang='lat' dir='ltr'><strong>Lodomerius</strong></span> <span class='ocrx_word' id='word_1_80' title='bbox 2889 2458 3007 2523; x_wconf 92' lang='lat' dir='ltr'><strong>Dei</strong></span> 
     </span>
     <span class='ocr_line' id='line_1_15' title="bbox 766 2567 3008 2656; baseline -0.002 -22"><span class='ocrx_word' id='word_1_81' title='bbox 766 2570 994 2652; x_wconf 80' lang='lat' dir='ltr'><strong>gracia</strong></span> <span class='ocrx_word' id='word_1_82' title='bbox 1025 2569 1492 2655; x_wconf 72' lang='lat' dir='ltr'><strong>strigoniensis</strong></span> <span class='ocrx_word' id='word_1_83' title='bbox 1526 2571 2069 2656; x_wconf 85' lang='lat' dir='ltr'><strong>Archiepiscopus</strong></span> <span class='ocrx_word' id='word_1_84' title='bbox 2133 2576 2197 2637; x_wconf 91' lang='lat' dir='ltr'><strong>et</strong></span> <span class='ocrx_word' id='word_1_85' title='bbox 2227 2567 2457 2637; x_wconf 87' lang='lat' dir='ltr'><strong>Comes</strong></span> <span class='ocrx_word' id='word_1_86' title='bbox 2494 2568 2850 2655; x_wconf 85' lang='lat' dir='ltr'><strong>Perpetuus</strong></span> <span class='ocrx_word' id='word_1_87' title='bbox 2885 2567 3008 2634; x_wconf 89' lang='lat' dir='ltr'><strong>loci</strong></span> 
     </span>
     <span class='ocr_line' id='line_1_16' title="bbox 761 2675 3006 2766; baseline 0 -25"><span class='ocrx_word' id='word_1_88' title='bbox 761 2675 1068 2762; x_wconf 89' lang='lat' dir='ltr'><strong>eiusdem,</strong></span> <span class='ocrx_word' id='word_1_89' title='bbox 1103 2679 1185 2746; x_wconf 90' lang='lat' dir='ltr'><strong>de</strong></span> <span class='ocrx_word' id='word_1_90' title='bbox 1218 2689 1435 2747; x_wconf 90' lang='lat' dir='ltr'><strong>nostro</strong></span> <span class='ocrx_word' id='word_1_91' title='bbox 1470 2700 1783 2748; x_wconf 89' lang='lat' dir='ltr'><strong>consensu</strong></span> <span class='ocrx_word' id='word_1_92' title='bbox 1804 2732 1823 2766; x_wconf 87' lang='lat'><em>‚</em></span> <span class='ocrx_word' id='word_1_93' title='bbox 1857 2678 2263 2764; x_wconf 90' lang='lat' dir='ltr'><strong>beneplacito</strong></span> <span class='ocrx_word' id='word_1_94' title='bbox 2283 2730 2301 2763; x_wconf 88' lang='lat'>,</span> <span class='ocrx_word' id='word_1_95' title='bbox 2338 2678 2607 2744; x_wconf 89' lang='lat' dir='ltr'><strong>consilio</strong></span> <span class='ocrx_word' id='word_1_96' title='bbox 2643 2685 2707 2745; x_wconf 90' lang='lat' dir='ltr'><strong>et</strong></span> <span class='ocrx_word' id='word_1_97' title='bbox 2737 2696 3006 2744; x_wconf 87' lang='lat' dir='ltr'><strong>assensu</strong></span> 
     </span>
     <span class='ocr_line' id='line_1_17' title="bbox 761 2784 3010 2871; baseline -0 -21"><span class='ocrx_word' id='word_1_98' title='bbox 761 2785 1133 2871; x_wconf 88' lang='lat' dir='ltr'><strong>plebaniam</strong></span> <span class='ocrx_word' id='word_1_99' title='bbox 1168 2788 1399 2856; x_wconf 87' lang='lat' dir='ltr'><strong>altaris</strong></span> <span class='ocrx_word' id='word_1_100' title='bbox 1431 2789 1669 2856; x_wconf 83' lang='lat' dir='ltr'><strong>Sancte</strong></span> <span class='ocrx_word' id='word_1_101' title='bbox 1704 2788 1902 2855; x_wconf 90' lang='lat' dir='ltr'><strong>Lucie</strong></span> <span class='ocrx_word' id='word_1_102' title='bbox 1932 2786 2241 2871; x_wconf 86' lang='lat' dir='ltr'><strong>virginis,</strong></span> <span class='ocrx_word' id='word_1_103' title='bbox 2277 2786 2343 2851; x_wconf 91' lang='lat' dir='ltr'><strong>in</strong></span> <span class='ocrx_word' id='word_1_104' title='bbox 2395 2784 2747 2869; x_wconf 81' lang='lat' dir='ltr'><strong>campanili</strong></span> <span class='ocrx_word' id='word_1_105' title='bbox 2800 2789 3010 2850; x_wconf 85' lang='lat' dir='ltr'><strong>nostre</strong></span> 
     </span>
     <span class='ocr_line' id='line_1_18' title="bbox 763 2891 3012 2981; baseline -0.001 -21"><span class='ocrx_word' id='word_1_106' title='bbox 763 2895 1035 2961; x_wconf 85' lang='lat' dir='ltr'><strong>ecclesie</strong></span> <span class='ocrx_word' id='word_1_107' title='bbox 1067 2897 1429 2981; x_wconf 87' lang='lat' dir='ltr'><strong>existentis,</strong></span> <span class='ocrx_word' id='word_1_108' title='bbox 1465 2916 1662 2980; x_wconf 86' lang='lat' dir='ltr'><strong>quarn</strong></span> <span class='ocrx_word' id='word_1_109' title='bbox 1695 2894 1848 2962; x_wconf 91' lang='lat' dir='ltr'><strong>olim</strong></span> <span class='ocrx_word' id='word_1_110' title='bbox 1900 2895 2201 2963; x_wconf 91' lang='lat' dir='ltr'><strong>dominus</strong></span> <span class='ocrx_word' id='word_1_111' title='bbox 2237 2891 2608 2978; x_wconf 84' lang='lat' dir='ltr'><strong>Stephanus</strong></span> <span class='ocrx_word' id='word_1_112' title='bbox 2643 2891 3012 2958; x_wconf 83' lang='lat' dir='ltr'><strong>Cardinalis</strong></span> 
     </span>
     <span class='ocr_line' id='line_1_19' title="bbox 759 3000 3014 3088; baseline 0 -23"><span class='ocrx_word' id='word_1_113' title='bbox 759 3000 1117 3087; x_wconf 84' lang='lat' dir='ltr'><strong>Episcopus</strong></span> <span class='ocrx_word' id='word_1_114' title='bbox 1152 3004 1588 3080; x_wconf 84' lang='lat' dir='ltr'><strong>Prenestinus‚</strong></span> <span class='ocrx_word' id='word_1_115' title='bbox 1624 3011 1777 3070; x_wconf 88' lang='lat' dir='ltr'><strong>tunc</strong></span> <span class='ocrx_word' id='word_1_116' title='bbox 1799 3004 2109 3088; x_wconf 88' lang='lat' dir='ltr'><strong>temporis</strong></span> <span class='ocrx_word' id='word_1_117' title='bbox 2142 3002 2444 3068; x_wconf 89' lang='lat' dir='ltr'><strong>videlicet</strong></span> <span class='ocrx_word' id='word_1_118' title='bbox 2473 3000 3014 3086; x_wconf 85' lang='lat' dir='ltr'><strong>Archiepiscopus</strong></span> 
     </span>
     <span class='ocr_line' id='line_1_20' title="bbox 756 3108 3013 3197; baseline -0 -23"><span class='ocrx_word' id='word_1_119' title='bbox 756 3109 1216 3194; x_wconf 71' lang='lat' dir='ltr'><strong>strigoniensis</strong></span> <span class='ocrx_word' id='word_1_120' title='bbox 1249 3114 1354 3197; x_wconf 90' lang='lat' dir='ltr'><strong>pie</strong></span> <span class='ocrx_word' id='word_1_121' title='bbox 1388 3111 1908 3197; x_wconf 87' lang='lat' dir='ltr'><strong>recordacionis,</strong></span> <span class='ocrx_word' id='word_1_122' title='bbox 1962 3130 2075 3193; x_wconf 89' lang='lat' dir='ltr'><strong>pro</strong></span> <span class='ocrx_word' id='word_1_123' title='bbox 2111 3111 2453 3193; x_wconf 86' lang='lat' dir='ltr'><strong>refrigerio</strong></span> <span class='ocrx_word' id='word_1_124' title='bbox 2494 3108 2708 3175; x_wconf 91' lang='lat' dir='ltr'><strong>anime</strong></span> <span class='ocrx_word' id='word_1_125' title='bbox 2743 3109 3013 3175; x_wconf 86' lang='lat' dir='ltr'><strong>Comitis</strong></span> 
     </span>
     <span class='ocr_line' id='line_1_21' title="bbox 760 3216 3012 3306; baseline -0.002 -22"><span class='ocrx_word' id='word_1_126' title='bbox 760 3219 1024 3306; x_wconf 87' lang='lat' dir='ltr'><strong>Vrbazij</strong></span> <span class='ocrx_word' id='word_1_127' title='bbox 1062 3220 1270 3306; x_wconf 89' lang='lat' dir='ltr'><strong>patris</strong></span> <span class='ocrx_word' id='word_1_128' title='bbox 1302 3222 1401 3288; x_wconf 90' lang='lat' dir='ltr'><strong>sui</strong></span> <span class='ocrx_word' id='word_1_129' title='bbox 1436 3220 1720 3286; x_wconf 89' lang='lat' dir='ltr'><strong>construi</strong></span> <span class='ocrx_word' id='word_1_130' title='bbox 1770 3219 2034 3301; x_wconf 86' lang='lat' dir='ltr'><strong>fecerat,</strong></span> <span class='ocrx_word' id='word_1_131' title='bbox 2071 3226 2134 3284; x_wconf 83' lang='lat' dir='ltr'><strong>ct</strong></span> <span class='ocrx_word' id='word_1_132' title='bbox 2166 3217 2513 3284; x_wconf 89' lang='lat' dir='ltr'><strong>salubriter</strong></span> <span class='ocrx_word' id='word_1_133' title='bbox 2575 3216 2914 3282; x_wconf 87' lang='lat' dir='ltr'><strong>ordinarat</strong></span> <span class='ocrx_word' id='word_1_134' title='bbox 2950 3218 3012 3280; x_wconf 92' lang='lat' dir='ltr'><strong>in</strong></span> 
     </span>
     <span class='ocr_line' id='line_1_22' title="bbox 754 3322 3014 3410; baseline -0.001 -20"><span class='ocrx_word' id='word_1_135' title='bbox 754 3344 1039 3410; x_wconf 84' lang='lat' dir='ltr'><strong>persona</strong></span> <span class='ocrx_word' id='word_1_136' title='bbox 1072 3327 1334 3395; x_wconf 90' lang='lat' dir='ltr'><strong>discreti</strong></span> <span class='ocrx_word' id='word_1_137' title='bbox 1369 3328 1493 3395; x_wconf 86' lang='lat' dir='ltr'><strong>viri</strong></span> <span class='ocrx_word' id='word_1_138' title='bbox 1528 3326 1818 3394; x_wconf 84' lang='lat' dir='ltr'><strong>Marcelli</strong></span> <span class='ocrx_word' id='word_1_139' title='bbox 1851 3325 2152 3392; x_wconf 90' lang='lat' dir='ltr'><strong>Custodis</strong></span> <span class='ocrx_word' id='word_1_140' title='bbox 2173 3324 2469 3392; x_wconf 86' lang='lat' dir='ltr'><strong>Ecclesie</strong></span> <span class='ocrx_word' id='word_1_141' title='bbox 2502 3329 2740 3410; x_wconf 86' lang='lat' dir='ltr'><strong>nostre,</strong></span> <span class='ocrx_word' id='word_1_142' title='bbox 2793 3322 3014 3390; x_wconf 86' lang='lat' dir='ltr'><strong>Custo-</strong></span> 
     </span>
     <span class='ocr_line' id='line_1_23' title="bbox 754 3432 3005 3520; baseline -0.001 -22"><span class='ocrx_word' id='word_1_143' title='bbox 754 3434 858 3500; x_wconf 92' lang='lat' dir='ltr'><strong>die</strong></span> <span class='ocrx_word' id='word_1_144' title='bbox 890 3433 1320 3520; x_wconf 86' lang='lat' dir='ltr'><strong>strigoniensi</strong></span> <span class='ocrx_word' id='word_1_145' title='bbox 1353 3437 1539 3504; x_wconf 88' lang='lat' dir='ltr'><strong>duxit</strong></span> <span class='ocrx_word' id='word_1_146' title='bbox 1572 3434 2047 3502; x_wconf 88' lang='lat' dir='ltr'><strong>annectendam</strong></span> <span class='ocrx_word' id='word_1_147' title='bbox 2073 3432 2655 3518; x_wconf 85' lang='lat' dir='ltr'><strong>irretractabiliter,</strong></span> <span class='ocrx_word' id='word_1_148' title='bbox 2687 3437 2751 3498; x_wconf 90' lang='lat' dir='ltr'><strong>et</strong></span> <span class='ocrx_word' id='word_1_149' title='bbox 2782 3432 2849 3497; x_wconf 91' lang='lat' dir='ltr'><strong>in</strong></span> <span class='ocrx_word' id='word_1_150' title='bbox 2868 3450 3005 3516; x_wconf 92' lang='lat' dir='ltr'><strong>per·</strong></span> 
     </span>
     <span class='ocr_line' id='line_1_24' title="bbox 756 3538 3011 3630; baseline -0.002 -23"><span class='ocrx_word' id='word_1_151' title='bbox 756 3549 1019 3626; x_wconf 88' lang='lat' dir='ltr'><strong>petuum</strong></span> <span class='ocrx_word' id='word_1_152' title='bbox 1055 3543 1423 3630; x_wconf 87' lang='lat' dir='ltr'><strong>vniendam,</strong></span> <span class='ocrx_word' id='word_1_153' title='bbox 1473 3564 1603 3609; x_wconf 87' lang='lat' dir='ltr'><strong>vna</strong></span> <span class='ocrx_word' id='word_1_154' title='bbox 1633 3563 1779 3610; x_wconf 88' lang='lat' dir='ltr'><strong>cum</strong></span> <span class='ocrx_word' id='word_1_155' title='bbox 1821 3550 1994 3610; x_wconf 90' lang='lat' dir='ltr'><strong>terra</strong></span> <span class='ocrx_word' id='word_1_156' title='bbox 2047 3541 2304 3607; x_wconf 87' lang='lat' dir='ltr'><strong>Urkuta</strong></span> <span class='ocrx_word' id='word_1_157' title='bbox 2355 3547 2589 3607; x_wconf 86' lang='lat' dir='ltr'><strong>vocata</strong></span> <span class='ocrx_word' id='word_1_158' title='bbox 2607 3592 2627 3626; x_wconf 89' lang='lat'><em>,</em></span> <span class='ocrx_word' id='word_1_159' title='bbox 2664 3545 2728 3606; x_wconf 87' lang='lat' dir='ltr'><strong>et</strong></span> <span class='ocrx_word' id='word_1_160' title='bbox 2759 3538 3011 3605; x_wconf 88' lang='lat' dir='ltr'><strong>duabus</strong></span> 
     </span>
     <span class='ocr_line' id='line_1_25' title="bbox 757 3646 3014 3735; baseline -0.003 -20"><span class='ocrx_word' id='word_1_161' title='bbox 757 3651 988 3735; x_wconf 79' lang='lat' dir='ltr'><strong>vineiS,</strong></span> <span class='ocrx_word' id='word_1_162' title='bbox 1027 3650 1096 3717; x_wconf 91' lang='lat' dir='ltr'><strong>in</strong></span> <span class='ocrx_word' id='word_1_163' title='bbox 1132 3671 1315 3719; x_wconf 89' lang='lat' dir='ltr'><strong>usum</strong></span> <span class='ocrx_word' id='word_1_164' title='bbox 1378 3650 1880 3717; x_wconf 90' lang='lat' dir='ltr'><strong>ministeriorum</strong></span> <span class='ocrx_word' id='word_1_165' title='bbox 1944 3648 2232 3716; x_wconf 87' lang='lat' dir='ltr'><strong>eiusdem</strong></span> <span class='ocrx_word' id='word_1_166' title='bbox 2281 3647 2509 3714; x_wconf 89' lang='lat' dir='ltr'><strong>altaris</strong></span> <span class='ocrx_word' id='word_1_167' title='bbox 2541 3647 2870 3715; x_wconf 84' lang='lat' dir='ltr'><strong>concessis</strong></span> <span class='ocrx_word' id='word_1_168' title='bbox 2901 3672 2915 3732; x_wconf 83' lang='lat'>3</span> <span class='ocrx_word' id='word_1_169' title='bbox 2951 3646 3014 3710; x_wconf 89' lang='lat' dir='ltr'><strong>in</strong></span> 
     </span>
     <span class='ocr_line' id='line_1_26' title="bbox 755 3754 3012 3844; baseline -0.002 -22"><span class='ocrx_word' id='word_1_170' title='bbox 755 3758 885 3841; x_wconf 88' lang='lat' dir='ltr'><strong>hijs</strong></span> <span class='ocrx_word' id='word_1_171' title='bbox 917 3767 981 3826; x_wconf 86' lang='lat' dir='ltr'><strong>et</strong></span> <span class='ocrx_word' id='word_1_172' title='bbox 1010 3758 1076 3824; x_wconf 91' lang='lat' dir='ltr'><strong>in</strong></span> <span class='ocrx_word' id='word_1_173' title='bbox 1110 3759 1263 3844; x_wconf 88' lang='lat' dir='ltr'><strong>alijs</strong></span> <span class='ocrx_word' id='word_1_174' title='bbox 1294 3757 1465 3824; x_wconf 91' lang='lat' dir='ltr'><strong>idem</strong></span> <span class='ocrx_word' id='word_1_175' title='bbox 1498 3758 1795 3825; x_wconf 89' lang='lat' dir='ltr'><strong>dominus</strong></span> <span class='ocrx_word' id='word_1_176' title='bbox 1846 3765 2065 3826; x_wconf 88' lang='lat' dir='ltr'><strong>noster</strong></span> <span class='ocrx_word' id='word_1_177' title='bbox 2094 3756 2515 3823; x_wconf 87' lang='lat' dir='ltr'><strong>Lodomerius</strong></span> <span class='ocrx_word' id='word_1_178' title='bbox 2561 3754 3012 3839; x_wconf 88' lang='lat' dir='ltr'><strong>Archiepisco—</strong></span> 
     </span>
     <span class='ocr_line' id='line_1_27' title="bbox 757 3860 3017 3953; baseline -0.002 -22"><span class='ocrx_word' id='word_1_179' title='bbox 757 3885 875 3949; x_wconf 89' lang='lat' dir='ltr'><strong>pus</strong></span> <span class='ocrx_word' id='word_1_180' title='bbox 909 3875 1126 3934; x_wconf 90' lang='lat' dir='ltr'><strong>nostre</strong></span> <span class='ocrx_word' id='word_1_181' title='bbox 1157 3865 1451 3935; x_wconf 86' lang='lat' dir='ltr'><strong>Ecclesie</strong></span> <span class='ocrx_word' id='word_1_182' title='bbox 1497 3866 1898 3953; x_wconf 89' lang='lat' dir='ltr'><strong>prospiciens</strong></span> <span class='ocrx_word' id='word_1_183' title='bbox 1949 3864 2236 3931; x_wconf 92' lang='lat' dir='ltr'><strong>meliora.</strong></span> <span class='ocrx_word' id='word_1_184' title='bbox 2300 3865 2563 3947; x_wconf 84' lang='lat' dir='ltr'><strong>Nosque</strong></span> <span class='ocrx_word' id='word_1_185' title='bbox 2626 3862 2835 3949; x_wconf 83' lang='lat' dir='ltr'><strong>ipsius</strong></span> <span class='ocrx_word' id='word_1_186' title='bbox 2911 3860 3017 3928; x_wconf 86' lang='lat' dir='ltr'><strong>do—</strong></span> 
     </span>
     <span class='ocr_line' id='line_1_28' title="bbox 754 3968 3008 4060; baseline -0.002 -21"><span class='ocrx_word' id='word_1_187' title='bbox 754 3974 909 4040; x_wconf 90' lang='lat' dir='ltr'><strong>mini</strong></span> <span class='ocrx_word' id='word_1_188' title='bbox 945 3973 1306 4059; x_wconf 88' lang='lat' dir='ltr'><strong>Lodomerij</strong></span> <span class='ocrx_word' id='word_1_189' title='bbox 1343 3973 1835 4060; x_wconf 88' lang='lat' dir='ltr'><strong>Archiepiseopi</strong></span> <span class='ocrx_word' id='word_1_190' title='bbox 1887 3973 2320 4040; x_wconf 85' lang='lat' dir='ltr'><strong>annexionem</strong></span> <span class='ocrx_word' id='word_1_191' title='bbox 2353 3978 2417 4038; x_wconf 86' lang='lat' dir='ltr'><strong>et</strong></span> <span class='ocrx_word' id='word_1_192' title='bbox 2455 3972 2757 4037; x_wconf 90' lang='lat' dir='ltr'><strong>unionem</strong></span> <span class='ocrx_word' id='word_1_193' title='bbox 2794 3968 3008 4036; x_wconf 81' lang='lat' dir='ltr'><strong>huius-</strong></span> 
     </span>
     <span class='ocr_line' id='line_1_29' title="bbox 754 4075 3012 4165; baseline -0.004 -17"><span class='ocrx_word' id='word_1_194' title='bbox 754 4080 931 4148; x_wconf 88' lang='lat' dir='ltr'><strong>modi</strong></span> <span class='ocrx_word' id='word_1_195' title='bbox 964 4089 1174 4148; x_wconf 88' lang='lat' dir='ltr'><strong>ratam</strong></span> <span class='ocrx_word' id='word_1_196' title='bbox 1204 4088 1269 4145; x_wconf 92' lang='lat' dir='ltr'><strong>et</strong></span> <span class='ocrx_word' id='word_1_197' title='bbox 1297 4089 1553 4165; x_wconf 89' lang='lat' dir='ltr'><strong>gratam</strong></span> <span class='ocrx_word' id='word_1_198' title='bbox 1586 4080 1902 4147; x_wconf 89' lang='lat' dir='ltr'><strong>habentes</strong></span> <span class='ocrx_word' id='word_1_199' title='bbox 1925 4132 1941 4164; x_wconf 89' lang='lat'><em>,</em></span> <span class='ocrx_word' id='word_1_200' title='bbox 1986 4089 2050 4147; x_wconf 89' lang='lat' dir='ltr'><strong>et</strong></span> <span class='ocrx_word' id='word_1_201' title='bbox 2081 4080 2456 4146; x_wconf 85' lang='lat' dir='ltr'><strong>confitentes</strong></span> <span class='ocrx_word' id='word_1_202' title='bbox 2487 4080 2596 4162; x_wconf 88' lang='lat' dir='ltr'><strong>pie</strong></span> <span class='ocrx_word' id='word_1_203' title='bbox 2631 4096 2710 4144; x_wconf 88' lang='lat' dir='ltr'><strong>ac</strong></span> <span class='ocrx_word' id='word_1_204' title='bbox 2742 4075 3012 4163; x_wconf 88' lang='lat' dir='ltr'><strong>prouide</strong></span> 
     </span>
    </p>

    <p class='ocr_par' dir='ltr' id='par_1_7' title="bbox 645 4185 3021 4707">
     <span class='ocr_line' id='line_1_30' title="bbox 645 4185 3012 4277; baseline -0.003 -22"><span class='ocrx_word' id='word_1_205' title='bbox 645 4239 668 4273; x_wconf 54' lang='lat'>0</span> <span class='ocrx_word' id='word_1_206' title='bbox 754 4209 900 4256; x_wconf 89' lang='lat' dir='ltr'><strong>esse</strong></span> <span class='ocrx_word' id='word_1_207' title='bbox 929 4188 1209 4277; x_wconf 81' lang='lat' dir='ltr'><strong>factam3</strong></span> <span class='ocrx_word' id='word_1_208' title='bbox 1242 4191 1325 4257; x_wconf 91' lang='lat' dir='ltr'><strong>ob</strong></span> <span class='ocrx_word' id='word_1_209' title='bbox 1357 4190 1672 4257; x_wconf 90' lang='lat' dir='ltr'><strong>maiorem</strong></span> <span class='ocrx_word' id='word_1_210' title='bbox 1706 4189 2166 4258; x_wconf 86' lang='lat' dir='ltr'><strong>certitudinem</strong></span> <span class='ocrx_word' id='word_1_211' title='bbox 2217 4196 2435 4256; x_wconf 85' lang='lat' dir='ltr'><strong>nostre</strong></span> <span class='ocrx_word' id='word_1_212' title='bbox 2467 4185 2916 4256; x_wconf 88' lang='lat' dir='ltr'><strong>beniuolencie</strong></span> <span class='ocrx_word' id='word_1_213' title='bbox 2950 4192 3012 4252; x_wconf 87' lang='lat' dir='ltr'><strong>et</strong></span> 
     </span>
     <span class='ocr_line' id='line_1_31' title="bbox 747 4294 3007 4385; baseline -0.002 -23"><span class='ocrx_word' id='word_1_214' title='bbox 747 4296 1233 4384; x_wconf 86' lang='lat' dir='ltr'><strong>ratificacionis‚</strong></span> <span class='ocrx_word' id='word_1_215' title='bbox 1265 4318 1345 4365; x_wconf 89' lang='lat' dir='ltr'><strong>ac</strong></span> <span class='ocrx_word' id='word_1_216' title='bbox 1378 4298 1882 4385; x_wconf 86' lang='lat' dir='ltr'><strong>approbacionis</strong></span> <span class='ocrx_word' id='word_1_217' title='bbox 1934 4299 2001 4363; x_wconf 93' lang='lat' dir='ltr'><strong>in</strong></span> <span class='ocrx_word' id='word_1_218' title='bbox 2034 4297 2291 4381; x_wconf 88' lang='lat' dir='ltr'><strong>signum</strong></span> <span class='ocrx_word' id='word_1_219' title='bbox 2311 4349 2332 4385; x_wconf 85' lang='lat'><em>,</em></span> <span class='ocrx_word' id='word_1_220' title='bbox 2395 4294 2805 4380; x_wconf 89' lang='lat' dir='ltr'><strong>priuilegium</strong></span> <span class='ocrx_word' id='word_1_221' title='bbox 2839 4294 3007 4362; x_wconf 87' lang='lat' dir='ltr'><strong>eius·</strong></span> 
     </span>
     <span class='ocr_line' id='line_1_32' title="bbox 756 4400 3014 4492; baseline -0.002 -21"><span class='ocrx_word' id='word_1_222' title='bbox 756 4405 901 4472; x_wconf 88' lang='lat' dir='ltr'><strong>dem</strong></span> <span class='ocrx_word' id='word_1_223' title='bbox 934 4426 1129 4492; x_wconf 91' lang='lat' dir='ltr'><strong>super</strong></span> <span class='ocrx_word' id='word_1_224' title='bbox 1157 4405 1280 4474; x_wconf 88' lang='lat' dir='ltr'><strong>hoc</strong></span> <span class='ocrx_word' id='word_1_225' title='bbox 1329 4405 1506 4473; x_wconf 85' lang='lat' dir='ltr'><strong>facto</strong></span> <span class='ocrx_word' id='word_1_226' title='bbox 1569 4406 1929 4474; x_wconf 87' lang='lat' dir='ltr'><strong>confectum</strong></span> <span class='ocrx_word' id='word_1_227' title='bbox 1949 4456 1969 4491; x_wconf 89' lang='lat'><em>,</em></span> <span class='ocrx_word' id='word_1_228' title='bbox 2035 4405 2121 4471; x_wconf 89' lang='lat' dir='ltr'><strong>ad</strong></span> <span class='ocrx_word' id='word_1_229' title='bbox 2153 4405 2511 4471; x_wconf 91' lang='lat' dir='ltr'><strong>uberiorem</strong></span> <span class='ocrx_word' id='word_1_230' title='bbox 2574 4401 2901 4470; x_wconf 86' lang='lat' dir='ltr'><strong>cautelam</strong></span> <span class='ocrx_word' id='word_1_231' title='bbox 2935 4400 3014 4466; x_wconf 92' lang='lat' dir='ltr'><strong>de</strong></span> 
     </span>
     <span class='ocr_line' id='line_1_33' title="bbox 754 4508 3021 4599; baseline -0.003 -19"><span class='ocrx_word' id='word_1_232' title='bbox 754 4514 953 4580; x_wconf 87' lang='lat' dir='ltr'><strong>uerbo</strong></span> <span class='ocrx_word' id='word_1_233' title='bbox 983 4513 1070 4580; x_wconf 85' lang='lat' dir='ltr'><strong>ad</strong></span> <span class='ocrx_word' id='word_1_234' title='bbox 1132 4514 1394 4581; x_wconf 89' lang='lat' dir='ltr'><strong>uerbum</strong></span> <span class='ocrx_word' id='word_1_235' title='bbox 1447 4515 1514 4581; x_wconf 91' lang='lat' dir='ltr'><strong>in</strong></span> <span class='ocrx_word' id='word_1_236' title='bbox 1570 4523 1856 4582; x_wconf 89' lang='lat' dir='ltr'><strong>tenorem</strong></span> <span class='ocrx_word' id='word_1_237' title='bbox 1920 4512 2328 4599; x_wconf 89' lang='lat' dir='ltr'><strong>presencium</strong></span> <span class='ocrx_word' id='word_1_238' title='bbox 2384 4511 2595 4594; x_wconf 89' lang='lat' dir='ltr'><strong>redigi</strong></span> <span class='ocrx_word' id='word_1_239' title='bbox 2658 4508 2927 4576; x_wconf 84' lang='lat' dir='ltr'><strong>fecimus</strong></span> <span class='ocrx_word' id='word_1_240' title='bbox 2957 4514 3021 4574; x_wconf 90' lang='lat' dir='ltr'><strong>et</strong></span> 
     </span>
     <span class='ocr_line' id='line_1_34' title="bbox 757 4618 2617 4707; baseline -0.003 -18"><span class='ocrx_word' id='word_1_241' title='bbox 757 4621 1123 4692; x_wconf 85' lang='lat' dir='ltr'><strong>transcribi.</strong></span> <span class='ocrx_word' id='word_1_242' title='bbox 1158 4622 1356 4689; x_wconf 88' lang='lat' dir='ltr'><strong>Cuius</strong></span> <span class='ocrx_word' id='word_1_243' title='bbox 1389 4622 1651 4706; x_wconf 90' lang='lat' dir='ltr'><strong>quidem</strong></span> <span class='ocrx_word' id='word_1_244' title='bbox 1687 4620 2017 4707; x_wconf 89' lang='lat' dir='ltr'><strong>priuilegij</strong></span> <span class='ocrx_word' id='word_1_245' title='bbox 2053 4628 2239 4688; x_wconf 90' lang='lat' dir='ltr'><strong>tenor</strong></span> <span class='ocrx_word' id='word_1_246' title='bbox 2272 4625 2374 4686; x_wconf 89' lang='lat' dir='ltr'><strong>est</strong></span> <span class='ocrx_word' id='word_1_247' title='bbox 2408 4618 2561 4689; x_wconf 89' lang='lat' dir='ltr'><strong>talis</strong></span> <span class='ocrx_word' id='word_1_248' title='bbox 2583 4644 2617 4683; x_wconf 87' lang='lat'><strong>:-</strong></span> 
     </span>
    </p>
   </div>
  </div>
 </body>
</html>
