3319 5249
1328 348 1462 412 475

258 542 587 630 Dompnio
620 539 950 626 Episcopo
972 537 1359 606 Catharensi
1382 538 1464 604 de
1484 538 1819 607 voluntate
1838 560 1919 607 ac
1937 561 2212 609 assensn
2234 541 2549 609 eiusdem*

253 649 547 719 Ecclesie
577 648 1025 733 Patronorum,
1049 665 1167 733 pro
1198 644 1345 713 loco
1364 646 1678 735 ipsorum,
1699 647 1810 733 qui
1834 647 2004 716 alias
2026 649 2094 714 in
2115 648 2388 716 ciuitate
2409 648 2532 715 Ca·

252 756 545 824 tharensi
567 753 969 821 artissimum
987 753 1197 819 locum
1216 752 1567 835 habebant,
1587 754 1952 823 liberaliter
1973 755 2053 840 de
2073 776 2243 823 novo
2264 775 2524 822 conces·

249 885 343 948 sa,
360 862 613 929 Divina
661 861 884 929 officia
912 861 1336 942 celebrarent,
1367 866 1432 926 et
1469 881 1587 947 per
1605 862 1932 946 quendam
1970 883 2197 930 eorum
2255 862 2521 930 fratrem

254 972 686 1058 presbiterum
718 971 1064 1037 missarum
1095 969 1466 1053 solempnia
1484 969 1551 1035 in
1571 969 1822 1038 honore
1844 972 1967 1038 Dei
2002 979 2073 1038 et·
2099 970 2287 1038 Beati
2307 971 2525 1039 Domi·

249 1080 384 1148 uici
410 1077 804 1147 confessoris
826 1076 1118 1145 facerent
1140 1074 1478 1162 celebrari,
1502 1073 1835 1162 predictus
1859 1078 2243 1165 Episcopus,
2265 1098 2523 1146 conver·

246 1207 357 1255 sus
377 1188 449 1254 in
471 1206 691 1253 arcum
712 1204 1086 1272 perversum
1107 1190 1331 1249 contra
1349 1187 1594 1251 factum
1616 1186 1951 1271 proprium
1971 1186 2311 1266 veniendo,
2343 1206 2552 1254 asso·-

246 1297 439 1364 ciatis
459 1295 584 1363 sibi
604 1293 990 1378 quibusdam
1012 1292 1410 1380 presbiteris,
1427 1290 1514 1357 ad
1532 1293 1881 1360 ecclesiam
1900 1293 2109 1380 ipsam
2133 1299 2198 1362 et
2216 1313 2421 1378 usque
2440 1294 2526 1359 ad

246 1403 389 1470 eius
430 1403 659 1488 altare,
691 1421 818 1468 non
855 1402 1101 1484 absque
1140 1402 1485 1466 multorum
1522 1387 1895 1483 astantium,
1923 1400 2192 1484 quiillic
2212 1420 2544 1468 convene--

247 1517 400 1577 rant
420 1507 505 1575 ad
526 1507 918 1594 sollempnia
934 1505 1302 1575 huiusmodi
1345 1507 1693 1592 audienda,
1721 1506 2059 1593 scandalo,
2092 1508 2273 1576 rabie
2308 1507 2525 1575 hostili

251 1624 320 1685 et
371 1618 475 1682 ira
507 1615 864 1682 concitatus
933 1615 1223 1700 accessit,
1265 1625 1331 1680 et
1396 1617 1734 1682 retrahens
1767 1634 1962 1682 manu
1996 1616 2260 1702 propria
2310 1616 2538 1702 ipsum.

248 1724 678 1813 presbiterum
709 1722 1168 1808 celebrantem,
1201 1742 1346 1789 cnm
1379 1723 1511 1791 iam
1543 1721 1912 1791 huiusmodi
1949 1723 2352 1812 sollempniis
2414 1723 2505 1790 in-

252 1834 536 1918 cepisset
566 1830 782 1897 dicere
814 1830 1081 1897 Sursum
1112 1829 1345 1914 Corda,
1379 1830 1564 1897 illum
1596 1832 1913 1917 sauguine
1975 1831 2393 1915 cruentando,
2429 1850 2508 1896 ac

254 1938 666 2026 postmodum
697 1936 938 2004 dictum
970 1937 1307 2003 Urbanum
1348 1938 1633 2005 Priorem
1665 1958 1783 2024 per
1813 1940 2147 2023 caputium
2180 1958 2365 2004 suum
2416 1959 2520 2004 ca·

254 2047 470 2135 piens,
504 2045 668 2111 adeo
699 2044 910 2127 ipsum
962 2043 1349 2111 constrinxit
1400 2044 1651 2112 sortiter
1700 2038 2120 2130 percutiendo
2173 2065 2338 2129 enm,
2389 2045 2543 2112 iam.

256 2174 379 2242 per
407 2155 620 2242 ipsum
655 2151 1046 2238 Episcopum
1079 2159 1471 2238 prostratum
1508 2151 1594 2217 ad
1627 2161 1887 2230 terram,
1923 2170 2125 2234 usque
2147 2152 2235 2219 ad
2266 2152 2520 2220 effusio-

257 2283 411 2330 nem
443 2258 786 2344 sanguinis
835 2258 1073 2326 ictibus
1121 2280 1340 2345 pugno
1405 2261 1671 2345 pluries,
1725 2261 1899 2342 quod
1948 2260 2161 2327 dictus
2209 2258 2514 2327 Urbanus

257 2368 603 2437 occasione
633 2365 1003 2433 huiusmodi
1035 2367 1522 2452 percussionum
1555 2367 1616 2433 ei
1646 2389 1690 2435 a
1723 2368 1975 2453 prefato
2030 2369 2353 2455 Episcopo
2404 2369 2522 2435 illa

261 2484 475 2541 tarum
507 2473 947 2541 infirmitatem
998 2473 1365 2556 maximam,
1401 2479 1466 2540 et
1514 2473 1751 2541 deinde
1802 2476 2103 2544 continue
2157 2476 2522 2562 egrotando

258 2588 535 2650 mortem
564 2580 853 2650 noscitur
880 2579 1268 2666 incurrisse;
1301 2580 1586 2667 reliquos
1620 2582 1859 2651 fratres
1892 2582 2244 2651 afficiendo
2295 2585 2524 2650 verbe-

259 2691 444 2759 ribus
474 2696 540 2756 et
570 2689 1049 2758 contumeliosis
1079 2689 1315 2758 verbis.
1348 2690 1486 2756 Nec
1516 2689 1641 2757 hiis
1676 2679 2018 2759 contentus
2045 2690 2218 2759 idem
2250 2693 2517 2777 Episco-

260 2817 384 2885 pus
405 2798 589 2864 mala
607 2799 797 2866 malis
817 2800 1260 2884 accumulans,
1291 2800 1544 2866 emissis
1576 2801 1635 2867 is
1667 2800 1737 2866 in
1757 2800 1961 2867 altum
1998 2800 2273 2869 vocibus
2304 2800 2524 2868 dicere

257 2908 471 2992 cepit:
508 2907 783 2989 „Venite
815 2914 961 2992 post
998 2927 1101 2973 me
1132 2927 1376 2996 omnes,
1411 2917 1474 2975 et
1516 2908 1854 2976 eiiciamus
1884 2908 2122 2975 fratres
2162 2916 2348 2976 extra
2400 2914 2548 2975 ter·-

259 3035 422 3100 ram,
445 3022 743 3082 eteorum
762 3015 977 3083 locum
1018 3015 1275 3102 penitus
1326 3014 1707 3084 deleamus“
1733 3018 1993 3104 ;sicque
2036 3037 2174 3084 cum
2198 3016 2528 3104 predictus

261 3123 626 3210 Episcopus
657 3123 744 3189 ad
773 3123 987 3190 hostia
1021 3123 1291 3191 ecclesie
1324 3124 1546 3191 Sancti
1578 3123 1767 3191 Pauli
1788 3123 2207 3191 Catharensis
2225 3174 2246 3210 ,
2279 3124 2386 3190 ubi
2437 3121 2529 3189 di-

258 3239 509 3297 ctorum
538 3231 804 3299 fratrum
837 3232 1013 3317 prior
1041 3232 1218 3299 locus
1251 3230 1544 3320 habetur,
1593 3251 1736 3298 cum
1769 3228 2146 3318 presbiteris
2178 3229 2510 3314 aliquibus

263 3339 687 3425 pervenisset,
753 3360 796 3406 a
827 3358 898 3406 se
956 3337 1276 3406 modestia
1339 3339 1693 3426 episcopali
1759 3340 2014 3424 penitus
2045 3341 2356 3427 relegata,
2416 3338 2550 3406 ho«

266 3449 402 3513 stia
435 3448 584 3532 ipsa
615 3446 936 3514 violenter
986 3447 1243 3532 aperuit
1259 3497 1279 3532 ,
1342 3466 1422 3511 ac
1451 3455 1679 3533 postea
1740 3445 1950 3514 hostio
2013 3445 2346 3515 cuiusdam
2418 3445 2526 3512 do·

264 3575 411 3621 mus
441 3554 648 3639 ipsius
681 3553 804 3620 loci
838 3559 1022 3620 extra
1072 3552 1418 3639 cardinem,
1471 3554 1677 3621 fracto
1724 3554 2059 3641 repagulo,
2109 3560 2349 3621 temere
2396 3553 2526 3619 iam

264 3660 539 3748 deiecto,
569 3661 830 3727 fratrem
864 3660 1171 3728 Savinum
1204 3681 1582 3729 conversum
1613 3662 1770 3729 dicti
1803 3660 2085 3749 Ordinis,
2122 3661 2246 3728 Dei
2296 3660 2520 3726 timore

262 3768 618 3856 postposito
634 3775 716 3848 ‚et
746 3789 982 3854 amore,
1013 3768 1312 3835 atrociter
1345 3769 1732 3857 verberavit,
1765 3769 1933 3837 alias
1967 3767 2272 3854 predictis
2311 3767 2547 3834 fratri--

264 3875 390 3942 bus
421 3875 708 3961 dampna
740 3880 804 3942 et
832 3875 1102 3944 iniurias
1133 3896 1264 3942 non
1294 3876 1547 3943 modica
1564 3875 1927 3963 inferendo,
1960 3883 2181 3943 contra
2202 3895 2312 3942 eos
2331 3874 2523 3942 factis

264 3982 547 4050 diversis
577 3984 1012 4069 processibus,
1047 3990 1113 4051 et
1143 3990 1372 4051 contra
1404 3990 1690 4052 tenorem
1722 3982 2215 4070 privilegiorum
2264 4002 2523 4050 suorum

263 4092 782 4177 Apostolicorum
814 4094 1086 4160 diversis
1136 4091 1871 4159 excommunicationum
1935 4091 2268 4159 sententiis
2300 4097 2527 4157 contra

263 4200 575 4269 iustitiam
638 4198 999 4267 fulminatis
1061 4201 1128 4266 in
1177 4200 1390 4266 anime
1452 4219 1567 4266 sue
1628 4198 1985 4284 periculum
2006 4251 2027 4286 ,
2095 4204 2158 4264 et
2206 4197 2523 4263 dictorum

264 4305 509 4373 Prioris
559 4313 625 4373 et
654 4306 951 4373 Fratrum
983 4328 1111 4373 non
1143 4305 1465 4372 modicam
1496 4306 1823 4392 iniuriam,
1844 4303 2269 4391 preiudicium
2290 4308 2353 4367 et
2384 4321 2551 4385 gra·-

265 4434 520 4483 vamen.
551 4416 686 4481 Nos
718 4416 914 4498 igitur
944 4415 1268 4483 hiusmodi
1318 4414 1706 4499 gravamina
1744 4413 2180 4499 predictorum
2253 4410 2523 4478 fratrum

268 4531 333 4590 et
365 4521 656 4607 iniurias,
690 4523 745 4589 si
776 4523 1049 4589 veritate
1081 4520 1389 4609 nitantur,
1423 4528 1985 4606 quantumcunque
2018 4519 2183 4586 foret
2213 4518 2337 4604 ipsi
2369 4518 2525 4605 Epi·

270 4652 469 4719 scopo
521 4629 976 4715 deferendum,
1040 4631 1331 4697 nolentes
1393 4630 1510 4697 sub
1577 4628 2038 4712 equanimitate
2085 4627 2379 4713 transire,
2441 4646 2550 4694 ue*
