3319 5249
1795 337 1920 401 128

1795 867 1904 934 84.

697 1066 783 1132 ,Α
814 1068 1293 1155 sz.jcinosrendi
1341 1067 1733 1151 kormdnyzd
1781 1066 2141 1133 tandcsnak
2189 1064 2634 1130 Pescheniohdt
2682 1086 2744 1130 es
2782 1063 2989 1150 Lyke-

629 1177 638 1186 '
690 1171 884 1242 ·ηἷΙοεί
933 1177 1242 1262 tdrqyazd
1291 1176 1656 1260 adoma'nya
1704 1173 2058 1271 Peroht’nus
2108 1194 2305 1238 comes
2367 1174 2432 1237 6³
2480 1176 2733 1238 termes-e
2778 1169 2987 1236 Antal

1576 1285 1890 1348 sza'mdra.
1941 1279 2133 1347 1275.

935 1495 1071 1562 Nos
1111 1491 1315 1559 frater
1343 1491 1624 1559 Poncius
1679 1489 1763 1558 de
1795 1490 1986 1574 Fayn
2017 1491 2330 1575 Magister
2358 1492 2711 1557 Domorum
2746 1486 2984 1576 Hospi-

716 1600 869 1668 talis
902 1601 1126 1669 Sancti
1158 1597 1482 1667 Johannis
1536 1596 2082 1666 lherosolimitani
2134 1617 2255 1684 per
2284 1597 2643 1680 Vngariam
2698 1602 2764 1663 et
2795 1596 2982 1663 Sola·

717 1708 938 1774 uonim
989 1708 1427 1792 significamus
1477 1707 1802 1773 vniuersis
1854 1705 2088 1787 quibus
2136 1701 2420 1791 expedit,
2467 1702 2640 1787 quod
2676 1724 2796 1771 nos
2829 1722 2982 1770 cum

715 1817 1041 1882 vniuersis
1092 1815 1400 1882 fratribus
1450 1814 1692 1880 nostris
1743 1815 1810 1878 in
1843 1813 2149 1897 Capitulo
2187 1819 2411 1879 nostro
2464 1812 2532 1878 in
2566 1812 2668 1878 die
2697 1813 2980 1878 Assoen·

693 1923 925 1988 *sionis
957 1924 1222 1990 Domini
1274 1923 1341 1987 in
1376 1920 1629 2005 Chorgo
1681 1919 2010 1987 celebrato
2062 1920 2394 1987 nobiscum
2450 1917 2975 2000 consedentibus,

718 2011 1034 2095 videlieet
1076 2031 1277 2096 fratre
1310 2030 1537 2112 Vgone
1588 2025 1878 2111 Boraldy
1927 2029 2313 2113 Preceptore
2365 2027 2447 2094 de
2482 2026 2740 2112 Ghorgo
2791 2034 2856 2094 et
2893 2027 2979 2094 de

713 2136 1087 2203 Vduorheel
1142 2156 1221 2202 ao
1271 2124 1449 2203 vices
1512 2142 1764 2202 nostras
1826 2141 2133 2220 gerente,
2186 2134 2387 2200 fratre
2455 2134 2830 2220 Gvyllermo
2894 2132 2979 2200 de

718 2247 956 2313 Sancto
987 2245 1191 2311 Paulo
1223 2245 1610 2329 Preeeptore
1645 2243 1728 2308 de
1762 2239 2096 2326 Ghyehan,
2146 2241 2346 2309 fratre
2375 2243 2603 2324 Vgone
2642 2241 2725 2307 de
2754 2242 2979 2309 Monte

722 2351 916 2417 Claro
967 2352 1352 2436 Preeeptore
1402 2349 1484 2416 de
1536 2349 1745 2435 Alba,
1799 2348 1997 2415 fratre
2046 2349 2404 2432 Margarita
2452 2350 2843 2434 Preeeptore
2893 2348 2980 2415 (16

718 2460 919 2545 Bela,
967 2460 1167 2526 fratre
1208 2459 1400 2526 Petro
1434 2457 1792 2524 Ymbertho
1832 2458 2220 2541 Preceptore
2271 2457 2353 2525 de
2402 2457 2663 2542 Zyrak,
2709 2463 2775 2524 et
2823 2455 2982 2540 alijs

695 2587 916 2651 -quam
950 2566 1273 2653 plurimis,
1321 2565 1751 2641 consideratis
1803 2564 2273 2650 multiplicibus
2325 2564 2620 2650 seruicijs
2671 2570 2739 2632 et
2769 2562 2978 2630 fideli·

718 2676 841 2742 bus
873 2674 1140 2741 Comitis
1173 2673 1487 2759 Perohyni
1510 2724 1529 2757 ,
1580 2674 1937 2739 Potestatis
1986 2672 2069 2738 de
2109 2674 2326 2739 Monte
2366 2672 2693 2757 Greeensi,
2745 2678 2812 2738 et
2840 2670 2976 2736 An-

720 2782 927 2866 thonij
966 2781 1191 2849 fratris
1227 2782 1347 2866 sui,
1380 2802 1504 2863 que
1535 2780 1774 2847 Domui
1805 2788 2023 2847 nostre
2054 2780 2126 2845 in
2157 2780 2439 2846 diuersis
2474 2777 2979 2846 necessitatibus

717 2889 995 2955 fideliter
1025 2887 1498 2974 impenderunt,
1551 2896 1613 2953 et
1644 2887 1993 2954 intendunt
2038 2884 2417 2971 impendere
2446 2886 2514 2951 in
2547 2885 2853 2971 futurum,
2906 2888 2980 2953 in

719 2998 953 3079 quibus
1000 2995 1198 3079 ijdem
1232 3016 1349 3080 pro
1399 2995 1641 3062 honore
1691 2994 2096 3062 et.1ibertate
2126 2995 2373 3060 Domus
2419 3000 2636 3061 nostre
2687 2993 2976 3060 laborem

699 3123 905 3171 suum
939 3103 1308 3169 continuum
1360 3101 1824 3187 expenderunt,
1880 3122 2004 3186 que
2038 3102 2093 3167 si
2128 3102 2347 3186 precio
2399 3098 2777 3167 debuissent
2810 3119 2981 3165 oom-

717 3212 967 3295 parari,
1017 3230 1159 3276 cum
1216 3209 1589 3294 quingentis
1639 3212 1874 3276 mareis
1903 3211 2169 3276 ,Domus
2219 3215 2446 3275 nostra
2495 3208 2812 3293 potuisset
2862 3207 2979 3272 mi·

717 3318 887 3383 nime
919 3337 1372 3402 comparasse3
1421 3317 1740 3400 quasdam
1791 3326 1996 3383 terras
2028 3318 2281 3383 Domus
2322 3321 2561 3400 nostre,
2613 3334 2858 3381 vacuas
2912 3323 2977 3381 et

693 3427 908 3510 >quasi
939 3423 1262 3508 desertas,
1310 3425 1539 3508 Mynor
1568 3421 2037 3510 Peschenyeha
2068 3428 2132 3487 et
2161 3419 2470 3507 Lykenik
2503 3427 2794 3507 vocatas,
2827 3441 2977 3488 cum

717 3534 1011 3601 omnibus
1045 3531 1433 3599 vtilitatibus
1467 3538 1529 3596 et
1562 3530 1989 3615 pertinencijs
2022 3527 2402 3614 earundem;
2452 3548 2723 3613 quarum
2755 3547 2973 3614 vnam,

709 3640 1016 3710 videlicet
1045 3640 1276 3723 Mynor
1304 3636 1789 3722 Peschenyeha,
1833 3634 2044 3702 Borch
2080 3644 2145 3702 et
2176 3637 2430 3722 Zloyna
2481 3656 2624 3702 cum
2658 3635 2976 3702 fratribus

713 3770 932 3819 eorum
968 3768 1047 3815 ex
1076 3752 1265 3831 parte
1293 3746 1538 3811 Domus
1573 3752 1795 3812 nostre
1828 3743 2155 3826 quondam
2193 3749 2579 3827 tenuerant,
2623 3740 2705 3809 de
2738 3742 2976 3827 quibus

712 3860 960 3926 Domus
991 3862 1214 3922 nostra
1247 3855 1361 3919 uix
1393 3854 1731 3919 annuatim
1764 3854 1954 3920 vuius
1990 3872 2205 3918 maroe
2239 3851 2517 3918 reditum
2551 3851 2974 3937 percipiebat,

689 3963 1042 4048 -dedimus,
1092 3959 1479 4027 contulimus
1533 3964 1597 4026 et
1645 3956 2028 4025 tradidimus
2078 3956 2208 4044 ipsi
2256 3957 2492 4024 Comiti
2538 3958 2858 4026 Perohino
2910 3967 2977 4028 et

710 4067 899 4136 fratri
945 4090 1061 4136 suo
1097 4067 1444 4146 antedicto,
1493 4074 1559 4133 et
1590 4086 1708 4152 per
1740 4087 1852 4133 eos
1891 4087 2110 4134 eorum
2150 4064 2500 4133 heredibus
2534 4066 2976 4153 heredumque

712 4174 1194 4242 successoribus
1243 4176 1383 4241 iure
1413 4174 1594 4240 feudi
1625 4175 2092 4261 perpetualiter
2122 4174 2582 4261 possidendas,
2630 4183 2827 4262 pacto
2858 4175 2973 4243 hu·

710 4279 986 4346 iusmodi
1025 4280 1412 4349 interiecto:
1467 4280 1641 4366 quod
1690 4280 1873 4347 nulla
1902 4281 2228 4369 possimus
2278 4281 2362 4348 ab
2394 4282 2643 4350 eisdem
2693 4291 2759 4350 et
2787 4282 2971 4352 here·

692 4385 901 4452 -dibus
954 4406 1173 4454 eorum
1222 4387 1288 4452 in
1339 4385 1624 4454 futurum
1674 4388 1927 4456 auferre
1977 4388 2279 4476 racione,
2329 4389 2454 4456 nisi
2490 4390 2557 4455 in
2611 4388 2969 4458 manifesta

712 4492 1097 4560 infidelitate
1128 4499 1353 4561 contra
1379 4494 1654 4561 Domum
1691 4501 1977 4562 nostram
2008 4502 2378 4583 perpetrata
2405 4504 2803 4583 notarentur,
2849 4518 2974 4566 nee

689 4600 922 4666 -eciam
953 4619 1069 4688 per
1099 4620 1536 4671 successorem
1585 4607 1876 4671 nostrum
1915 4605 2324 4688 aliquatenus
2363 4606 2573 4690 possit
2605 4606 2971 4674 retraetari.
