3319 5249
1471 404 1600 467 293

407 601 814 692 presencium
843 603 1140 668 volumus
1169 602 1544 687 peruenire3
1589 597 1765 681 qnod
1796 598 2031 668 Petrus
2063 600 2301 681 Banns,
2334 601 2399 663 et
2426 596 2654 664 Comes

407 715 655 781 Kemen
702 712 821 797 filij
868 710 1141 777 Comitis
1172 709 1507 778 Benedicti
1539 706 1765 778 fideles
1792 710 1997 778 nostri
2030 706 2114 776 ad
2148 711 2436 774 nostram
2467 723 2650 776 acce·

405 822 634 888 dentes
665 817 1062 905 presenciam
1094 818 1285 886 nobis
1319 817 1688 903 significare
1718 823 2121 902 curauerunt.,
2171 812 2340 901 quod
2370 814 2648 899 quedam

404 928 734 1013 possessio
766 925 985 1012 Gayul
1021 931 1270 1007 uocata,
1293 945 1419 1009 que
1449 925 1605 991 olim
1639 925 2118 1011 progenitorum
2140 942 2398 991 suorum
2420 922 2648 1009 fuerat,

404 1042 492 1103 ab
524 1036 688 1123 ipsis
717 1055 847 1103 non
881 1034 1280 1118 exigentibus
1311 1034 1523 1118 culpis
1556 1033 1711 1113 suis,
1744 1032 1862 1100 sed
1893 1032 2342 1120 potencialiter
2362 1030 2650 1099 indebite

402 1146 638 1213 fuisset
686 1143 974 1210 alienata
1026 1148 1089 1208 et
1120 1147 1475 1227 occupata-3
1510 1148 1804 1226 petentes
1836 1161 1879 1206 a
1910 1142 2096 1209 nobis
2129 1159 2270 1207 eum
2303 1139 2647 1226 instancia,

404 1264 475 1322 vt
525 1255 739 1339 ipsam
792 1252 1260 1340 possessionem
1314 1250 1527 1335 Gayul
1577 1251 1822 1318 eisdem
1879 1249 2142 1317 reddere
2197 1257 2261 1317 et
2308 1250 2648 1318 restituere

403 1364 838 1447 dignaremur.
882 1360 1119 1427 Verum
1153 1359 1306 1444 quia
1339 1359 1679 1444 vnicuique
1711 1362 1775 1426 in
1812 1380 1931 1427 sua
1963 1359 2224 1427 iusticia
2257 1359 2487 1425 deesse
2518 1379 2648 1425 non

400 1472 748 1553 debemus;
796 1468 1094 1535 fidelibus
1142 1467 1382 1535 nostris
1426 1467 1728 1551 Capitulo
1762 1467 2174 1535 Cbasmensis
2207 1468 2504 1534 Ecclesie
2534 1486 2646 1533 no·

400 1578 560 1647 stris
585 1575 971 1644 dederamus
990 1576 1223 1643 litteris
1245 1576 1307 1642 in
1333 1575 1758 1661 mandatis,ut
1779 1597 1922 1642 eum
1944 1576 2241 1643 Johanne
2262 1575 2394 1642 filio
2416 1574 2649 1662 Gugye

399 1686 664 1753 homine
684 1693 901 1753 nostro
938 1684 1371 1753 testimonium
1413 1683 1693 1770 ipsorum
1717 1686 2047 1751 mitterent
2082 1684 2498 1770 fidedignum‚
2542 1704 2646 1750 co·

401 1815 543 1862 ram
562 1813 688 1877 quo
706 1792 875 1859 idem
895 1791 1086 1860 homo
1107 1802 1322 1860 noster
1340 1792 1698 1878 predictam
1722 1793 2195 1878 possessionem
2211 1792 2426 1878 Gayul
2447 1811 2647 1858 ream·

400 1903 655 1969 bularet
689 1901 1092 1988 presentibus
1126 1901 1584 1968 commetaneis
1617 1908 1682 1966 et
1714 1901 1965 1985 vicinis,
1999 1907 2065 1966 et
2104 1900 2473 1968 restitueret
2525 1900 2646 1967 eis·

396 2011 549 2077 dem
596 2013 653 2077 si
702 2030 833 2076 non
887 2012 1069 2076 fieret
1118 2009 1605 2092 contradictum,
1658 2010 2172 2077 contradictores
2229 2030 2401 2093 vero,
2446 2008 2647 2093 siqui

398 2119 650 2204 fierent,
671 2117 758 2184 ad
787 2123 1070 2185 nostram
1103 2118 1334 2185 citaret
1366 2116 1776 2203 presenciam
1811 2116 1896 2183 ad
1929 2117 2270 2184 terminum
2303 2125 2646 2203 conpeten-

400 2236 551 2293 tem.
606 2226 738 2308 Qui
787 2226 1194 2312 postmodum
1246 2225 1431 2293 nobis
1484 2227 1988 2311 rescripserunt,
2042 2226 2216 2309 quod
2265 2225 2649 2294 conuocatis

400 2334 860 2402 commetaneis
914 2343 976 2402 et
1028 2333 1279 2419 vicinis,
1334 2341 1398 2400 et
1447 2333 1706 2400 nemine
1757 2334 2230 2401 contradictore
2293 2341 2648 2420 apparente

400 2443 569 2510 idem
624 2443 814 2510 homo
876 2450 1093 2509 noster
1154 2440 1506 2526 predictam
1569 2441 2049 2528 possessiouem
2115 2441 2332 2529 Gayul
2397 2440 2641 2507 eisdem

398 2554 583 2620 Petro
632 2552 813 2618 Bano
866 2558 932 2617 et
985 2549 1216 2617 Comiti
1262 2552 1506 2618 Kemen
1539 2550 1896 2617 statuisset.
1931 2550 2168 2618 Cursus
2200 2557 2413 2617 antem
2449 2556 2645 2616 meta·

399 2682 539 2727 rum
571 2672 743 2728 terre
772 2681 882 2727 seu
917 2659 1346 2746 possessionis
1397 2657 1731 2745 sepedicte
1763 2660 1920 2726 talis
1952 2667 2067 2744 est,
2103 2659 2267 2726 sicut
2301 2661 2366 2725 in
2397 2658 2645 2744 predic-

397 2771 481 2836 tis
527 2768 771 2836 litteris
821 2768 1131 2836 contineri
1183 2769 1500 2837 vidimus:
1551 2769 1788 2854 Incipit
1838 2769 2010 2835 enim
2060 2767 2270 2852 prima
2320 2773 2495 2835 meta
2534 2767 2644 2834 vbi

401 2877 748 2961 Mogoroeh
789 2879 1031 2965 potoka
1078 2877 1257 2945 cadit
1298 2880 1364 2944 in
1400 2878 1664 2943 fluuium
1700 2877 2092 2962 Sopluncba,
2126 2883 2189 2943 et
2219 2897 2334 2963 per
2368 2876 2643 2944 eundem

401 2986 751 3072 Mogoroch
784 2984 991 3053 tendit
1023 3006 1227 3072 supra
1261 3004 1463 3069 usque
1495 2991 1711 3070 caput,
1737 2992 1802 3050 et
1833 2985 2132 3053 ascendit
2162 2985 2248 3052 ad
2279 3005 2471 3052 unam
2504 2985 2641 3051 val-

394 3094 523 3161 lem
572 3114 699 3178 qne
750 3105 1017 3162 vocatur
1061 3094 1395 3177 Zuhodol;
1450 3099 1515 3159 et
1564 3092 1655 3159 ibi
1685 3092 1867 3159 eadit
1896 3094 1981 3160 ad
2015 3114 2318 3178 magnam
2351 3093 2543 3179 viam,
2577 3099 2645 3162 et

395 3202 691 3270 ascendit
740 3202 808 3268 in
856 3201 1081 3269 eadem
1134 3202 1244 3270 uia
1291 3220 1406 3288 per
1455 3202 1780 3268 modicum
1831 3208 2163 3288 spacium;
2217 3201 2457 3270 deinde
2508 3201 2643 3268 exit

396 3310 592 3390 uiam,
648 3316 714 3375 et
763 3311 974 3376 tendit
1024 3307 1109 3376 ad
1138 3318 1389 3396 partem
1423 3309 1802 3376 orientalem
1834 3308 2004 3378 inter
2035 3309 2270 3376 siluam
2301 3317 2363 3374 et
2394 3309 2640 3394 vineas,

394 3417 504 3484 vbi
555 3420 773 3501 tangit
821 3425 1031 3486 metas
1085 3419 1175 3486 St.
1228 3419 1454 3505 Borch,
1506 3426 1569 3485 et
1597 3417 1871 3485 tendens
1902 3417 2082 3484 eirca
2114 3424 2319 3484 metas
2352 3416 2642 3484 einsdem

398 3526 489 3592 St.
512 3547 628 3612 per
657 3528 919 3610 longum
962 3526 1252 3613 spacium
1287 3527 1581 3614 peruenit
1612 3526 1699 3593 ad
1735 3527 2028 3602 arborem
2071 3536 2366 3593 vocatam
2402 3524 2546 3614 (lgy
2575 3524 2638 3614 ?)

396 3638 463 3701 et
510 3634 665 3702 inde
715 3635 897 3702 vadit
930 3635 1014 3700 ad
1046 3656 1350 3719 magnam
1386 3634 1581 3722 viam,
1614 3636 1722 3701 vbi
1759 3637 1968 3718 tangit
2000 3642 2204 3702 metas
2238 3642 2406 3703 terre
2439 3635 2638 3719 Sau13

394 3742 632 3809 deinde
665 3742 944 3811 tendens
977 3744 1045 3809 in
1082 3743 1309 3811 eadem
1339 3744 1447 3810 via
1498 3765 1615 3828 per
1649 3744 1909 3827 longum
1945 3744 2236 3830 spacium
2269 3743 2356 3810 ad
2387 3751 2638 3829 partem

392 3851 775 3918 orientalem
825 3851 1118 3936 peruenit
1168 3853 1254 3920 ad
1307 3854 1570 3919 arbores
1621 3873 1745 3936 que
1781 3856 2246 3942 meyieharasta
2281 3859 2636 3935 vocantur3

395 3957 633 4025 deinde
666 3961 798 4027 exit
830 3958 911 4026 de
943 3965 1407 4051 meqieharasta
1440 3971 1503 4029 et
1536 3962 1715 4027 cadit
1745 3962 1809 4027 in
1846 3969 2041 4048 caput
2073 3960 2405 4028 cuiusdam
2435 3960 2638 4048 fluuij,

390 4069 503 4152 qui
554 4074 823 4135 uocatur
873 4069 1413 4156 Megyepotboka,
1470 4078 1533 4136 et
1584 4093 1697 4156 per
1748 4071 2022 4136 eundem
2076 4070 2341 4137 fluuium
2379 4069 2636 4137 descen-

390 4176 610 4243 dendo
660 4176 837 4243 cadit
886 4179 974 4244 ad
1024 4179 1289 4245 fluuium
1348 4180 1674 4247 Desinche
1728 4179 2055 4265 minorem,
2091 4187 2154 4245 et
2204 4201 2318 4266 per
2368 4179 2641 4245 eundem

393 4282 847 4355 descendendo
899 4287 1074 4354 cadit
1124 4290 1209 4356 ad
1260 4289 1523 4355 fluuium
1575 4288 1969 4375 Sopluncba,
2020 4289 2128 4356 vbi
2187 4289 2395 4373 tangit
2436 4294 2642 4356 metas

390 4399 564 4459 terre
613 4394 793 4461 Petri
843 4396 957 4483 filij
1011 4397 1347 4466 Benedicti
1395 4398 1621 4464 Pukur
1673 4406 1920 4484 vocate,
1968 4403 2032 4462 ct
2080 4397 2476 4465 descendens
2523 4419 2638 4484 per

390 4503 666 4569 eundem
686 4503 952 4574 fluuium
986 4507 1357 4592 Sopluncha
1389 4509 1688 4593 peruenit
1722 4508 1809 4574 ad
1840 4508 2115 4594 priorem
2149 4512 2403 4592 metam,
2423 4506 2640 4590 ibique

386 4611 793 4678 terminatur.
844 4612 979 4680 Nos
1028 4613 1270 4700 itaque,
1308 4617 1496 4689 ,cuius
1528 4615 1856 4702 proprium
1892 4621 2009 4702 est,
2046 4614 2387 4697 vnicuique
2421 4614 2488 4679 in
2522 4635 2639 4682 suo

382 4716 531 4803 jure
564 4720 792 4790 deesse
822 4743 951 4790 non
981 4719 1315 4811 debemus,
1352 4731 1419 4792 et
1448 4725 1820 4812 specialiter
1854 4724 1998 4809 hijs,
2036 4743 2308 4809 quorum
2343 4743 2423 4790 ex
2453 4729 2639 4808 parte
