3319 5249
1783 257 1907 323 104

711 455 945 527 derunt
995 459 1310 544 Magistro
1362 456 1674 525 Ladizlao
1733 477 1849 543 pro
1899 458 2182 543 quinque
2232 463 2470 529 marcis
2520 463 2634 528 fini
2685 462 2971 549 argenti,

713 569 1170 656 possidendam
1206 574 1542 654 perpetue,
1592 568 1941 635 tenendam
1978 576 2043 635 et
2074 569 2485 655 habendam;
2533 571 2655 638 hoc
2686 571 2969 657 adiecto,

714 678 885 762 quod
918 678 973 744 si
1008 679 1140 744 ullo
1190 697 1493 760 umquam
1545 684 1830 763 tempore
1870 697 1990 761 pro
2020 678 2169 763 ipsa
2202 686 2373 745 terra
2420 688 2643 747 contra
2690 680 2971 747 eundem

713 787 1092 871 Magistrum
1128 786 1525 871 Ladizlaum,
1576 807 1692 854 scu
1745 787 1912 873 illos,
1959 787 2193 872 quibus
2245 788 2387 873 ipse
2418 796 2654 856 terram
2688 788 2967 856 eandem

713 897 1127 984 relinqueret,
1179 897 1286 962 uel
1317 895 1625 981 donaret,
1673 895 1951 963 suboriri
2002 895 2406 980 contingeret
2439 898 2729 982 aliquam
2763 904 2967 964 mate-

605 1060 612 1067 .
712 1005 875 1071 riam
927 1003 1286 1090 questionis
1307 1056 1326 1091 ‚
1371 1002 1511 1071 siue
1560 1023 1678 1089 per
1716 1003 1974 1086 aliquos
2008 1003 2090 1071 de
2120 1006 2617 1089 consanquineis
2650 1006 2969 1092 predicto-

714 1135 874 1201 rum,
927 1113 1065 1181 siue
1098 1133 1219 1198 per
1250 1111 1416 1178 alios
1448 1117 1830 1196 extraneos3
1879 1112 2239 1198 supradicti
2275 1119 2647 1181 tenerentur
2697 1115 2970 1182 eundem

712 1221 1090 1307 Magistrum
1111 1219 1636 1304 Ladizlaum‚uel
1668 1219 1835 1306 illos,
1861 1221 2094 1302 quibus
2128 1220 2340 1306 ipsam
2373 1230 2614 1289 terram
2649 1225 2973 1307 relinque-

715 1337 854 1417 ret,
903 1331 1038 1396 suis
1071 1327 1402 1394 laboribus
1455 1333 1520 1393 et
1551 1327 1916 1413 sumptibus
1951 1328 2034 1394 ab
2069 1330 2244 1397 omni
2276 1330 2391 1397 lite
2424 1331 2751 1419 expedire,
2785 1339 2850 1399 et
2882 1332 2973 1397 ad

717 1438 837 1504 hoc
886 1437 1260 1523 specialiter
1307 1457 1380 1503 sc
1431 1455 1645 1503 coram
1696 1437 1887 1503 nobis
1937 1436 2416 1522 obligauerunt.
2474 1440 2706 1505 Totum
2765 1440 2974 1506 eciam

715 1547 1003 1631 precium
1037 1546 1325 1630 predicte
1357 1551 1526 1612 terre
1566 1544 1929 1631 Homodcy,
1964 1545 2159 1630 Petri,
2195 1546 2524 1633 NycolaiJ,
2556 1546 2807 1632 Lazari,
2843 1547 2975 1614 Lu-

715 1653 924 1721 chack
956 1660 1020 1719 et
1038 1652 1422 1739 Alexandri,
1448 1651 1571 1720 fuit
1600 1652 1696 1719 eis
1728 1672 1947 1719 coram
1981 1652 2166 1720 nobis
2200 1675 2318 1739 per
2350 1655 2560 1740 ipsum
2581 1656 2971 1738 Magistrum

716 1758 1093 1829 Ladizlaum
1146 1762 1440 1846 plenarie
1471 1760 1893 1845 persolutum.
1939 1761 2043 1826 Ad
2074 1760 2198 1828 hec
2229 1762 2549 1847 sepedicti
2580 1761 2974 1850 Homodeus,

715 1874 961 1955 Petrus,
991 1870 1342 1956 Nycolaus,
1394 1871 1702 1953 Lazarus,
1752 1868 2065 1938 Luchack
2119 1878 2181 1935 et
2212 1869 2585 1936 Alexander
2635 1871 2970 1955 obligaue-

715 1987 864 2044 runt
913 1998 984 2045 se
1033 1976 1414 2042 nominatim
1465 1995 1580 2061 pro
1630 1977 1884 2042 Potuna
1936 1983 2003 2043 et
2050 1976 2385 2062 Stephano
2438 1977 2590 2062 filijs
2641 1978 2817 2045 Luce
2852 1980 2970 2045 Co-

719 2086 910 2170 mitis,
943 2084 1117 2169 quod
1149 2084 1274 2168 ipsi
1307 2086 1564 2150 Potuna
1595 2091 1658 2149 ct
1677 2084 2049 2168 Stephanus
2082 2085 2535 2152 uendicionem
2568 2085 2698 2151 iam
2732 2086 2980 2153 factam

720 2201 926 2261 ratam
963 2198 1027 2256 et
1056 2191 1306 2256 firmam
1342 2190 1691 2277 haberent;
1740 2195 1806 2257 et
1837 2191 1890 2257 si
1922 2190 2058 2258 ullo
2091 2212 2397 2275 umquam
2430 2200 2719 2278 tempore
2747 2202 2981 2260 contra

719 2301 1101 2386 Magistrum
1137 2297 1538 2384 Ladizlaum,
1585 2300 1694 2365 uel
1747 2299 1921 2388 illos,
1969 2301 2207 2384 quibus
2257 2302 2467 2386 ipsam
2509 2308 2751 2367 terram
2782 2301 2977 2368 relin-

719 2417 964 2495 queret,
1015 2407 1121 2473 uel
1161 2407 1469 2493 donaret,
1527 2407 1726 2491 ijdem
1758 2408 2012 2475 Potuna
2061 2414 2126 2474 et
2159 2408 2491 2494 Stephanu
2526 2410 2815 2492 aliquam
2845 2430 2980 2473 ma·

721 2519 955 2586 teriam
1007 2523 1340 2584 mouerent
1390 2516 1770 2602 questionis,
1818 2516 1948 2602 ipsi
1997 2517 2314 2601 eundem,
2363 2517 2471 2581 uel
2521 2515 2821 2600 eosdem,
2870 2517 2982 2599 qui

720 2628 849 2695 sibi
881 2624 1302 2693 succederent
1339 2626 1406 2692 in
1442 2624 1736 2710 predicta
1768 2635 1963 2709 terra,
2013 2626 2262 2708 absque
2293 2626 2469 2691 omni
2501 2624 2984 2707 inquietacione

721 2740 1095 2806 tenerentur
1143 2733 1469 2820 expedire.
1551 2736 1636 2800 Vt
1688 2733 1889 2818 igitur
1950 2735 2066 2813 hec
2118 2734 2358 2818 emptio
2413 2734 2610 2800 robur
2659 2734 2983 2800 firmitatis

721 2845 1043 2927 obtineat;
1093 2849 1425 2929 presentes
1478 2843 1732 2908 litteras
1789 2841 2223 2908 concessimus
2274 2841 2494 2924 sigillo
2537 2847 2761 2908 «nostro
2816 2862 2984 2907 com-

723 2955 1005 3021 munitas
1053 2952 1360 3035 Magistro
1413 2950 1748 3018 Ladizlao.
1813 2951 2056 3017 Datum
2107 2970 2278 3017 anno
2315 2948 2578 3016 Domini
2630 2948 2983 3016 millesimo

724 3061 1065 3127 CC⁰LXX⁰
1100 3067 1355 3142 quarto·

893 3240 993 3303 (ΑΖ
1020 3240 1228 3290 eredeti
1256 3237 1388 3289 utini
1421 3240 1610 3290 Knauz
1639 3235 1879 3306 Naudor,
1914 3241 2140 3304 Magyar
2168 3240 2299 3290 sion
2330 3240 2432 3289 111.
2464 3239 2574 3289 kot.
2609 3240 2724 3288 206.
2754 3239 2812 3303 l.)
