3319 5249
1842 267 1972 333 376

789 488 931 534 cum
965 466 1248 533 exercitu
1281 485 1542 551 magno,
1566 473 1630 531 et
1655 486 1799 531 cum
1831 464 2085 532 vexillis
2120 467 2322 533 eciam
2356 464 2632 534 eleuatis
2662 467 3001 549 hostiliter3

793 583 859 644 et
888 598 1004 663 per
1035 576 1199 642 duas
1232 574 1392 653 dies,
1426 580 1490 640 et
1519 574 1668 660 plus
1698 575 1995 659 guastum
2017 574 2307 643 fecerunt
2337 576 2402 641 in
2438 578 2686 664 campis
2715 577 2779 642 in
2811 575 3004 642 vineis

792 684 1117 770 Tragurij,
1168 690 1504 751 mettentes
1555 682 1762 751 eciam
1814 683 2097 769 bladum,
2132 689 2199 749 et
2232 704 2419 750 omne
2450 687 2691 752 malum
2723 684 2891 768 quod
2919 683 3004 748 fa-

790 813 934 860 cere
965 800 1322 879 potuerunt.
1356 792 1538 859 Vnde
1571 793 1659 858 ad
1691 792 2009 858 cautelam
2055 791 2418 859 Communis
2449 793 2744 877 Tragurij
2782 791 3006 858 factum

793 910 892 969 est
924 902 1157 968 exinde
1174 902 1296 967 hoc
1318 922 1584 987 presens
1604 900 1933 986 publicum
1972 902 2401 968 testimoniale
2433 902 2757 987 scriptum.
2790 901 3007 967 Actum

790 1011 1092 1094 Tragurij
1149 1017 1449 1097 presente
1501 1008 1761 1077 domino
1813 1010 2086 1076 Nicolao
2135 1009 2217 1075 de
2270 1010 2597 1095 Venecijs,
2628 1010 2833 1076 milite
2866 1008 3009 1075 dicti

791 1117 1038 1185 domini
1068 1118 1452 1201 Potestatis;
1486 1118 1799 1203 Magistro
1832 1120 2084 1184 Marino
2118 1118 2428 1201 Giurgino
2461 1118 2541 1183 de
2573 1119 2795 1202 Jadra,
2816 1115 3009 1182 Adam

794 1226 1134 1310 Salmario‚
1185 1228 1450 1293 Alberto
1502 1226 1583 1293 de
1634 1224 1861 1294 Padua
1904 1226 2288 1293 Tabellione
2308 1278 2323 1309 ,
2385 1226 2646 1294 Simone
2697 1224 3010 1311 quondam

721 1344 731 1367 “·
795 1335 1031 1401 Marini
1086 1334 1378 1419 Comitis,
1428 1334 1715 1400 Mattheo
1768 1335 1848 1400 de
1894 1334 2144 1400 Pasche
2194 1333 2564 1402 Camerario
2582 1388 2601 1422 ,
2654 1344 2719 1403 et
2767 1334 3012 1401 domino

797 1445 1008 1509 Dessa
1042 1443 1306 1529 Dnymi,
1341 1451 1403 1509 et
1434 1443 1694 1509 domino
1726 1442 2003 1510 Nicolao
2027 1444 2285 1511 Casocti
2314 1443 2875 1510 examinatoribus.

1006 1552 1147 1633 Ego
1197 1551 1505 1617 Nicolans
1547 1551 1823 1616 Kasotto
1856 1551 2261 1617 examinator
2292 1570 2550 1618 manum
2582 1570 2793 1618 meam
2827 1552 3014 1617 mitto.

1008 1659 1147 1742 Ego
1199 1658 1523 1730 Santonus
1572 1657 2021 1743 Traguriensis
2063 1658 2325 1726 Juratus
2358 1666 2423 1727 et
2454 1659 2863 1726 confirmatus
2896 1659 3016 1723 No·

792 1766 995 1835 tarius
1044 1766 1276 1852 scripsi
1324 1766 1445 1832 hoc
1493 1767 2028 1852 instrumentum3
2083 1766 2235 1850 quia
2265 1767 2387 1854 hys
2440 1767 2733 1834 omnibus
2768 1772 3016 1851 rogatus

794 1875 1071 1961 interfui,
1104 1880 1170 1941 et
1199 1893 1341 1941 meo
1374 1874 1564 1942 solito
1594 1875 1780 1959 signo
1814 1875 2094 1961 signavi.

796 2091 1036 2155 (Lucius,
1083 2092 1341 2144 Memorio
1383 2093 1613 2144 storicho
1659 2093 1713 2143 di
1750 2094 1896 2143 Tran
1945 2095 2062 2144 115.
2108 2094 2181 2156 l.;
2220 2091 2499 2145 kivonatat
2547 2094 2686 2145 kbzli
2717 2093 2877 2159 Fejer
2903 2092 3021 2143 cod.

1505 2183 1654 2249 Dipl.
1691 2183 1811 2234 VII.
1839 2184 1953 2238 ket.
1980 2186 2030 2234 4.
2056 2200 2097 2234 r.
2128 2183 2245 2233 189.
2272 2184 2330 2249 l.)

1846 2994 1996 3059 269.

788 3194 905 3259 IV.
955 3194 1186 3260 La'szld
1234 3195 1456 3281 kirdly
1507 3197 1876 3280 vneye-riisiti
1925 3217 2089 3258 azon
2127 3196 2547 3281 eqyezkede'st,
2580 3199 2878 3284 ‘melylyel
2906 3196 3024 3261 An·

788 3304 1036 3368 thaletes
1087 3304 1349 3387 Isipnek
1388 3304 1493 3386 fia
1532 3304 1898 3388 Reqyoulch.
1930 3312 2094 3367 nevit
2125 3304 2401 3368 biwrtokcit
2432 3305 2653 3369 Jakab
2688 3306 3024 3372 mesternek

951 3435 993 3472 a
1026 3415 1269 3496 szepesi
1299 3414 1622 3497 ka'ptalan
1655 3413 2381 3477 olvasd-kanonokdnak
2417 3415 2653 3479 eladta.
2687 3416 2882 3482 1284.

997 3609 1342 3677 Ladizlaus
1389 3608 1514 3676 Dei
1559 3610 1787 3694 gracia
1855 3610 2223 3696 Hungarie,
2300 3610 2666 3697 Dalmacie,
2748 3612 3022 3694 Croacie‚

783 3723 1026 3799 Rame,
1077 3718 1337 3803 Ser-uie,
1387 3718 1701 3805 Gallicie,
1751 3717 2165 3804 Lodomerie,
2226 3719 2539 3786 Cumanie
2601 3720 3021 3805 Bulgarieque

781 3831 921 3896 Rex
981 3827 1273 3895 omnibus
1338 3826 1577 3894 Christi
1640 3828 1941 3894 fidelibus
2005 3834 2365 3913 presentem
2428 3829 2735 3912 paginam
2817 3831 3018 3913 inspe-

785 3939 984 4003 cturis
1008 3937 1290 4004 salntem
1311 3936 1377 4001 in
1414 3936 1699 4002 omnium
1731 3938 2081 4003 saluatore.
2116 3936 2342 4023 Regijs
2377 3937 2807 4022 beneplacitis
2861 3937 3017 4002 insu-

677 4072 683 4091 ·
784 4046 1015 4112 dantes
1067 4045 1298 4128 Regali
1350 4043 1616 4128 dignum
1670 4052 1771 4111 est
1817 4043 2206 4129 prouisionis
2257 4045 2482 4129 gracia
2525 4046 2863 4132 consolari,
2893 4063 3017 4127 pre·

781 4153 999 4221 sertim
1054 4174 1194 4219 cum
1245 4151 1364 4218 hoc
1408 4154 1488 4219 ab
1526 4150 1767 4219 eisdem
1803 4151 2054 4237 petitur,
2086 4151 2258 4236 quod
2290 4154 2593 4218 conuenit
2639 4152 2924 4238 equitati,
2957 4156 3015 4214 et

780 4284 821 4327 a
875 4261 1152 4329 racionis
1203 4261 1463 4327 tramite
1514 4283 1642 4328 non
1693 4260 2041 4327 discordat.
2074 4259 2179 4326 Ad
2210 4261 2649 4327 vniuersorum
2686 4261 2880 4346 igitur
2910 4279 3007 4325 no-

782 4371 997 4437 ticiam
1037 4372 1265 4437 harum
1300 4372 1466 4438 serie
1498 4372 1790 4438 volumus
1825 4371 2179 4455 peruenire,
2215 4371 2387 4454 quod
2440 4370 2753 4436 accedeus
2805 4369 2887 4435 ad
2919 4388 3016 4432 no·

781 4487 978 4546 stram
1015 4480 1412 4563 presenciam
1476 4480 1790 4564 Magister
1841 4480 2124 4546 Jacobns
2185 4480 2415 4544 Lector
2477 4479 2769 4546 Ecclesie
2804 4474 3011 4543 Sancti

779 4589 1041 4656 Martini
1091 4588 1173 4654 de
1207 4591 1471 4674 ScepuS,
1517 4589 1842 4657 Plebanus
1877 4588 1957 4654 de
1985 4588 2157 4653 Villa
2187 4589 2445 4673 Latina,
2477 4610 2607 4654 una
2640 4608 2782 4655 cum
2815 4583 3009 4651 fratri-
