3319 5249
1376 368 1509 435 229

306 570 440 635 alia
470 587 664 653 noua,
699 586 825 651 que
857 565 1153 653 distingit
1184 566 1352 633 inter
1380 573 1589 635 terras
1619 569 2000 654 populorum
2031 566 2332 652 Magistri
2356 572 2559 659 Moys,

308 675 754 760 Capitulorum
815 675 1338 760 wesprimiensis
1392 683 1458 742 et
1495 676 1817 744 Budensis
1850 676 1931 743 de
1965 676 2137 744 villis
2171 676 2404 762 Ozlar;
2451 677 2561 748 de·

307 784 456 850 inde
506 782 712 850 tendit
770 781 857 850 ad
915 789 1164 867 partem
1217 782 1688 850 occidentalem
1751 782 1839 850 ad
1895 804 2197 869 magnam
2249 784 2423 852 viam
2474 786 2560 852 ad

304 913 499 957 vnam
550 898 790 957 metam
843 897 1117 958 terream
1168 892 1538 977 antiquam,
1584 890 1770 958 iuxta
1800 912 1994 977 quam
2029 898 2127 958 est
2156 912 2367 976 noua,
2435 910 2561 975 que

306 998 605 1083 distingit
636 999 806 1065 inter
835 998 1210 1085 Magistrum
1244 998 1430 1086 Moys
1463 1006 1527 1064 et
1560 998 1928 1084 Capitulum
1951 999 2288 1083 Budense;
2321 997 2561 1064 abhinc

306 1106 511 1189 vergit
544 1128 662 1191 per
693 1107 959 1174 eandem
1015 1108 1186 1174 viam
1239 1127 1465 1176 versus
1497 1107 1833 1174 meridiem
1885 1105 1970 1173 ad
2019 1127 2216 1173 vnam
2246 1108 2559 1191 arborem,

305 1215 425 1279 sub
456 1233 591 1296 qua
623 1222 719 1280 est
751 1235 880 1281 vna
913 1221 1099 1281 meta*
1118 1216 1387 1298 antiqua
1441 1222 1503 1282 et
1536 1214 1673 1281 alia
1703 1235 1919 1299 noua;
1989 1213 2224 1283 deinde
2272 1214 2559 1301 procedit

304 1320 602 1387 similiter
632 1322 718 1388 ad
750 1330 999 1407 partem
1026 1321 1512 1390 meridionalem
1534 1374 1552 1409 ‚
1599 1331 1665 1390 et
1703 1323 1882 1390 vadit
1919 1324 2006 1390 ad
2038 1323 2330 1390 arborem
2363 1320 2555 1403 ilicis,

304 1429 421 1494 sub
450 1449 583 1512 qua
617 1436 765 1496 sunt
802 1436 971 1496 mete
1022 1429 1295 1522 antiqua
1345 1437 1409 1497 et
1457 1451 1666 1517 noua3
1717 1431 1869 1497 inde
1919 1428 2102 1497 vadit
2149 1427 2418 1496 inferius
2470 1427 2559 1494 ad

303 1538 614 1604 orientem
646 1538 731 1604 ad
765 1539 955 1605 finem
1005 1539 1160 1605 ville
1213 1537 1445 1623 Ozlar,
1494 1538 1604 1604 vbi
1655 1541 1774 1605 sub
1827 1541 2053 1605 arbore
2091 1537 2217 1624 piri
2250 1544 2350 1605 est
2381 1541 2556 1602 meta

304 1666 508 1730 noua;
561 1651 626 1712 et
658 1645 901 1713 abinde
937 1646 1113 1712 vadit
1144 1643 1413 1712 inferius
1449 1645 1750 1712 similiter
1796 1646 1884 1712 ad
1935 1645 2247 1712 orientem
2299 1642 2385 1711 ad
2416 1645 2551 1710 val-

302 1754 422 1820 lem
456 1753 744 1820 Borbath
761 1805 782 1840 ,
829 1755 937 1820 vbi
988 1759 1164 1821 meta
1196 1762 1402 1822 terrea
1435 1762 1534 1822 est
1573 1756 1844 1840 antiqua
1894 1762 1960 1822 et
2008 1754 2143 1820 alia
2173 1774 2346 1820 noua
2364 1805 2383 1838 ,
2431 1771 2554 1833 que

302 1867 609 1945 separant
646 1862 909 1946 populis
942 1861 1387 1947 Capitulorum
1421 1861 1741 1929 Budensis
1779 1869 1844 1927 et
1875 1859 2403 1947 Wesprimiensis
2422 1910 2443 1945 ,
2491 1866 2556 1925 et

300 1968 596 2051 Magistri
627 1969 815 2052 Moys
834 2020 855 2054 ,
921 1968 1028 2034 vbi
1080 1976 1249 2036 mete
1298 1970 1686 2054 populorum
1739 1967 2022 2054 Capituli
2055 1967 2377 2033 Budensis
2411 1986 2552 2050 pre·

301 2074 454 2139 dicti
488 2075 769 2141 finaliter
798 2076 1264 2160 terminantur;
1301 2075 1538 2144 exinde
1569 2077 1757 2143 vadit
1788 2075 2059 2144 inferius
2088 2075 2155 2140 in
2187 2072 2400 2142 medio
2434 2074 2549 2139 vil·

301 2183 511 2248 larum
545 2181 741 2248 Ozlar
772 2189 1146 2251 vocatarum
1170 2236 1190 2270 ,
1244 2191 1309 2251 et
1341 2204 1543 2269 prope
1574 2182 1663 2249 ad
1693 2186 1953 2251 arbores
1983 2204 2216 2250 nucum
2250 2187 2350 2248 est
2381 2201 2553 2247 noua

300 2296 473 2354 meta
503 2296 753 2374 terrea;
801 2291 956 2357 item
993 2291 1173 2359 vadit
1216 2292 1300 2357 ad
1333 2298 1588 2377 partem
1624 2290 2048 2375 orientalem,
2097 2297 2164 2357 et
2210 2296 2379 2356 retro
2427 2288 2548 2354 vil-

301 2396 427 2462 lam
464 2396 696 2483 Ozlar,
746 2419 869 2481 que
921 2405 1021 2464 est
1082 2398 1243 2464 villa
1294 2399 1581 2483 Capituli
1632 2397 2194 2484 Wesprimiensis,
2244 2402 2394 2463 sunt
2426 2393 2550 2461 due

301 2512 461 2570 mete
495 2507 765 2589 antique
795 2513 859 2571 et
893 2506 1097 2572 tercia
1127 2526 1338 2589 noua3
1387 2505 1625 2573 abhinc
1656 2506 1980 2573 modicum
2011 2505 2341 2591 pergendo
2373 2503 2547 2571 simi·

302 2613 447 2680 liter
511 2614 598 2680 ad
661 2620 912 2698 partem
963 2613 1345 2682 orientalem
1397 2614 1585 2682 trasit
1632 2614 1876 2682 siccam
1926 2613 2203 2701 vallem,
2256 2620 2318 2681 et
2367 2612 2572 2711 iuxta⁴

303 2721 492 2805 viam,
541 2742 659 2807 per
690 2738 881 2806 quam
916 2724 995 2791 de
1026 2723 1191 2790 villa
1224 2725 1456 2791 Bunna
1485 2724 1614 2791 itur
1643 2723 1732 2790 ad
1765 2723 1994 2791 villam
2026 2722 2191 2810 Igal,
2246 2730 2344 2790 est
2374 2730 2548 2788 meta

301 2829 567 2914 antiqua
620 2834 740 2898 sub
789 2831 1025 2897 arbore
1073 2832 1241 2898 ilicis
1282 2840 1344 2898 et
1381 2832 1520 2898 alia
1559 2853 1769 2916 noua,
1819 2851 1942 2915 que
1974 2840 2281 2916 separant
2308 2839 2545 2897 terram

302 2939 679 3022 populorum
713 2938 992 3023 Capituli
1032 2936 1559 3024 Wesprimiensis
1597 2938 1680 3005 dc
1713 2939 1877 3008 vina
1908 2936 2102 3004 Ozlar
2125 2991 2142 3024 ‚
2191 2943 2256 3005 et
2303 2945 2545 3012 terram

298 3046 678 3129 populorum
728 3045 1029 3134 Magistri
1079 3047 1263 3130 Moys
1296 3045 1376 3113 de
1408 3045 1574 3111 villa
1606 3043 1905 3129 Burhud3
1970 3044 2208 3112 abhinc
2253 3048 2548 3131 superius

300 3152 504 3219 eundo
546 3173 661 3237 per
693 3153 961 3222 eandem
1013 3154 1187 3220 viam
1239 3154 1325 3219 ad
1376 3165 1629 3238 partem
1682 3155 2274 3239 septemtrionalem
2312 3156 2377 3220 in
2413 3176 2541 3220 ma·

298 3281 424 3345 gna
484 3263 716 3328 arbore
764 3261 938 3329 ilicis
1008 3268 1108 3327 est
1171 3268 1345 3327 meta
1395 3260 1667 3345 antiqua
1719 3268 1783 3328 et
1831 3261 1970 3327 alia
2017 3282 2228 3350 noua;
2307 3262 2548 3329 deiude

299 3367 584 3435 ascendit
618 3390 812 3454 super
841 3369 928 3436 ad
956 3369 1187 3436 siluam
1223 3389 1528 3453 magnam
1561 3390 1679 3455 per
1714 3370 1989 3437 eandem
2039 3371 2213 3438 viam
2267 3373 2355 3439 ad
2403 3393 2545 3458 par-

299 3482 418 3541 tem
460 3477 1054 3561 septemtrionalem
1079 3526 1096 3558 ,
1147 3476 1254 3543 vbi
1306 3486 1457 3544 sunt
1505 3486 1639 3545 tres
1691 3485 1860 3547 mete
1908 3487 2155 3548 veteres
2207 3487 2272 3547 et
2309 3490 2546 3565 quarta

300 3603 498 3666 noua;
549 3584 784 3650 abhinc
842 3583 1140 3650 ascendit
1188 3585 1277 3650 ad
1328 3594 1582 3669 partem
1631 3575 2225 3671 septemtrionalem
2279 3588 2364 3654 ad
2416 3595 2545 3655 tres

296 3699 498 3758 metas
532 3694 902 3775 angulares,
952 3692 1060 3758 vbi
1094 3698 1194 3759 est
1227 3701 1460 3775 quarta
1492 3700 1666 3760 meta
1696 3714 1904 3774 noua,
1955 3703 2021 3761 et
2068 3696 2166 3762 sic
2199 3695 2541 3764 terminan-

298 3805 397 3864 tur
442 3805 614 3864 mete
663 3804 831 3863 terre
882 3798 1265 3883 populorum
1318 3801 1602 3885 Capituli
1641 3802 2167 3888 Wesprimiensis
2238 3805 2322 3871 de
2384 3803 2545 3871 villa

296 3908 524 3987 Ozlar,
575 3913 642 3974 et
689 3906 977 3990 iungitur
1026 3908 1218 3974 metis
1272 3915 1443 3976 terre
1493 3910 1877 3996 populorum
1919 3910 2206 3996 Capituli
2237 3913 2544 3982 Albensis

295 4012 371 4080 de
403 4013 569 4080 villa
620 4013 809 4078 Buna
856 4013 1089 4080 iterato
1139 4014 1204 4079 in
1258 4037 1495 4102 magno
1547 4015 1835 4102 fossam,
1884 4018 2046 4086 etin
2079 4039 2319 4104 magna
2348 4020 2539 4107 silua,

295 4141 413 4204 que
445 4120 781 4204 wlgariter
812 4123 961 4208 liyet
992 4132 1443 4211 nuncupatur;
1493 4145 1607 4211 per
1659 4126 1832 4209 quod
1882 4125 2200 4193 fossatum
2238 4127 2424 4195 vadit
2456 4129 2540 4195 ad

293 4228 451 4294 duas
500 4235 754 4295 veteres
805 4239 1013 4301 metas
1066 4233 1176 4299 vbi
1229 4232 1432 4300 tercia
1471 4239 1567 4300 est
1598 4254 1807 4321 noua;
1858 4233 2013 4301 inde
2045 4236 2113 4302 in
2146 4235 2376 4303 eadem
2410 4258 2541 4304 ma-

291 4355 420 4419 gna
448 4336 621 4403 silua
670 4359 786 4423 per
834 4339 1146 4409 fossatum
1198 4342 1408 4410 eundo
1457 4342 1635 4408 vadit
1675 4341 1917 4411 directe
1955 4343 2042 4410 ad
2075 4344 2425 4431 orientem,
2479 4353 2541 4410 et

293 4444 470 4510 iuxta
502 4442 823 4512 fossatum
855 4456 953 4514 est
985 4456 1158 4516 meta
1189 4451 1459 4536 antiqua
1507 4459 1570 4517 et
1618 4453 1755 4518 alia
1786 4473 1992 4538 noua;
2044 4453 2279 4520 abhinc
2312 4473 2538 4538 proce·

293 4552 385 4618 dit
415 4553 718 4621 similiter
769 4557 853 4624 ad
902 4556 1254 4647 orientem,
1305 4565 1371 4624 et
1422 4560 1608 4628 vadit
1657 4561 1743 4627 ad
1776 4582 2085 4647 magnam
2120 4565 2412 4631 arborem
2447 4561 2539 4628 ili·

293 4660 422 4742 cis,
470 4661 581 4728 vbi
630 4669 730 4731 est
779 4671 953 4730 meta
990 4665 1259 4750 antiqua
1308 4675 1370 4733 et
1422 4668 1559 4735 alia
1589 4688 1804 4756 noua,
1854 4677 1917 4736 et
1949 4675 2117 4737 mete
2156 4670 2537 4757 populorum
