3319 5249
1373 265 1498 334 183

299 459 446 528 ohin
476 460 655 529 filius
676 462 966 530 Marcelli
988 482 1106 549 pro
1139 482 1209 529 se
1242 470 1307 529 et
1342 482 1455 546 pro
1490 463 1799 528 Marcello
1833 467 2019 547 patre
2051 483 2206 545 suo;
2240 460 2554 530 Martinus

303 570 471 636 filius
506 569 706 655 Dyda
738 576 803 636 et
831 571 1020 637 Ruha
1052 572 1221 637 filius
1274 567 1591 653 Paganoh
1623 569 1708 637 de
1756 570 2088 655 Purbuse;
2134 571 2319 655 Moys
2351 578 2417 637 et
2449 572 2559 636 Ni-

302 680 524 747 colans
556 679 674 765 filij
704 679 972 747 Faroasi
1002 700 1120 765 pro
1153 696 1226 747 se
1245 683 1311 745 et
1338 697 1456 765 pro
1475 679 1692 746 Pousa.
1730 678 1931 746 fratre
1968 697 2211 765 eorum,
2252 679 2553 764 jobagio·

303 806 414 854 nes
451 788 655 855 eastri
677 789 757 855 de
781 787 1097 873 Chakan3
1133 786 1507 854 Gothardus
1528 785 1699 855 filius
1732 787 2002 872 Samka,
2037 789 2367 853 Romanus
2392 787 2561 854 filius

298 895 553 984 Ondus,
609 904 672 964 et
722 896 889 963 Jurk
938 895 1113 962 filius
1142 894 1415 961 Adriani
1467 893 1548 962 de
1600 894 1768 962 villa
1817 893 2139 980 Kysfolud
2161 945 2178 979 ,
2226 894 2561 962 Deudalus

300 1004 472 1073 filius
536 1005 871 1089 Chundus,
918 1003 1145 1070 Almus
1197 1004 1371 1071 filius
1423 1003 1678 1086 Pousa,
1729 1002 2102 1088 Stephanus
2150 1003 2321 1071 filius
2374 1001 2559 1070 Chud

302 1134 412 1198 pro
445 1132 521 1181 se
555 1120 624 1181 et
654 1134 769 1199 pro
801 1114 987 1199 Moys
1019 1111 1222 1178 fratre
1254 1131 1372 1178 suo
1408 1109 1491 1178 de
1522 1111 1691 1178 villa
1724 1109 2140 1197 Jobagfalua,
2177 1111 2286 1195 qui
2319 1130 2389 1178 se
2420 1110 2557 1176 illa·

304 1244 441 1288 rnm
481 1227 802 1287 terrarum
834 1226 1392 1286 commetaneneos
1443 1238 1589 1286 esse
1629 1217 1957 1304 dicebant,
2006 1237 2391 1285 eonsensum
2424 1238 2563 1304 pre-

302 1334 580 1398 buerunt
613 1337 678 1396 et
709 1349 1031 1397 asensum.
1065 1326 1251 1405 Quod
1283 1334 1353 1393 ut
1385 1334 1592 1395 ratum
1627 1327 1734 1411 sit,
1770 1344 2038 1411 presens
2071 1329 2382 1413 seriptum
2413 1347 2562 1393 eon·

308 1440 577 1506 tulimus
598 1446 819 1506 nostro
842 1437 1063 1522 sigillo
1084 1437 1544 1503 communitum
1567 1459 1581 1519 3
1617 1436 1931 1520 Magistro
1953 1435 2205 1502 Thoma
2226 1436 2562 1522 Preposito

190 1566 196 1571 ·
310 1548 606 1615 Ecclesie
638 1552 876 1632 nostre,
925 1545 1211 1613 Oliuerio
1247 1546 1546 1631 Cantore,
1597 1543 1910 1611 Custodia
1949 1551 2239 1631 vacante,
2284 1545 2566 1631 Symone

310 1657 577 1722 Decano
631 1654 1099 1740 existentibus3
1166 1674 1338 1721 anno
1375 1653 1594 1738 graoie
1643 1652 1867 1719 M⁰cc⁰
1916 1652 2401 1737 septuagesimo
2464 1672 2561 1718 se·

306 1766 529 1849 ptimo,

306 1946 581 2009 (Er-edotio
608 1960 642 1995 ι
669 1945 849 2011 Rumy
875 1940 1064 1996 esalfid
1089 1940 1483 2006 leveltfiraiban,
1522 1940 1787 1994 mfisolata.
1825 1958 1860 1994 a
1886 1958 2112 2009 magyar
2137 1940 2417 1993 academia
2442 1939 2565 1993 kez-

1052 2036 1178 2086 irati
1217 2031 1754 2101 gyiijtemenyeben.)

1365 2659 1506 2728 125.

318 2861 378 2926 A
433 2860 709 2946 za'yrdbi
764 2861 1211 2947 kdptalannak
1267 2858 1539 2925 (Jordan
1586 2883 1785 2925 comes
1836 2862 1898 2926 e's
1946 2859 2266 2926 Bram‘chi
2303 2858 2573 2950 Gybrqy

572 2970 745 3035 kozti
778 2969 1178 3035 birtokcsere't
1209 2970 1520 3054 tdryyazd
1550 2968 2093 3055 bizonysdqlevele.
2130 2972 2323 3035 1277.

527 3168 666 3234 Nos
702 3165 1074 3253 Capitulum
1125 3167 1417 3234 Eeelesie
1456 3167 1921 3252 Zagrabiensis
1961 3166 2404 3251 significamus
2434 3169 2572 3234 vni:

314 3277 528 3358 uersis
558 3277 792 3361 quibus
826 3274 1090 3361 expedit
1121 3276 1524 3360 presencium
1573 3295 1689 3360 per
1744 3283 2053 3361 tenorem,
2109 3274 2281 3359 quod
2323 3275 2570 3344 Comite

312 3384 591 3454 Gardun
621 3383 756 3450 filio
790 3384 1059 3451 Gardun
1108 3402 1251 3449 eum
1302 3382 1651 3450 Wlkuzlao
1704 3382 1909 3451 fratre
1959 3383 2249 3451 eiusdem
2301 3404 2343 3450 a
2384 3393 2573 3470 parte

307 3516 459 3579 vna,
512 3513 597 3560 ex
628 3493 835 3561 altera
872 3511 1025 3559 vero
1077 3492 1355 3577 Geor-gio
1404 3492 1538 3558 filio
1581 3493 1886 3578 Branieh,
1932 3513 2076 3559 eum
2128 3493 2335 3568 Mark,
2387 3492 2568 3580 Fyle,

309 3604 496 3690 Selk,
531 3603 676 3687 Ete,
710 3600 968 3667 Prohan
1003 3606 1069 3666 et
1100 3600 1289 3667 Pows
1323 3598 1627 3666 fratribus
1662 3598 1797 3665 suis
1816 3617 2032 3665 eoram
2054 3599 2244 3667 nobis
2265 3619 2571 3685 persona-

303 3712 453 3777 liter
475 3706 863 3794 eonstitutis,
898 3707 944 3793 ij
954 3706 1101 3773 dem
1122 3706 1475 3774 retulerunt
1491 3705 1728 3773 fecisse
1747 3706 1881 3772 tale
1901 3707 2347 3775 concambium
2374 3726 2569 3793 super

308 3817 704 3901 quibusdam
738 3816 1025 3901 ipsorum
1059 3815 1583 3901 possessionibus
1615 3815 1783 3880 inter
1814 3813 2027 3899 ipsos5
2065 3814 2374 3882 videlieet
2394 3815 2568 3899 quod

305 3926 522 3993 dietus
561 3922 905 4009 Georgius,
956 3929 1019 3988 et
1055 3922 1295 3989 fratres
1351 3920 1451 3990 sui
1499 3921 1953 4008 prenominati,
2004 3928 2241 3989 terram
2284 3924 2571 4008 ipsorum

309 4035 371 4101 in
407 4034 631 4119 eapite
661 4030 840 4116 fluuij
894 4031 1078 4099 Lona
1129 4032 1515 4099 existentem
1538 4082 1557 4118 ,
1605 4051 1750 4098 eum
1790 4038 2003 4098 castro
2038 4032 2106 4096 in
2140 4030 2370 4098 eadem
2403 4038 2573 4098 terra

313 4140 642 4222 existenti,
692 4148 757 4208 et
788 4140 1085 4207 omnibus
1118 4138 1269 4224 alijs
1318 4139 1714 4205 Vtilitatibus
1748 4144 1812 4206 et
1842 4138 2258 4224 pertineneijs
2288 4138 2572 4206 eiusdem

309 4255 483 4319 terre
515 4247 848 4315 dedissent
908 4253 973 4315 et
1033 4247 1460 4315 eontulissent
1518 4245 1831 4332 predictis
1897 4244 2130 4314 Comiti
2192 4246 2462 4313 Gar-dun
2514 4254 2577 4313 et

309 4358 672 4425 Wlkuzlao
704 4355 891 4422 fratri
927 4355 1236 4443 eiusdem,
1273 4360 1337 4420 et
1371 4374 1484 4440 per
1517 4375 1626 4421 eos
1678 4354 1814 4421 suis
1854 4353 2199 4423 heredibus
2233 4353 2571 4421 heredum-

313 4485 440 4550 que
472 4465 961 4533 sueeessoribus
993 4463 1130 4532 iure
1162 4471 1472 4550 perpetuo
1502 4463 1990 4552 possidendam,
2046 4465 2167 4532 sub
2218 4463 2458 4530 eisdem
2492 4461 2570 4527 si·

315 4572 467 4657 gnis
500 4580 565 4640 et
596 4572 915 4658 terminis,
964 4574 1195 4658 quibus
1231 4594 1374 4642 eam
1411 4573 1730 4641 haetenus
1782 4573 2235 4659 possederunt.
2281 4572 2359 4638 In
2390 4572 2575 4638 ouius
