3319 5249
1790 433 1918 497 218

940 631 1173 697 Kivizl:
1220 628 1463 695 Contra
1514 627 1838 694 dominam
1890 625 2083 693 Gund
2125 646 2320 711 super
2351 619 2774 710 expedicione
2807 622 2979 688 dotis

723 759 837 804 sue
871 758 985 823 pro
1018 738 1208 804 Petro
1239 735 1371 805 filio
1403 736 1654 821 Madye.

724 918 1004 981 (Eredetie
1066 915 1391 986 borhartyan
1420 959 1433 983 ,
1496 935 1530 969 a
1595 917 1749 969 kivfil
1805 917 2074 969 oldalvast
2125 918 2228 968 oda
2277 926 2520 984 nyomott
2547 918 2827 989 zarpscset
2867 919 2979 973 mar

1746 1008 1961 1073 eltflnt,)

1640 1317 2064 1325 m·—

1777 1727 1931 1794 155.

728 1923 785 1991 A
821 1929 1159 2013 veszpre'mi
1209 1929 1653 2013 kdptalannak
1705 1950 1780 1992 az
1830 1930 2034 2013 czykai
2063 1930 2333 1993 nemesek
2363 1930 2530 1996 kazti
2562 1930 2977 1996 birtokrende-

1201 2038 1324 2099 zest
1378 2039 1688 2121 tcirqyazd
1718 2036 2259 2121 bizonysciylevele.
2314 2039 2505 2103 1278.

942 2229 1075 2296 Nos
1127 2228 1498 2314 Capitulum
1549 2231 2049 2318 Vesprimiensis
2103 2232 2397 2300 Ecclesie
2438 2232 2668 2300 damus
2703 2254 2820 2319 pro
2853 2255 2982 2301 me-

730 2338 972 2420 moria,
1026 2336 1195 2421 quod
1250 2338 1498 2405 Comite
1530 2340 1739 2408 Paulo
1773 2340 1905 2405 filio
1939 2340 2229 2407 Marcelli
2262 2361 2377 2425 pro
2411 2362 2484 2408 se
2517 2349 2580 2407 et
2611 2362 2731 2425 pro
2763 2341 2983 2409 Mathe

729 2444 931 2510 fratre
992 2464 1109 2511 suo
1164 2464 1243 2511 ex
1277 2465 1404 2510 vna
1436 2453 1664 2531 parte3
1735 2456 1797 2514 et
1847 2448 2219 2532 Stephanus
2281 2468 2398 2531 pro
2461 2470 2532 2515 se
2581 2448 2887 2515 similiter
2919 2456 2984 2514 et

727 2552 1019 2640 Nycolao
1081 2553 1283 2620 fratre
1347 2573 1501 2640 suo;
1582 2555 1737 2620 item
1791 2555 2024 2622 Boltha
2073 2554 2207 2620 filio
2260 2554 2450 2620 Pauli
2500 2576 2614 2641 pro
2672 2575 2741 2622 se
2774 2561 2837 2622 et
2869 2576 2984 2643 pro

728 2662 934 2729 Paulo
983 2661 1183 2728 fratre
1218 2681 1333 2729 suo
1366 2684 1447 2729 ex
1481 2663 1727 2747 altera,
1781 2662 2107 2729 nobilibus
2143 2663 2223 2728 de
2258 2663 2416 2727 villa
2445 2663 2641 2745 Ayka
2674 2665 2742 2728 in
2776 2667 2978 2732 nostri

726 2771 1067 2856 presencia
1118 2769 1522 2854 constitutis;
1588 2770 1762 2836 idem
1814 2771 2046 2836 Comes
2096 2771 2336 2836 Paulus
2388 2770 2761 2856 proposuit,
2812 2772 2985 2857 quod

728 2877 1096 2963 porcionem
1147 2879 1216 2945 in
1261 2885 1435 2947 terra
1466 2878 1861 2946 hereditaria
1912 2881 2122 2965 ipsum
2157 2887 2219 2946 et
2250 2887 2688 2965 premoratum
2721 2881 2983 2950 fratrem

729 3006 910 3053 suum
945 2986 1423 3072 contingentem
1445 3041 1464 3075 ,
1512 2988 1786 3054 terciam
1836 2987 2141 3054 videlicet
2182 2994 2435 3072 partem
2469 2986 2759 3054 eiusdem
2794 2994 2981 3073 terre,

730 3113 856 3176 que
886 3093 1119 3160 habita
1150 3094 1322 3160 inter
1352 3095 1531 3179 ipsos
1562 3080 1888 3162 diuisione
1918 3094 2087 3162 inter
2119 3103 2356 3161 terram
2383 3093 2651 3181 Gyliani
2673 3115 2750 3162 ac
2770 3094 2990 3162 fratris

731 3202 830 3269 sui
861 3210 925 3268 et
954 3209 1188 3270 terram
1239 3203 1478 3271 Boltha
1517 3225 1628 3271 sev
1657 3203 1929 3272 fratrum
1962 3224 2221 3272 suorum
2257 3206 2349 3272 eis
2387 3206 2595 3272 fuerat
2626 3204 2983 3288 assignata,

727 3310 914 3378 iuxta
938 3318 1297 3378 nostrorum
1332 3311 1821 3398 priuilegiorum
1858 3311 2347 3398 continenciam,
2396 3319 2467 3378 vt
2496 3296 2819 3393 dixerunt,
2867 3332 2984 3395 pro

732 3419 902 3486 bono
933 3420 1117 3505 pacis
1158 3428 1218 3486 et
1250 3420 1627 3506 concordie,
1694 3440 1772 3487 ac
1821 3421 2098 3506 speciali
2152 3420 2513 3488 dileccione
2553 3419 2981 3503 predictorum

730 3546 988 3594 suorum
1022 3535 1439 3611 cognatorum
1476 3581 1494 3615 ,
1564 3526 1807 3594 eisdem
1859 3527 2143 3613 Gyliano
2197 3534 2262 3593 et
2311 3527 2550 3593 Boltha
2602 3535 2666 3593 et
2696 3529 2982 3613 ipsorum

730 3633 1039 3702 fratribus
1072 3633 1405 3702 dedissent
1434 3642 1499 3700 et
1530 3636 2000 3719 assignassent,
2051 3656 2193 3702 cum
2245 3634 2541 3701 omnibus
2574 3636 2712 3702 suis
2746 3632 2981 3699 utilita-

733 3743 907 3810 tibus
940 3751 1250 3829 perpetuo
1284 3743 1791 3830 possidendam;
1830 3749 1894 3809 et
1925 3741 2008 3808 ab
2043 3744 2203 3828 ipsis
2238 3744 2303 3808 in
2335 3742 2785 3810 concambium
2818 3742 2982 3812 eius-

731 3850 877 3917 dem
927 3851 1255 3936 porcionis
1304 3851 1684 3917 tantundem
1725 3858 1892 3917 terre
1925 3871 2005 3920 ex
2046 3845 2228 3937 parte
2257 3850 2407 3916 finis
2440 3872 2520 3917 ex
2552 3850 2839 3937 ipsorum
2871 3852 2979 3917 he-

735 3957 1047 4025 reditaria
1079 3959 1383 4044 porcione
1432 3978 1514 4023 ex
1545 3966 1730 4043 parte
1762 3957 1954 4043 prati,
1993 3956 2162 4042 quod
2192 3956 2561 4040 Bagarethc
2591 3957 2986 4044 appellatur,

733 4086 877 4134 cum
911 4066 1207 4134 omnibus
1240 4066 1538 4132 similiter
1581 4066 1717 4132 suis
1751 4064 2143 4132 utilitatibus
2162 4064 2530 4130 habendam
2551 4066 2988 4150 perempniter

733 4175 1149 4260 recepissent.
1197 4174 1339 4254 Que
1370 4184 1546 4241 terra
1578 4194 1620 4239 a
1650 4175 1845 4240 terris
1881 4172 2308 4259 predictorum
2353 4172 2621 4257 Gyliani
2656 4180 2722 4238 et
2751 4171 2988 4238 Boltha

734 4300 814 4346 ac
845 4281 1115 4348 fratrum
1148 4301 1409 4348 suorum
1450 4281 1669 4347 taliter
1700 4280 2100 4365 distingitur,
2146 4280 2312 4346 sicut
2342 4287 2566 4363 partes
2598 4281 2990 4347 retulerunt:

732 4389 970 4475 Incipit
1003 4388 1174 4456 enim
1209 4395 1363 4455 ante
1397 4388 1571 4455 fores
1602 4388 1878 4456 ecclesie
1910 4386 2101 4453 Beati
2132 4385 2402 4470 Remigij
2442 4383 2525 4449 de
2557 4385 2788 4452 eadem
2824 4387 2990 4453 villa

735 4498 950 4584 Ayka,
1002 4503 1067 4564 et
1114 4497 1470 4583 procedens
1521 4516 1722 4581 supra
1758 4495 2122 4562 molendino
2161 4495 2422 4579 Georgij
2458 4491 2693 4561 transit
2721 4491 2990 4560 fluuium

734 4609 1030 4685 Tornua,
1078 4617 1143 4673 et
1191 4605 1464 4690 cotingit
1514 4607 1680 4672 duas
1733 4614 1937 4673 metas
1968 4607 2154 4672 iuxta
2184 4602 2460 4671 eundem
2494 4602 2762 4669 fluuium
2798 4601 2992 4668 collo·

737 4722 958 4796 catas3
1007 4712 1089 4780 de
1121 4713 1352 4797 quibus
1380 4714 1739 4800 procedens
1771 4714 1946 4781 viam
1979 4712 2242 4798 attingit
2293 4711 2623 4797 publicam
2657 4718 2720 4778 et
2752 4718 2990 4777 terram
