3319 5249
1898 332 2031 401 354

1886 981 2039 1052 252.

844 1193 959 1265 IV.
994 1201 1225 1267 La'szld
1253 1202 1596 1286 kircily‘nak
1649 1223 1785 1265 ezen
1839 1201 2065 1266 iteletet
2116 1205 2475 1285 meyerb'sitd
2505 1203 2845 1287 okmdnya.
2886 1196 3073 1264 1283.

1055 1395 1403 1465 Ladizlaus
1465 1397 1589 1463 Dei
1649 1397 1874 1481 gracia
1934 1397 2269 1480 Hungarie
2288 1450 2307 1484 ,
2361 1398 2695 1464 Dalmacie
2713 1447 2732 1482 ,
2781 1398 3068 1481 Croacie,

840 1507 1079 1592 Rame,
1124 1505 1390 1593 Seruie,
1451 1505 1769 1592 Gallicie,
1822 1506 2239 1594 Lodomerie,
2291 1507 2600 1574 Cumanie
2650 1505 3077 1590 Bulgarieqne

844 1609 989 1680 Rex
1019 1615 1315 1682 omnibus
1368 1616 1607 1683 Christi
1658 1615 1958 1682 fidelibus
2007 1621 2337 1702 presentes
2391 1615 2647 1681 litteras
2695 1615 3077 1701 inspecturis

845 1722 1120 1790 salutem
1153 1725 1220 1789 in
1255 1724 1540 1790 omnium
1593 1725 1940 1790 saluatore.
1999 1725 2095 1789 Ad
2145 1727 2593 1791 vniucrsorum
2630 1725 2937 1790 noticiam
2966 1721 3074 1788 ha·

844 1852 980 1897 rum
1018 1835 1187 1899 serie
1217 1833 1509 1899 volumus
1546 1833 1917 1919 peruenire3
1969 1833 2142 1917 quod
2173 1833 2471 1900 Andreas
2503 1834 2672 1900 filius
2703 1831 2970 1917 Chopou
2999 1829 3079 1895 de

845 1939 1116 2007 Nadasd
1148 1941 1236 2007 ad
1271 1949 1559 2009 nostram
1606 1942 1928 2010 accedens
1979 1943 2403 2029 presenciam,
2440 1942 2712 2026 Regiam
2747 1938 3083 2006 Excellen-

805 2078 814 2100 κ
854 2048 1015 2115 ciam
1055 2050 1437 2135 suppliciter
1486 2051 1893 2139 implorauit,
1947 2060 2016 2119 ut
2049 2051 2654 2137 condempnacionis
2708 2050 3081 2117 sentencias

847 2159 1016 2225 latas
1048 2165 1270 2224 eontra
1300 2159 1617 2227 ,Iacobum
1653 2167 1717 2226 et
1736 2161 2010 2246 Vytalus
2032 2162 2195 2228 filios
2226 2160 2478 2227 Herrici
2511 2159 2713 2246 balbi,
2746 2159 2815 2225 in
2844 2159 3082 2225 litteris

848 2265 1083 2334 nostris
1118 2269 1487 2350 patentibus
1525 2276 1881 2352 contentae,
1935 2279 1999 2336 ct
2032 2271 2432 2355 postmodum
2468 2269 2785 2335 Baronum
2836 2272 3078 2333 nostro·

848 2397 1004 2461 rum,
1043 2383 1107 2442 et
1140 2376 1418 2443 iudicum
1450 2376 1536 2443 ad
1575 2377 1894 2445 maleficia
1942 2379 2409 2464 compescenda
2446 2377 2908 2463 ‘deputatorum
2940 2397 3081 2462 pro-

853 2486 1297 2553 secucionibus
1330 2487 1412 2553 de
1444 2487 1583 2554 iure
1617 2487 1908 2573 prolatis,
1964 2489 2333 2556 execucioni
2389 2486 2730 2553 mandatas
2751 2538 2767 2570 ,
2799 2494 2989 2572 prout
3021 2487 3079 2551 in

849 2595 1285 2664 instrumentis
1320 2595 1553 2663 exinde
1588 2596 1934 2683 confectis,
1985 2617 2109 2682 que
2140 2596 2322 2664 nobis
2358 2597 2621 2680 exibuit,
2655 2597 3084 2681 continentur,

848 2704 1110 2787 Regalis
1146 2704 1546 2771 auctoritatis
1571 2705 1986 2788 dignaremur
2005 2705 2232 2771 robore
2265 2706 2657 2772 confirmare.
2693 2704 3084 2770 Litterarum

851 2808 1162 2894 siquidem
1197 2819 1560 2878 nostrarum
1594 2815 1962 2898 patcncium
1997 2820 2182 2880 tenor
2212 2813 2365 2880 talis
2402 2820 2531 2880 cst:

1064 2922 1196 2988 Nos
1227 2920 1575 2989 Ladizlaus
1605 2922 1732 2989 Dei
1762 2924 1984 3007 gracia
2015 2926 2154 2988 Rex
2185 2922 2473 3007 Vngarie
2505 2924 2627 2989 stb.
2667 2921 3087 3005 (kiivetkezik

755 3046 764 3065 ²
851 3031 956 3095 lV.
995 3030 1229 3097 Laszlo
1263 3031 1622 3115 kiralynak
1656 3035 1806 3098 251.
1841 3053 1927 3099 sz.
1963 3054 2025 3098 a.
2062 3037 2223 3116 epen
2255 3031 2508 3097 kijzlijtt
2540 3028 2913 3116 okmanya.)

1063 3141 1267 3224 Igitur
1301 3141 1451 3225 quia
1483 3141 1671 3209 nobis
1707 3142 1996 3209 constitit
2030 3142 2389 3227 euidenter,
2424 3148 2614 3227 prout
2638 3142 2701 3206 in
2737 3145 3093 3225 suprascri-

851 3251 978 3336 ptis
1011 3250 1251 3317 nostris
1286 3251 1522 3317 litteris
1557 3250 1938 3337 continetur,
1976 3259 2037 3317 et
2069 3251 2239 3317 sicut
2271 3252 2337 3317 in
2369 3251 2605 3318 litteris
2637 3249 2933 3335 Dyonisij
2969 3250 3096 3315 Pa-

850 3359 1032 3427 latini
1066 3360 1308 3447 nostri,
1342 3368 1406 3427 et
1455 3360 1753 3447 Gregorij
1810 3361 2078 3428 Comitis
2119 3359 2550 3446 Symigiensis
2604 3360 2797 3443 plene
2828 3378 3093 3444 perspe-

849 3466 1059 3533 ximus
1095 3468 1444 3553 contincri;
1477 3469 1562 3533 ad
1595 3468 1898 3535 maiorem
1954 3468 2272 3535 cautelam
2321 3472 2385 3534 et
2417 3465 2936 3533 habundanciam
2984 3488 3095 3531 ve-

852 3576 1077 3660 ritatis,
1110 3595 1186 3640 ac
1241 3576 1747 3643 conuincendam
1804 3575 2126 3642 maliciam
2176 3577 2402 3643 Jacobi
2448 3582 2512 3640 ct
2546 3573 2842 3661 Wytalus
2877 3575 3099 3658 predi-

853 3691 1135 3767 ctorum,
1201 3685 1264 3747 in
1324 3684 1615 3770 pluribus
1680 3684 2260 3751 conuocacionibus
2326 3704 2441 3768 per
2492 3681 2749 3750 eosdem
2801 3682 3100 3749 Bar-ones

859 3798 1110 3858 nostros
1143 3791 1333 3858 factis
1371 3792 1577 3860 edicto
1619 3792 1926 3876 generali,
1967 3813 2083 3859 nec
2118 3814 2245 3859 non
2279 3790 2663 3859 euocacione
2694 3790 2972 3875 speciali
3008 3791 3099 3855 ad

855 3901 1346 3966 excusacionem
1399 3902 1519 3985 sui,
1586 3903 1638 3967 si
1706 3921 1893 3983 quam
1951 3902 2263 3968 haberent
2310 3919 2504 3987 super
2551 3898 2894 3984 maleficijs
2946 3919 3097 3985 pre·

855 4009 1131 4095 notatis,
1174 4029 1550 4094 comparere
1580 4009 2046 4077 contumaciter
2078 4012 2534 4094 neglexerunt,
2569 4017 2634 4076 et
2682 4009 2847 4075 sicut
2900 4009 3097 4075 nobis

853 4118 1049 4183 datur
1081 4116 1377 4202 intelligi,
1414 4119 1855 4185 obstinacione
1908 4118 2269 4186 detestabili
2321 4119 2386 4185 in
2422 4117 2553 4185 suis
2583 4117 2918 4184 maleficiis
2950 4139 3105 4203 per·

854 4225 1199 4309 duranteS,
1231 4225 1296 4288 in
1348 4223 1718 4292 crudelibus
1769 4226 2098 4312 latrocinij
2155 4225 2406 4292 actibus
2460 4223 2914 4292 miserabiliter
2946 4234 3111 4291 sunt

858 4333 1163 4415 extincti3
1199 4332 1487 4417 prefatas
1522 4335 1909 4420 sentencias,
1944 4341 2009 4399 et
2043 4353 2386 4418 processus
2422 4340 2644 4399 contra
2678 4332 2853 4418 ipsos
2886 4332 3108 4399 editos

857 4450 1034 4508 ratos
1065 4439 1398 4526 habenteS,
1437 4444 1882 4527 possessiones
1932 4444 2110 4528 ipsos
2164 4442 2649 4527 contingentes,
2686 4441 2751 4505 in
2784 4448 3111 4524 quantum

853 4552 935 4615 ad
969 4570 1183 4615 eorum
1220 4550 1556 4634 porciones
1589 4551 1978 4636 pertinuisse
2016 4550 2455 4635 dinoscuntur,
2494 4550 2577 4615 ad
2610 4548 2930 4635 prefatum
2966 4549 3111 4615 An-

854 4658 1071 4724 dream
1142 4658 1338 4757 tilium
1391 4658 1658 4744 Chopou
1717 4661 2201 4729 sentencialiter
2266 4659 2609 4727 deuolutus
2675 4657 3112 4745 ratificamus.
