3319 5249
1401 308 1528 375 175

1392 904 1571 1022 117.-

338 1154 447 1221 IV.
479 1156 709 1220 La'szlo'
754 1156 973 1240 kirdly
1010 1177 1052 1218 a
1082 1162 1252 1220 szent
1302 1154 1651 1219 Pantaleon
1695 1161 2050 1220 monostora
2063 1151 2284 1243 feletti
2314 1152 2586 1238 keqyuri

600 1266 787 1350 joqot
818 1261 1111 1328 &abo-idn
1150 1272 1367 1327 mester
1380 1261 1647 1345 fiainak
1680 1260 2074 1348 visszaadja.
2124 1264 2317 1329 1277.

556 1455 913 1525 Ladizlaus
977 1457 1100 1524 Dei
1152 1458 1374 1541 gracia
1433 1456 1812 1542 Hungarie‚
1858 1455 2239 1542 Dalmacie,
2305 1455 2594 1540 Oroaeie,

341 1568 579 1651 Rame‚
634 1564 895 1653 Seruio,
936 1564 1259 1651 'Gallicie‚
1315 1566 1736 1650 Lodomerie,
1785 1563 2099 1632 Cumanis
2161 1564 2599 1649 Bulgarieque

340 1675 479 1740 Rex
530 1673 828 1741 omnibus
881 1674 1117 1741 Christi
1167 1673 1466 1743 fidelibus
1522 1694 1792 1760 presens
1841 1674 2149 1758 seriptum
2212 1673 2601 1759 inspecturis

343 1781 626 1848 salutem
664 1781 731 1847 in
765 1782 1045 1848 omnium
1082 1783 1430 1851 saluatore.
1480 1782 1584 1848 Ad
1634 1782 2078 1850 vniuersorum
2136 1781 2445 1848 noticiam
2510 1790 2600 1848 te-

344 1909 500 1957 nore
532 1891 937 1973 presencium
971 1892 1265 1960 volumus
1297 1892 1662 1979 peruenire,
1693 1885 1867 1977 quod
1892 1913 2034 1959 cum
2069 1897 2330 1976 propter
2361 1892 2602 1957 cultum

344 1997 571 2064 Diuini
622 1996 917 2065 Nominis
967 2000 1431 2068 Monasterium
1485 2000 1727 2069 Sancte
1779 1999 2239 2082 Pantaleonis,
2289 1997 2483 2065 situm
2532 1997 2603 2065 in

345 2105 558 2173 insula
587 2105 901 2194 Danubij,
954 2107 1038 2173 ad
1072 2109 1457 2194 peticionem
1508 2106 1811 2176 Sororum
1865 2109 2101 2177 Sancte
2133 2105 2490 2174 Katberine
2524 2107 2605 2175 de

348 2216 523 2281 valle
553 2215 794 2281 Sancte
825 2215 1048 2300 Mario,
1100 2217 1254 2300 quia
1283 2237 1561 2284 vacuum
1594 2224 1735 2284 erat
1769 2223 1832 2283 et
1863 2215 2159 2283 omnibus
2191 2215 2380 2283 bonis
2413 2212 2607 2282 desti-

346 2332 574 2403 tutum,
622 2322 785 2407 ipsis
835 2324 1174 2391 Sororibus
1224 2326 1759 2410 contulissemus;
1809 2325 2182 2410 ignorantes
2235 2322 2316 2392 de
2356 2321 2505 2407 jure
2539 2330 2605 2391 et

349 2430 707 2499 hereditate
741 2430 1087 2519 Dominici‚
1134 2431 1365 2500 Jacobi
1397 2441 1461 2501 et
1494 2434 1813 2502 Gabriani
1853 2433 2128 2500 filiorum
2150 2432 2444 2518 Magistri
2480 2432 2608 2500 Ga-

348 2540 564 2606 briani
600 2538 929 2607 extitisse:
980 2542 1136 2627 quia
1185 2548 1401 2609 tamen
1432 2541 1838 2630 postmodum
1878 2561 1991 2630 per
2022 2542 2317 2608 Barones
2349 2547 2607 2632 nostros
2701 2626 2715 2640 ι

350 2656 412 2715 et
460 2648 801 2717 uniuersos
866 2649 1078 2734 Regni
1140 2652 1342 2718 nostri
1393 2651 1641 2719 nobiles
1694 2651 1979 2719 constitit
2032 2650 2382 2734 euidenter,
2437 2648 2610 2734 quod

350 2757 563 2843 ipsum
595 2758 1056 2825 Monasterium
1108 2779 1252 2825 cum
1307 2761 1608 2827 omnibus
1648 2760 2188 2847 possessionibus,
2238 2760 2497 2846 populis
2547 2766 2612 2826 et

352 2868 485 2934 suis
518 2866 945 2953 pertinencijs
968 2867 1119 2951 jure
1151 2868 1549 2936 hereditario
1601 2869 1689 2936 ad
1740 2865 2060 2955 predictos
2111 2869 2278 2936 filios
2313 2866 2611 2952 Magistri

353 2974 673 3042 Gabriani
727 2968 1127 3062 pertinebat,
1175 2976 1595 3046 fidelitatibus
1652 2983 1716 3044 et
1747 2975 2049 3063 seruicijs
2082 2976 2433 3047 eorundem
2466 2995 2611 3042 con·

300 3091 307 3098 '
353 3082 678 3169 sideratis,
730 3103 855 3167 que
905 3085 1090 3150 nobis
1147 3085 1508 3171 indefesse,
1556 3106 1700 3151 cum
1733 3087 2027 3170 Regnum
2079 3091 2371 3153 nostrum
2403 3084 2608 3172 inopi·

354 3197 513 3256 nata
547 3191 929 3259 calamitate
980 3192 1486 3281 opprimeretur,
1538 3215 1667 3262 non
1719 3199 1850 3261 tam
1902 3215 2015 3280 per
2066 3195 2306 3262 bellum
2360 3194 2610 3261 intesti-

356 3320 528 3384 num,
579 3320 772 3382 qnam
825 3322 939 3388 per
988 3302 1361 3388 potenciam
1416 3303 1615 3386 Regis
1666 3303 2067 3387 Boemorum,
2118 3302 2229 3387 qui
2281 3323 2399 3389 per
2439 3308 2611 3369 astu-

356 3409 527 3474 ciam
562 3425 680 3473 sue
714 3407 1159 3493 peruersitatis
1192 3409 1587 3476 municiones
1642 3431 1758 3478 seu
1790 3416 2011 3478 castra
2042 3409 2252 3495 Regni
2284 3409 2483 3477 nostri
2517 3430 2618 3478 oc-

361 3522 655 3599 cuparat,
705 3515 1156 3602 inpenderunt,
1210 3518 1490 3584 maxime
1522 3518 1589 3582 in
1625 3518 2120 3605 expugnacione
2175 3518 2373 3585 castri
2405 3519 2617 3586 Jauri-

358 3622 555 3707 ensis,
605 3623 713 3690 vbi
746 3623 946 3708 ijdem
977 3625 1236 3693 fuerunt
1267 3645 1383 3713 per
1416 3627 1581 3693 ictus
1613 3626 1911 3713 lapidum
1945 3633 2010 3693 et
2042 3629 2424 3711 sagittarum
2457 3628 2617 3695 leta-

358 3730 511 3796 liter
542 3729 885 3816 wlnerati3
935 3732 1013 3799 de
1047 3733 1322 3799 consilio
1354 3734 1682 3801 Baronum
1737 3742 1798 3801 et
1827 3735 2034 3819 Regni
2065 3735 2271 3802 nostri
2303 3735 2619 3803 nobilium

354 3837 659 3921 predictis
693 3840 1052 3925 Dominico‚
1102 3840 1349 3909 Jacobo
1405 3847 1469 3907 et
1518 3843 1897 3929 Gabriano,
1947 3841 2102 3927 filijs
2151 3841 2445 3925 Magistri
2490 3839 2618 3907 Ga-

354 3946 605 4030 briani,
656 3946 1469 4036 diotumMonasterium,
1521 3970 1666 4016 eum
1722 3949 2016 4017 omnibus
2079 3946 2622 4036 possessionibus,

357 4056 652 4139 populis,
702 4062 764 4121 et
794 4055 945 4140 alijs
975 4057 1405 4142 pertinencijs
1439 4056 1907 4124 restituendum
1942 4057 2242 4123 duximus
2274 4061 2339 4124 et
2358 4043 2632 4124 redden-⁵

356 4163 530 4247 dum,
585 4170 972 4231 reuocantes
1005 4165 1431 4231 collacionem
1467 4182 1582 4231 seu
1615 4163 2034 4231 donacionem
2085 4163 2327 4231 factam
2369 4185 2488 4251 per
2519 4165 2622 4233 lit·

354 4277 532 4338 teras
566 4277 831 4338 nostras
868 4271 973 4337 uel
1008 4272 1421 4356 priuilegium
1462 4270 1800 4339 Sororibus
1851 4272 2053 4339 Beate
2104 4271 2460 4339 Katberine
2493 4293 2621 4340 me·

361 4380 656 4445 moratis.
707 4379 784 4445 In
818 4378 1001 4446 cuius
1040 4381 1132 4445 rei
1169 4381 1541 4447 memoriam
1575 4385 1638 4447 et
1673 4386 2052 4467 perpetuam
2087 4379 2456 4447 firmitatem
2487 4400 2626 4468 pre·

359 4492 582 4557 sentes
619 4486 1057 4555 concessimus
1096 4487 1365 4556 litteras
1405 4488 1731 4576 dupplieis
1764 4487 1964 4572 sigilli
2017 4487 2224 4555 nostri
2276 4488 2626 4557 munimine

359 4599 718 4665 roboratas.
768 4597 1017 4662 Datum
1054 4616 1174 4682 per
1209 4618 1441 4665 manus
1491 4596 1886 4666 venerabilis
1921 4596 2044 4663 viri
2061 4597 2365 4684 Magistri
2395 4596 2625 4666 Deme·
