3319 5249
1739 263 1870 344 256

671 470 969 559 Cantore,
1018 466 1380 540 Laurencio
1413 472 1727 556 Custode,
1777 471 2148 555 Pangracio
2180 472 2446 537 Decano
2466 522 2483 554 ‚
2544 468 2700 535 Zele
2731 474 2796 534 et
2827 457 2935 536 Jo-

669 585 889 651 banne
921 582 1385 666 sacerdotibus,
1432 581 1795 662 ceterisque
1840 578 2181 646 Canonicis
2218 577 2673 644 existentibus.

673 763 945 826 (Eredetie
969 759 1305 829 bssrhfirtyan
1329 800 1342 823 ,
1381 758 1729 827 mirga-votos
1775 756 2228 826 selyemzsinoron
2257 759 2427 843 sugg&
2453 756 2638 824 peccet
2682 758 2852 821 alatt3
2902 773 2937 806 a

1314 852 1484 902 budai
1512 854 1613 905 kir.
1634 852 1882 903 kamarai
1905 844 2285 915 leveltarban.)

1589 1156 2014 1168 ——m-

1737 1639 1770 1706 1
1783 1640 1886 1710 76.

679 1846 740 1911 A
800 1844 998 1908 budai
1056 1841 1505 1926 kdptalannak
1567 1839 2092 1924 bizonysciqlevele
2110 1888 2129 1918 ,
2196 1842 2360 1924 hoqy
2426 1839 2609 1901 Peter
2670 1861 2938 1903 comesen

684 1940 861 2045 Ιοίύᾄί
892 1952 1057 2014 Ιυάπ
1077 2000 1098 2030 ,
1161 1949 1484 2014 Kendznek
1498 1949 1605 2030 fia
1642 1948 1700 2012 is
1733 1948 2092 2012 Pomdzban
2107 1946 2310 2032 fekvl}
2340 1946 2621 2014 bio-tokdt
2670 1970 2714 2010 a
2760 1948 2942 2030 mytil-

1141 2058 1362 2143 sziyeti
1391 2056 1974 2141 apdczazdrddnak
2007 2056 2238 2121 eladta.
2288 2055 2482 2120 1279.

1210 2255 1269 2318 A
1795 2254 1848 2317 Β
2369 2254 2420 2319 C

903 2415 1278 2501 Capitulum
1336 2411 1657 2479 Budensis
1698 2413 1994 2479 Ecclesie
2027 2414 2321 2480 omnibus
2357 2412 2594 2479 Christi
2645 2409 2948 2487 fidelibus,

685 2531 1022 2611 presentes
1064 2521 1744 2606 litterasfinspecturis
1775 2522 2055 2588 salutem
2089 2524 2154 2588 in
2189 2521 2484 2588 Domino.
2549 2520 2654 2586 Ad
2694 2519 2945 2585 Vniuer-

687 2653 900 2701 sorum
951 2627 1255 2698 noticiam
1304 2639 1526 2698 tenore
1578 2631 1985 2715 presencium
2017 2631 2311 2699 volumus
2361 2630 2723 2717 peruenire,
2771 2623 2946 2712 quod

688 2740 942 2808 nobiles
996 2738 1118 2805 uiri
1169 2739 1400 2804 Petrus
1436 2736 1668 2803 Comes
1720 2736 1890 2804 filius
1938 2738 2250 2824 Tyburcij
2291 2738 2600 2817 Comitis,
2651 2745 2714 2803 et
2763 2736 2948 2801 Iwan

578 2913 589 2917 -
690 2829 862 2914 filius
896 2847 1120 2914 Kenez
1153 2846 1239 2911 ab
1271 2866 1404 2911 vna
1434 2852 1658 2930 parte;
1709 2838 1935 2912 Petrus
1987 2852 2051 2911 et
2100 2844 2418 2912 Nicolaus
2459 2843 2757 2926 Comites,
2811 2843 2946 2909 offl-

691 2954 893 3021 ciales
926 2973 1216 3021 sororum
1256 2951 1340 3017 de
1379 2951 1607 3018 Insula
1640 2951 1931 3036 Virginis
1966 2952 2268 3020 Gloriose
2298 2974 2414 3040 pro
2450 2951 2691 3020 eisdem
2724 2951 2949 3018 sorori-

689 3063 810 3128 bus
863 3082 946 3127 ex
995 3061 1205 3127 altera
1255 3079 1469 3125 coram
1519 3059 1706 3125 nobis
1757 3060 2190 3144 personaliter
2239 3058 2611 3146 constituti,
2660 3058 2951 3144 prefatus

694 3168 923 3237 Comes
954 3168 1184 3236 Petrus
1220 3167 1390 3234 filius
1422 3165 1731 3252 Tyburcij
1776 3167 2042 3234 Comitis
2081 3167 2454 3250 porcionem
2495 3186 2704 3251 suam,
2755 3185 2950 3248 quam

693 3276 891 3343 habet
923 3276 989 3341 in
1022 3284 1198 3343 terra
1225 3272 1466 3341 Pomaz
1485 3326 1504 3360 ,
1556 3280 1809 3340 centum
1844 3275 2193 3357 sexaginta
2242 3281 2306 3340 et
2345 3281 2624 3356 quatuor
2653 3275 2950 3357 iugerum

693 3402 836 3449 cum
869 3382 1110 3469 seneto,
1144 3381 1452 3448 uidelicet
1499 3382 1691 3449 terris
1742 3380 2125 3462 arabilibus,
2174 3380 2426 3448 duabus
2480 3381 2685 3449 uineis
2729 3387 2790 3449 et
2822 3401 2950 3447 vno

692 3490 835 3557 loco
873 3490 1084 3575 vinee,
1133 3507 1212 3555 ac
1244 3488 1394 3573 alijs
1424 3474 1807 3573 apendicijs=
1843 3489 2048 3574 ipsius
2087 3489 2413 3575 porcionis
2444 3488 2781 3569 vniuersis,
2832 3495 2952 3555 ter·

694 3599 783 3700 gis
815 3597 1049 3666 Jacobi
1083 3603 1158 3664 et
1179 3597 1442 3664 Comitis
1474 3597 1801 3681 Marcelli,
1849 3596 2219 3664 Salamonis
2273 3596 2430 3664 dicti
2458 3598 2743 3683 Tumpa‚
2797 3597 2952 3663 item

695 3706 881 3774 terris
915 3705 1196 3775 filiorum
1227 3705 1408 3771 Petri
1441 3703 1521 3770 de
1552 3704 1812 3790 Nemty,
1846 3702 2148 3774 Ladizlai
2180 3703 2263 3772 de
2295 3704 2546 3789 eadem,
2588 3706 2741 3773 item
2762 3706 2954 3773 terris

694 3816 951 3882 Andree
988 3814 1103 3900 filij
1148 3813 1364 3881 Samel
1414 3813 1495 3879 de
1548 3812 1825 3897 Symche
1888 3820 1951 3879 et
2012 3814 2291 3881 Peterke
2323 3814 2858 3881 conterminalem
2892 3819 2957 3880 et

700 3922 1023 4006 uicinam3
1057 3924 1211 3988 item
1248 3922 1433 3990 Iwan
1464 3921 1634 3990 filius
1666 3922 1881 3990 Kenez
1915 3919 2356 4008 quadruginta
2387 3921 2616 4009 iugera
2635 3928 2954 3990 terrarum

699 4026 781 4093 de
811 4037 988 4096 terra
1016 4047 1157 4114 sua,
1206 4049 1400 4113 quam
1432 4028 1631 4097 habet
1664 4030 1732 4095 in
1766 4030 2023 4117 Pomaz,
2062 4049 2205 4096 cum
2243 4031 2461 4099 seneto
2491 4026 2715 4099 decem
2750 4029 2952 4097 salca-

701 4144 838 4204 stra
871 4136 1271 4205 sufficicncia
1302 4135 1476 4224 (igy)
1510 4138 1763 4208 duobus
1800 4137 1959 4206 locis
1994 4139 2370 4227 uinearum,
2420 4141 2627 4208 tribus
2667 4138 2884 4207 fundis
2917 4160 2960 4204 a

698 4252 881 4330 parte
931 4241 1197 4313 orientis
1250 4244 1432 4313 iuxta
1471 4248 1727 4334 'I'umpa
1759 4245 2174 4318 Salamonem
2213 4248 2568 4316 existentes
2590 4300 2608 4334 ,
2684 4248 2803 4316 sub
2836 4247 2958 4315 eis-

701 4350 848 4420 dem
882 4353 1110 4437 metis,
1162 4353 1369 4437 signis
1421 4361 1487 4422 et
1521 4355 1837 4442 terminis,
1885 4355 2119 4437 quibus
2153 4355 2473 4425 hactenus
2506 4356 2704 4443 ijdem
2737 4376 2958 4443 posse-

702 4457 952 4547 derunt,
1001 4461 1170 4529 sicut
1200 4461 1391 4530 bomo
1426 4470 1645 4532 noster
1678 4465 1763 4532 ad
1796 4464 1917 4530 hoc
1946 4464 2316 4550 specialiter
2368 4465 2727 4533 destinatus
2773 4464 2962 4532 nobis

702 4562 888 4654 dixit,
937 4567 1216 4637 confessi
1251 4575 1405 4637 sunt
1437 4570 1835 4660 vendidisse,
1883 4570 2231 4642 tradidisse
2270 4580 2336 4641 et
2367 4573 2741 4659 assignasse
2772 4572 2965 4640 dictis
