3319 5249
1336 398 1465 470 417

264 597 595 666 Arbenses
651 616 843 680 quam
876 597 1211 663 Nouenses
1263 614 1477 663 eoram
1508 595 1699 663 nobis
1761 596 2209 682 prenominato
2258 597 2522 681 Pasqua
2595 668 2600 675 ,

267 703 349 772 de
381 704 728 771 Varioasse
768 702 994 787 judice
1042 703 1284 770 arbitro
1335 704 1745 770 sacramento
1790 703 2180 786 jurauerunt
2228 705 2315 771 ad
2365 708 2523 773 San-

266 818 373 879 ota
423 812 548 880 Dei
599 811 964 894 Euangelia
1031 829 1227 897 super
1279 809 1511 877 librum
1563 810 1925 895 predictum
1987 830 2214 896 pacem
2265 821 2331 880 et
2379 834 2525 879 oon-
2635 792 2644 809 ’

268 916 580 1006 cordiam,
630 938 710 984 ae
758 920 1159 986 sentenciam
1204 922 1489 986 nostram
1511 970 1530 1004 ,
1603 925 1668 983 et
1715 919 1933 984 omnia
1983 925 2047 984 et
2107 919 2363 1002 singula
2424 941 2524 987 sa·

266 1032 603 1094 eramenta
651 1030 716 1092 et
763 1034 958 1112 pacta
1017 1025 1309 1113 antiqua,
1374 1026 1565 1112 plene
1628 1024 1968 1095 attendere
2017 1033 2081 1092 et
2125 1024 2522 1108 obser-nare,

268 1139 334 1199 et
400 1133 615 1200 facere
679 1133 1016 1200 obseruari
1079 1139 1142 1199 et
1202 1129 1450 1200 attendi
1513 1154 1630 1219 per
1695 1132 2049 1219 Ciuitates,
2114 1139 2176 1198 et
2237 1132 2528 1200 Commu-

268 1242 381 1307 nia
415 1249 478 1307 et
509 1239 823 1325 Diuisum,
855 1247 919 1306 et
952 1240 1017 1306 in
1052 1239 1230 1307 nullo
1265 1240 1714 1307 contrauenire
1745 1240 1864 1307 sub
1900 1261 2073 1325 pena
2107 1241 2171 1306 M
2205 1240 2518 1307 librarum
2605 1254 2612 1267 “

267 1344 927 1435 εθοιιηᾱιιωζῖοηῑιαω
977 1347 1442 1430 compromissi.
1478 1346 1686 1431 Super
1721 1350 1903 1414 ouius
1937 1356 2157 1415 nostre
2191 1348 2522 1416 arbitralis

267 1454 674 1522 diffinicione
734 1454 1031 1521 Nobilem
1081 1455 1290 1520 virum
1346 1453 1707 1521 Guidonem
1765 1454 1844 1519 de
1921 1454 2269 1522 Varioassa
2319 1454 2525 1521 oiuem

267 1563 654 1630 Jadrensem
705 1561 1158 1628 constituimus
1222 1567 1287 1626 et
1321 1560 1619 1627 dedimus
1651 1561 1718 1626 in
1752 1559 2157 1628 Prestaldum
2191 1559 2277 1627 ad
2308 1563 2526 1629 omnia

269 1670 719 1753 suprascripta
750 1668 972 1737 taliter
1003 1666 1510 1755 percomplendi.

489 1775 574 1841 Et
600 1795 720 1860 ego
751 1777 1239 1861 prenominatus
1274 1774 1593 1842 Guidotus
1631 1774 1714 1839 de
1747 1774 2114 1857 Varioasse,
2148 1775 2526 1843 Prestaldus

271 1903 470 1969 super
489 1881 614 1951 hoe
633 1884 1034 1965 constitutus,
1073 1884 1289 1949 omnia
1322 1902 1448 1963 que
1482 1883 1784 1967 superius
1817 1886 1965 1946 sunt
1995 1901 2326 1969 expressa,
2362 1904 2516 1950 vera

274 2010 422 2058 esse
442 1989 746 2059 testificor
771 1990 836 2055 in
854 1991 1067 2057 salute
1089 1991 1305 2055 anime
1328 2008 1465 2054 mee
1485 2009 1703 2054 eoram
1736 1988 1838 2054 his
1859 1988 2195 2057 Nobilibus
2228 1991 2381 2055 viris
2411 1989 2452 2056 J
2458 2011 2523 2056 a·

275 2096 413 2184 dre,
446 2097 695 2165 vocatis
728 2105 791 2164 et
823 2098 1070 2179 rogatis
1121 2096 1431 2164 testibus:
1484 2096 1700 2162 Dessa
1733 2094 1814 2161 de
1845 2095 2161 2180 Fafogna,
2196 2096 2525 2163 Friderico

275 2203 605 2288 quondam
626 2203 966 2287 Grisogoni
988 2202 1067 2270 de
1088 2206 1333 2289 Maur-0,
1367 2209 1431 2268 et
1461 2201 1669 2269 Paulo
1704 2201 1787 2266 de
1819 2202 2129 2289 Boraohe,
2173 2203 2524 2270 Thomasio

275 2312 559 2397 Penazo,
605 2310 924 2377 Damiano
974 2310 1057 2376 de
1088 2308 1388 2394 SloradO,
1423 2308 1682 2375 Prodde
1714 2308 1795 2374 de
1830 2310 2015 2393 Cosa,
2049 2311 2285 2376 Barthe
2319 2332 2516 2393 quon-

278 2417 432 2483 dam
465 2417 814 2501 Grisogoni
847 2417 927 2484 de
960 2420 1201 2501 Mauro,
1234 2417 1657 2484 Jadrensibus
1691 2418 1942 2484 ciuibus
1974 2424 2038 2484 et
2068 2417 2239 2507 alijs.

497 2526 636 2610 Ego
686 2525 945 2607 Pasqua
998 2523 1080 2589 de
1132 2524 1476 2590 Varieasse
1518 2522 2000 2608 suprascriptus
2033 2524 2234 2594 Iudex
2263 2526 2527 2593 Arbiter

283 2633 456 2699 inter
484 2631 814 2699 Arbenses
848 2640 911 2698 et
942 2632 1284 2699 Nouenses
1318 2651 1577 2697 manum
1612 2633 1780 2699 misi.

499 2739 641 2822 Ego
672 2739 874 2806 Stane
908 2738 989 2804 de
1013 2738 1359 2807 Varicasse
1392 2738 1796 2803 examinator
1828 2759 2087 2805 manum
2121 2759 2327 2805 meam
2361 2741 2532 2807 misi.

500 2848 640 2929 Ego
692 2847 1010 2913 Henrious
1059 2846 1387 2931 Imperiali
1440 2846 1824 2912 auctoritate
1875 2846 2180 2914 Notarius
2230 2853 2296 2914 et
2326 2846 2538 2915 Judex

286 2953 554 3020 Juratus
585 2951 687 3018 his
719 2952 1021 3042 interfui3
1053 2960 1119 3020 et
1148 2959 1412 3036 rogatus
1445 2952 1677 3038 scripsi
1709 2961 1772 3021 et
1804 2954 2124 3020 roboraui.

289 3149 538 3215 (Lucius.
581 3150 647 3201 de
687 3150 877 3215 Regno
923 3151 1231 3202 Dalmatiae
1280 3157 1333 3201 et
1360 3150 1646 3202 crovatiae
1673 3151 1798 3201 libri
1824 3163 1932 3211 sex,
1962 3150 2097 3200 Bees
2129 3152 2279 3200 1768.
2325 3152 2442 3200 178.
2473 3150 2533 3216 l.)

1207 3437 1631 3450 m

1341 3860 1497 3926 298.

680 4057 863 4125 Trau
892 4059 1084 4124 vdms
1117 4058 1520 4125 tandcsdnak
1549 4051 1942 4124 vdlasztdsa.
1980 4055 2175 4125 1284.

515 4253 643 4319 Die
664 4250 1007 4319 Dominioo
1028 4250 1173 4317 XV.
1209 4248 1508 4318 Octobris
1539 4252 1628 4316 ΜΟ
1661 4251 1787 4317 00⁰
1818 4250 2099 4316 LXXX⁰
2133 4257 2380 4336 quarto,
2402 4269 2550 4316 eon-

307 4358 594 4443 gregatis
643 4355 1009 4444 Judioibus‚
1064 4355 1493 4442 consiliariis,
1537 4364 1602 4423 et
1649 4358 1945 4440 pluribus
1994 4355 2148 4441 aliJs
2180 4356 2544 4423 hominibus

311 4465 677 4533 volentibus
729 4466 951 4532 venire
1001 4463 1069 4528 in
1099 4463 1322 4549 platea
1352 4461 1658 4548 Tragurij
1696 4461 1872 4530 faeta
1901 4463 2022 4530 fuit
2055 4465 2299 4531 eleeoio
2331 4464 2548 4531 Consi-

312 4569 641 4640 liariorum
675 4568 943 4654 Consilii
981 4569 1321 4657 presentis,
1354 4568 1527 4637 datis
1555 4569 1920 4655 quindecim
1976 4571 2287 4656 ballottis,
2308 4576 2554 4655 septem

311 4676 575 4763 seriptis
598 4682 664 4744 et
680 4683 826 4745 octo
858 4696 986 4745 non
1018 4677 1301 4763 seriptis,
1334 4696 1512 4744 more
1540 4677 1753 4744 solito.
1789 4675 1914 4753 Qui
1949 4676 2320 4762 Consiliarij
2359 4677 2551 4745 electi

400 4808 607 4853 ιοιπκ.
624 4808 803 4851 viruue-
834 4808 976 4852 ms‘r.
1003 4817 1092 4835 —-
1124 4810 1342 4851 nmen.
1390 4802 1465 4852 ¹⁷.
2159 4786 2244 4852 2‘1
