3319 5249
1321 347 1448 414 353

291 541 481 614 lesimo
530 544 962 613 ducentesimo
1013 547 1408 631 octagesimo
1471 544 1711 630 tercio,
1761 544 1967 630 Regni
2020 551 2233 613 autem
2292 546 2499 612 nostri

295 676 436 722 anno
466 655 823 723 vndecimo.

295 852 538 915 (Eredetie
575 852 924 922 bo'rhartyzin,
951 871 985 906 a
1028 856 1196 923 sugg&
1241 853 1428 923 pecset
1451 857 1747 918 elveszett3
1775 868 1809 904 a
1834 854 1999 904 budai
2028 854 2131 905 kir.
2158 854 2408 905 kamarai
2428 854 2501 905 le·

1218 944 1539 1012 vehar-ban.)
2060 957 2071 965 ·

1167 1205 1594 1214 Ὴ-ψ-,..-

1300 1666 1450 1737 251.

274 1873 374 1939 IV.
405 1873 634 1942 Lctszld
680 1871 900 1956 kirdly
923 1866 1550 1958 sbfequerno'ke'nek
1601 1865 1956 1934 Endre'nek
1990 1868 2117 1935 oda
2145 1869 2289 1935 itai
2328 1861 2503 1936 Vita-

686 1981 787 2060 lis,
822 1978 1080 2043 Henrik
1098 1977 1336 2061 fia'nak
1369 1985 1568 2044 &sszes
1581 1977 1832 2061 javait.
1870 1977 2064 2043 1283.

466 2180 604 2247 Nos
652 2177 998 2246 Ladizlans
1046 2174 1167 2241 Dei
1201 2176 1429 2259 gracia
1455 2176 1596 2241 Rex
1628 2174 1911 2259 Vngarie
1942 2173 2376 2260 significamus
2410 2182 2502 2245 te·

265 2308 408 2357 nore
454 2287 865 2376 presencium
912 2283 1247 2372 vniuersis,
1298 2281 1467 2367 quod
1517 2284 1583 2350 in
1632 2284 1956 2351 communi
1988 2284 2497 2369 congregacione

269 2395 589 2465 Baronum
612 2405 676 2465 et
694 2394 1017 2464 Nobilium
1040 2394 1243 2478 Regni
1265 2393 1487 2477 nostri,
1510 2391 1700 2460 nobis
1733 2412 1877 2460 cum
1910 2392 2130 2460 eisden
2149 2392 2507 2463 Batonibus

263 2503 659 2586 sedentibus,
685 2503 983 2572 Andreas
1013 2501 1187 2569 filius
1213 2501 1478 2588 Chopou
1513 2501 1745 2570 Comes
1766 2500 2226 2586 armigerorum
2259 2509 2504 2571 nostro·

263 2631 411 2700 rum,
436 2633 714 2699 surgens
745 2613 812 2680 in
843 2610 1120 2679 medinm
1151 2610 1484 2698 proposuit
1514 2610 1982 2697 conquerendo,
2004 2609 2179 2697 quod
2210 2608 2495 2681 Jacobus

260 2728 318 2787 et
333 2721 596 2790 Vitalus
613 2722 726 2807 filij
751 2720 1001 2788 Hertici
1033 2721 1214 2788 balbi
1245 2719 1718 2806 possessionem
1752 2738 1937 2786 suam
1970 2720 2153 2786 Paab
2201 2733 2500 2788 vocatam

259 2828 784 2900 inmiserabiliter
818 2830 1305 2915 destruxissent,
1359 2830 1695 2915 equaciam
1745 2829 1950 2916 ipsius
1980 2850 2250 2899 numero
2281 2838 2501 2917 septu·

257 2940 480 3024 aginta
531 2949 667 3009 tres
716 2948 782 3008 et
831 2938 992 3009 duos
1044 2938 1393 3007 destrarios
1443 2940 1818 3006 emissarios
1868 2939 1935 3005 in
1991 2939 2279 3039 eisdem3
2348 2938 2505 3006 item

258 3050 690 3136 quadraginta
718 3070 953 3136 pecora
983 3050 1050 3116 in
1083 3048 1287 3116 bobus
1314 3054 1377 3115 ct
1406 3049 1472 3114 in
1503 3048 1742 3134 vaccis,
1766 3069 1845 3116 ao
1867 3047 2002 3116 alia
2034 3052 2203 3118 bona
2236 3049 2503 3118 mobilia

257 3168 315 3221 et
357 3158 706 3225 inmobilia
750 3159 821 3225 in
871 3158 1018 3242 ipsa
1067 3156 1500 3243 possessione
1532 3156 1792 3242 penitus
1841 3157 2214 3245 auferendo,
2249 3168 2500 3245 septem

254 3263 712 3350 iobagionibus
731 3265 865 3334 suis
898 3265 1270 3351 interfectis,
1305 3271 1371 3332 et
1400 3265 1554 3351 alijs
1587 3265 2080 3353 quampluribus
2112 3270 2490 3337 uolneratis.

257 3370 492 3441 Verum
546 3375 701 3459 quia
750 3373 1168 3460 querimonijs
1222 3381 1287 3442 et
1317 3374 1793 3441 assercionibus
1822 3374 1959 3442 suis
2010 3376 2195 3443 multi
2248 3376 2331 3446 de
2382 3378 2501 3444 Ba·

248 3483 512 3553 renibus
547 3491 612 3552 et
661 3484 1006 3552 Nobilibus
1055 3483 1265 3569 Regni
1318 3485 1519 3550 nostri
1571 3482 1654 3549 de
1689 3483 2021 3569 premissis
2056 3488 2500 3553 testimonium

256 3591 710 3681 perhibebant,
774 3593 928 3660 licet
989 3592 1263 3680 predic‘i
1325 3590 1444 3683 filij
1512 3591 1764 3661 Horrici
1827 3613 1898 3661 se
1960 3596 2026 3661 in
2061 3594 2209 3681 ipsa
2240 3616 2499 3682 congre-

261 3702 533 3783 gacione
569 3710 956 3789 presentare
986 3700 1461 3787 neglexissent3
1515 3699 1743 3771 habita
1792 3700 2269 3772 deliberacione
2309 3707 2506 3773 Baro·

250 3826 396 3877 num
417 3821 484 3878 et
506 3810 835 3881 Nobilium
857 3812 1061 3897 Regni
1096 3812 1322 3907 nostri,
1358 3811 1769 3881 decrenimus
1800 3832 1943 3881 cum
1980 3813 2241 3893 eisdem,
2279 3834 2501 3882 omnes

257 3923 704 4004 possessiones
728 3921 1155 4007 predictorum
1177 3918 1455 3988 filiorum
1478 3920 1757 4008 Herrici,
1793 3922 2165 4009 porcionem
2200 3923 2510 3993 uideiicet

251 4047 462 4099 eorum
484 4030 955 4116 contingent-es,
974 4031 1101 4117 ipsi
1120 4031 1350 4099 Gomiti
1374 4031 1632 4099 Andree
1652 4053 1767 4120 pro
1801 4033 2111 4119 dampnis
2155 4040 2222 4101 et
2252 4031 2510 4119 inim-ijs

256 4137 462 4207 eidem
516 4140 820 4225 irrogatis
872 4158 1211 4208 remanere
1262 4139 1523 4207 iusticia
1569 4143 1893 4226 exigente.
1944 4143 2187 4211 Datum
2225 4140 2409 4209 Bude
2441 4141 2512 4208 in

254 4242 582 4315 dominica
601 4248 896 4336 proxima
915 4255 1068 4316 ante
1101 4247 1338 4317 festum
1367 4247 1592 4317 Sancti
1621 4248 1941 4319 Johannis
1974 4250 2291 4339 Baptiste.

259 4440 368 4510 (IV.
390 4444 715 4504 Mulon-k
737 4463 924 4521 ugyan
948 4449 1170 4502 128³·ki
1197 4450 1320 4504 252.
1348 4464 1421 4502 ss.
1449 4464 1500 4501 a.
1527 4447 1853 4517 megersssitss
1879 4448 2286 4519 okmfinyabolg
2307 4466 2343 4505 a
2368 4450 2515 4507 buda

974 4540 1079 4595 kir.
1109 4542 1356 4594 kamarai
1382 4538 1790 4612 leveltaraiban.)

342 4825 556 4871 nonen.
589 4827 752 4870 nunc.
789 4825 925 4873 urst.
955 4838 1043 4855 -·
1074 4828 1293 4869 nin-on.
1328 4823 1399 4870 17.
2096 4810 2182 4875 23
