3319 5249
1799 364 1929 433 288

738 560 909 627 Pous
940 560 1113 629 filius
1145 559 1320 627 Petri
1353 579 1435 626 ex
1465 559 1699 648 altera,
1721 580 1914 645 super
1944 558 2364 645 prouentibus
2397 557 2706 645 ipsorum,
2727 558 2985 627 scilicet

634 694 635 699 ¹
742 676 913 735 terre
963 670 1165 738 Oocso
1213 669 1432 737 taliter
1480 668 1850 736 ordinatum
1902 676 2003 738 est
2051 670 2219 737 inter
2268 670 2444 755 ipsos
2488 688 2680 754 super
2710 667 2986 734 eandem

739 785 1007 865 terram,
1059 784 1128 844 ut
1178 797 1331 864 pars
1381 796 1513 843 una
1562 776 1992 846 occidentalis
2042 775 2289 844 eisdem
2336 774 2556 843 Padar
2606 783 2673 843 et
2722 775 2985 844 Matheo

606 864 612 875 ’
738 883 1077 969 successit;
1126 883 1412 952 Johanni
1460 891 1523 950 et
1572 883 1872 969 Tiodoro,
1924 883 2251 969 Stephano
2271 935 2288 969 ,
2341 882 2635 970 Nycolao
2692 890 2756 950 et
2804 883 2983 950 Pous

736 991 1083 1061 nominatis
1131 1013 1212 1074 ex
1261 998 1448 1077 parte
1493 992 1909 1060 meridionali
1942 992 2239 1060 similiter
2271 992 2613 1079 successit,
2646 990 2986 1078 Stephano

737 1109 802 1169 et
850 1101 1084 1169 Minori
1140 1100 1365 1167 eadem
1407 1107 1581 1167 terra
1613 1107 1832 1186 empta
1862 1109 2170 1189 perpetuo
2202 1123 2317 1188 per
2347 1102 2702 1188 postulata.
2734 1100 2988 1166 Tamen

738 1206 889 1276 istis
930 1209 1102 1277 idem
1153 1208 1498 1277 nominatis
1545 1210 1849 1296 Johanni,
1898 1210 2181 1295 Tiodori,
2216 1211 2545 1295 Stephano
2579 1210 2870 1297 Nycolao
2907 1215 2972 1276 et

734 1317 928 1406 Pous,
976 1317 1192 1385 Padar
1241 1324 1303 1384 et
1343 1317 1640 1385 Matheus
1673 1319 1983 1386 miserunt
2012 1318 2219 1387 eidem
2253 1317 2319 1384 in
2353 1338 2530 1386 erum
2563 1337 2777 1386 ereum
2810 1315 2984 1405 (igy)

737 1426 1125 1509 eredumque
1157 1427 1639 1494 successoribus
1674 1427 2195 1495 inreuocabiliter
2224 1426 2725 1513 possidendam;
2765 1426 2859 1492 ita
2886 1435 2981 1493 ta-

737 1553 904 1621 men,
955 1534 1128 1617 quod
1179 1554 1399 1601 omnes
1448 1534 1662 1602 litterc
1710 1536 1995 1622 ipsorum
2028 1536 2272 1622 priores
2305 1536 2715 1602 destruentur
2744 1542 2809 1601 et
2837 1555 2982 1601 eua-

735 1649 1021 1726 nescunt,
1051 1642 1191 1709 siue
1218 1642 1723 1713 contradictores
1754 1644 2141 1715 litterarum.
2165 1645 2249 1709 Et
2288 1644 2354 1712 in
2386 1644 2616 1711 mediis
2649 1651 2820 1711 terre
2847 1651 2979 1711 tres

735 1760 938 1821 metas
989 1760 1522 1838 composueruut;
1574 1752 1784 1838 prima
1833 1762 2006 1821 meta
2039 1775 2118 1821 ex
2153 1761 2338 1840 parte
2371 1753 2708 1841 orientali3
2742 1754 2978 1822 deinde

735 1860 873 1928 alia
904 1867 1076 1927 meta
1107 1862 1284 1927 circa
1314 1881 1622 1945 magnam
1655 1862 1870 1946 uiam;
1923 1869 2127 1931 tercia
2158 1864 2225 1929 in
2256 1863 2535 1930 confinia
2563 1871 2732 1930 terre
2761 1863 2980 1957 Padar

736 1977 800 2037 et
831 1969 1163 2049 Matheus3
1198 1977 1446 2054 partem
1471 1970 1786 2057 Stephani
1818 1971 2131 2039 miserunt
2159 1969 2307 2038 istis
2338 1971 2494 2039 filiis
2523 1972 2651 2039 filie
2684 1992 2799 2039 sue
2831 1970 2982 2038 filiis

733 2078 909 2145 Petri
942 2077 1442 2144 successoribus.
1467 2078 1847 2163 Quicunque
1880 2087 2096 2148 autem
2114 2100 2198 2145 ex
2216 2079 2379 2166 ipsis
2399 2079 2686 2164 aliquam
2709 2099 2975 2146 causam

734 2193 1085 2272 amoueret,
1118 2187 1260 2255 siue
1290 2186 1505 2254 Padar
1535 2188 1675 2255 siue
1705 2187 1999 2256 Matheus
2032 2188 2174 2255 siue
2204 2187 2325 2254 filii
2347 2187 2716 2274 eorundem,
2737 2186 2982 2272 periuri

735 2301 799 2361 et
827 2294 1365 2381 calumpniatores
1397 2303 1866 2382 permanerent.
1901 2299 2111 2383 Super
2143 2298 2263 2364 hoc
2283 2296 2529 2364 eisdem
2551 2296 2981 2364 concessimus

733 2404 991 2470 litteras
1041 2402 1242 2487 sigilli
1292 2403 1495 2471 nostri
1543 2406 1890 2474 munimine
1942 2409 2298 2475 roboratas.
2348 2408 2536 2474 Anno
2587 2404 2846 2473 Domini
2878 2405 2979 2470 Μο

732 2512 871 2579 00⁰
903 2514 1362 2595 octuagesimo.
2435 2532 2452 2542 ²

736 2690 975 2777 (E'redeti
1018 2710 1364 2779 bothartyan,
1408 2714 1634 2779 melyrffl
1678 2730 1713 2766 a
1738 2715 2086 2766 konventnek
2109 2712 2353 2781 pecsetjo
2378 2715 2865 2767 violaszinfi-vorsss
2889 2731 2969 2766 se-

1071 2803 1461 2869 lycmzsinoron
1488 2802 1654 2871 fiigg,
1681 2821 1715 2856 a
1740 2801 1985 2871 Barczay
2011 2802 2197 2857 csalad
2224 2802 2641 2875 leveltaeirahan.)

1783 3637 1935 3704 206.

727 3818 788 3884 A
824 3819 1031 3905 quhi
1060 3818 1441 3883 konventnek
1457 3819 1757 3903 jelente'se
1790 3844 1834 3883 a
1865 3821 2226 3906 kirczlykoz,
2260 3821 2422 3908 hoyy
2450 3821 2742 3886 Demeter
2777 3844 2971 3887 eomes

774 3928 1087 3992 Kuntnak
1105 3928 1209 4010 fia
1244 3923 1447 4014 Chery
1480 3936 1640 3992 nevil
1654 3929 1930 4013 fb’ldnek
1960 3930 2291 3994 biviokdba
2324 3930 2692 3995 iktattatott.
2729 3931 2920 3993 1280.

937 4124 1493 4193 Excellentissimo
1523 4127 1800 4193 Domino
1833 4147 1948 4193 suo
1981 4125 2295 4194 Ladizlao
2327 4127 2451 4193 Dei
2481 4132 2706 4212 gracia
2727 4127 2968 4193 illustri

724 4234 888 4318 Regi
922 4234 1256 4317 Huugarie
1287 4236 1663 4318 Prepositus
1697 4243 1761 4301 et
1794 4237 2163 4303 Conuentus
2198 4238 2487 4303 Fratrum
2527 4235 2788 4305 Ordinis
2822 4237 2966 4303 Pre-

728 4342 1291 4409 monstratensium
1327 4342 1409 4408 de
1442 4341 1623 4426 Saag
1649 4343 1987 4410 oraciones
2019 4345 2086 4409 in
2118 4343 2415 4412 Domino.
2468 4346 2766 4431 Receptis
2802 4344 2972 4410 litte-

724 4452 816 4517 ris
848 4452 1078 4519 Uestre
1096 4452 1584 4536 Magnificencie
1616 4453 1907 4519 misimus
1927 4452 2246 4519 hominem
2265 4462 2554 4520 nostrum
2573 4454 2965 4538 fidedignum

722 4581 865 4627 cum
915 4561 1195 4647 Ananya
1242 4560 1502 4628 homine
1554 4569 1764 4630 uestro
1813 4583 1932 4648 pro
1974 4566 2363 4650 testimoniO,
2395 4565 2505 4648 qui
2541 4564 2952 4650 postmodum

728 4690 871 4735 cum
922 4668 1148 4736 eodem
1200 4670 1455 4740 homine
1506 4678 1721 4740 uestro
1772 4672 1854 4737 ad
1893 4692 2009 4739 nos
2041 4693 2338 4741 reuersus
2372 4672 2552 4763 dixit,
2589 4673 2760 4758 quod
2794 4675 2968 4740 idem
