3319 5249
1791 333 1882 397 84

710 533 950 618 disset,
1002 536 1065 596 et
1115 550 1232 614 per
1282 527 1593 595 Comitem
1644 526 1975 593 Abrabam
2030 524 2111 591 de
2142 525 2408 610 Byzinio
2458 525 2659 592 statui
2710 523 2973 592 fecisset

708 641 775 706 in
828 639 994 705 filios
1047 638 1326 704 tiliorum
1387 642 1696 720 perpetuo
1749 634 2236 721 possidendam.
2290 636 2414 699 stb.
2493 635 2730 700 Datum
2786 633 2972 700 Bude

708 746 1214 832 quadragesimo
1275 744 1381 810 die
1446 751 1820 810 octauarum
1884 742 2035 810 festi
2100 743 2286 809 Beati
2351 743 2615 828 Georgij
2682 742 2970 808 martiris

711 876 882 921 anno
914 852 1176 920 Domini
1210 851 1558 918 millesimo
1592 849 2229 936 quadringentesimo
2263 850 2620 917 vndecimo.

713 1035 983 1099 (Eredetie
1025 1029 1386 1097 biirlnirtyae'm,
1422 1046 1456 1081 a
1499 1027 1799 1096 kinilynak
1844 1028 1995 1082 hatul
2025 1033 2128 1082 oda
2168 1038 2413 1097 nyomott
2438 1030 2676 1097 pecsetje
2719 1030 2892 1092 alatt3
2937 1046 2973 1081 a

1341 1123 1511 1173 budai
1553 1124 1656 1172 kir.
1695 1122 1939 1173 kamarai
1981 1119 2360 1185 leveltarban.)

1785 1748 1896 1816 47.

718 1952 797 2014 X.
848 1949 1117 2034 Gerqely
1155 1953 1340 2034 palpa
1410 1948 1475 2013 V.
1527 1950 1748 2012 Istvd‘n
1798 1950 1859 2012 e's
1912 1945 2024 2011 IV.
2070 1946 2300 2010 La'szld
2346 1946 2775 2030 kira'lyoknak
2815 1945 2979 2032 Epel

715 2061 1022 2145 helyseyet
1075 2059 1380 2141 tcirqyazd
1429 2058 1823 2141 adomdnydt
1873 2078 1953 2119 az
2002 2055 2364 2138 eszterqami
2410 2056 2648 2138 etha'z
2677 2058 2977 2118 sza'nuira

1239 2164 1736 2252 helybenhaqyja
1768 2167 1830 2229 6³
1861 2166 2223 2248 meyerbse'ti.
2273 2167 2467 2229 1274.

935 2360 1292 2444 Gregorius
1353 2360 1718 2444 Episcopus
1797 2379 2021 2425 seruus
2103 2378 2432 2426 seruorum
2493 2358 2653 2436 Dei,
2715 2357 2978 2423 dilectis

719 2470 871 2554 filiis
905 2468 1203 2552 Capitulo
1237 2465 1530 2532 Ecclesie
1563 2466 2034 2548 Strigoniensis
2083 2467 2358 2534 salutem
2411 2472 2475 2532 et
2527 2449 2977 2552 Apostolicam

721 2576 1251 2646 benedictionem.
1302 2575 1463 2643 Cum
1515 2595 1557 2642 a
1585 2575 1775 2642 nobis
1818 2576 2074 2660 petitur,
2129 2576 2301 2659 quod
2354 2576 2593 2642 iustum
2626 2582 2725 2643 est
2774 2584 2841 2642 et
2868 2573 2979 2642 ho-

720 2694 996 2767 nestum,
1047 2691 1178 2749 tam
1232 2683 1417 2767 uigor
1465 2684 1805 2767 equitatiS,
1856 2704 2052 2768 quam
2106 2684 2259 2749 ordo
2313 2683 2515 2767 exigit
2565 2685 2858 2772 rationis,
2908 2692 2982 2751 ut

721 2795 786 2859 id
840 2815 955 2878 per
1004 2792 1509 2859 sollicitudinem
1572 2790 1767 2875 officij
1834 2792 2037 2858 nostri
2099 2790 2180 2857 ad
2236 2791 2525 2858 debitum
2587 2793 2983 2878 perducatur

720 2902 1039 2969 effectum.
1088 2898 1407 2967 Exhibita
1454 2899 1773 2982 siquidem
1823 2901 2009 2966 nobis
2042 2906 2262 2966 uestra
2309 2899 2543 2984 peticio
2584 2901 2979 2984 continebat,

720 3008 892 3095 quod
941 3010 1114 3075 clare
1166 3007 1472 3073 memorie
1503 3006 1876 3091 Stephanus
1932 3010 2071 3075 Rex
2103 3007 2388 3091 Vngarie
2438 3008 2660 3075 villam
2702 3008 2783 3075 dc
2814 3008 2980 3094 Epel

721 3122 788 3187 in
819 3120 1143 3186 Comitatu
1196 3116 1624 3199 Strigoniensi
1677 3117 2079 3202 existentem,
2128 3116 2214 3181 ad
2245 3117 2488 3198 Regem
2529 3116 2738 3200 ipsum
2778 3114 2982 3180 libere

723 3229 1171 3316 pertinentem,
1227 3246 1372 3293 cum
1406 3225 1702 3291 omnibus
1735 3224 1983 3293 iuribus
2031 3232 2097 3291 et
2138 3224 2561 3310 pertinencijs
2593 3224 2745 3308 suis,
2791 3223 2984 3290 uobis

663 3384 674 3389 h
723 3345 788 3403 et
818 3334 1246 3418 Strigoniensi
1290 3334 1587 3399 Ecclesie
1638 3354 1760 3419 pro
1811 3331 2092 3400 remedio
2142 3333 2357 3398 anime
2412 3331 2633 3398 inclite
2685 3329 2981 3397 recorda-

724 3445 932 3509 cionis
983 3443 1140 3510 Belo
1189 3443 1389 3526 Regis
1430 3424 1752 3524 Vnga'rie,
1824 3441 2033 3526 patris
2087 3441 2238 3508 dieti
2291 3440 2625 3527 Stephani,
2676 3440 2862 3505 duxit
2912 3441 2981 3506 in

724 3558 1101 3638 perpetuam
1134 3551 1553 3617 elemosinam
1586 3548 2095 3633 concedendam,
2120 3556 2186 3615 et
2217 3549 2590 3617 carissimus
2623 3549 2691 3614 in
2725 3548 2983 3614 Christo

724 3660 897 3726 filius
949 3664 1169 3726 noster
1214 3655 1567 3723 Ladizlaus
1617 3659 1757 3725 Rex
1804 3656 2095 3739 Vngarie
2142 3657 2445 3744 Illustris,
2501 3654 2982 3723 concessionem

724 3764 1090 3834 huiusmodi
1139 3771 1353 3832 ratam
1403 3766 1687 3847 habens,
1760 3784 1902 3829 cam
1966 3764 2361 3830 liberalitate
2411 3764 2623 3846 Regia
2670 3783 2750 3828 ex
2802 3770 2986 3829 certa

727 3875 1004 3943 scientia
1078 3874 1509 3959 approbauit,
1577 3879 1768 3957 prout
1818 3872 1883 3937 in
1937 3872 2312 3955 patentibus
2361 3871 2592 3938 litteris
2640 3870 2790 3936 inde
2838 3891 2985 3935 con·

725 3986 932 4067 fectis,
985 3985 1269 4070 ipsorum
1303 3980 1615 4066 Stephani
1669 3988 1734 4048 et
1766 3980 2058 4047 Ladizlai
2103 3981 2342 4066 sigillis
2381 3979 2671 4063 munitis,
2722 3978 2984 4061 plenius

725 4093 961 4159 dicitur
1009 4090 1345 4156 contineri.
1413 4090 1550 4156 Nos
1598 4090 1823 4173 itaque
1874 4092 2112 4156 uestris
2163 4087 2755 4175 supplicationibus
2803 4086 2986 4152 incli-

728 4199 905 4283 nati,
952 4197 1127 4282 quod
1178 4218 1372 4282 super
1424 4196 1545 4264 boc
1593 4196 1702 4282 pie
1753 4216 1832 4262 ac
1881 4196 2155 4281 prouide
2206 4195 2448 4261 factum
2499 4201 2615 4280 est,
2669 4199 2881 4259 ratum
2924 4200 2991 4260 et

727 4314 982 4391 gratum
1019 4304 1372 4388 habentes,
1419 4305 1485 4370 id
1535 4304 1922 4371 auctoritate
1971 4303 2352 4388 Apostolica
2406 4302 2878 4385 confirmamus,
2925 4309 2988 4366 et

725 4414 1047 4502 presentis
1095 4412 1321 4495 scripti
1372 4412 1727 4498 patrocinio
1778 4413 2267 4478 communimus.
2316 4412 2495 4478 Nulli
2537 4431 2692 4495 ergo
2726 4410 2988 4475 omnino

730 4522 1064 4590 hominum
1119 4522 1317 4588 liceat
1348 4522 1517 4586 hanc
1569 4519 1875 4605 paginam
1911 4526 2169 4586 nonstre
2220 4519 2722 4586 confirmationis
2764 4518 2988 4583 infrin-

727 4652 913 4718 gere,
981 4631 1083 4697 uel
1139 4632 1193 4696 ei
1250 4651 1414 4697 ausu
1472 4629 1818 4697 temerario
1868 4629 2209 4694 contraire.
2281 4630 2350 4696 Si
2404 4627 2549 4713 quis
2602 4634 2818 4694 autem
2868 4626 2991 4692 hoc
