3319 5249
1364 350 1484 414 113

1363 876 1467 972 τι.

275 1081 396 1147 IV.
429 1081 668 1148 Lctszld
695 1079 1041 1165 kirdlynak
1082 1077 1335 1143 Ta'rnok
1375 1084 1535 1141 ‘nevit
1549 1075 1766 1163 foldet
1815 1077 2134 1163 ta'rqyazd
2179 1077 2547 1176 qdomdnya

584 1213 630 1253 a
649 1188 966 1275 pozsonyi
996 1190 1119 1252 vdr
1149 1185 1289 1251 tsbb
1325 1184 1661 1286 Jobbdqya
1690 1189 2008 1251 sza'mdra.
2059 1188 2251 1252 12⁷5.

496 1395 850 1467 Ladizlaus
916 1399 1044 1467 Dei
1105 1399 1335 1484 gracia
1396 1399 1732 1483 Hungarie
1752 1449 1770 1483 ,
1816 1397 2160 1465 Dalmacie
2188 1450 2207 1485 ,
2249 1398 2545 1486 Croacie,

273 1511 531 1589 Rame,
580 1507 845 1593 Sei-uie,
895 1505 1174 1575 Gallicie
1194 1561 1213 1595 ,
1262 1505 1643 1574 Lodomerie
1663 1555 1684 1592 ,
1742 1506 2058 1573 Cumanie
2107 1506 2545 1591 Bulgarieque

281 1617 421 1682 Rex
453 1613 753 1680 omnibus
785 1612 1027 1681 Christi
1057 1615 1362 1682 fidelibus
1392 1629 1663 1700 presens
1712 1612 2029 1697 scriptum
2077 1612 2397 1680 habituris
2437 1634 2545 1680 sa·

283 1722 484 1789 lutem
515 1721 583 1787 in
616 1723 902 1789 omnium
936 1722 1281 1789 saluatore.
1345 1721 1451 1787 Ad
1481 1721 1927 1787 vniuersorum
1961 1720 2270 1788 noticiam
2313 1720 2547 1789 harum

275 1830 450 1897 serie
499 1829 796 1896 volumus
844 1830 1222 1914 peruenire,
1273 1828 1444 1913 quod
1477 1830 1706 1894 Petrus
1758 1834 1823 1895 et
1854 1827 2212 1895 Farcasius
2262 1829 2377 1916 filij
2416 1832 2547 1897 An·

284 1942 440 2006 dree
490 1938 575 2004 de
625 1940 903 2024 Ougya,
953 1958 1034 2004 ac
1064 1939 1320 2005 Endree
1368 1938 1569 2005 frater
1616 1938 1856 2021 Endre,
1896 1937 2287 2022 jobagiones
2330 1937 2542 2005 Castri

276 2047 487 2114 nostri
549 2045 1007 2129 Pos‘oniensis,
1074 2044 1430 2113 familiares
1492 2044 1738 2111 milites
1797 2045 2045 2113 Thome
2105 2046 2273 2111 Bani
2337 2048 2547 2114 tocius

280 2153 629 2220 Sclauonic
687 2152 908 2219 dilecti
958 2161 1023 2220 et
1059 2153 1276 2221 fidelis
1313 2154 1555 2236 nostri,
1607 2151 1697 2219 ad
1753 2159 1971 2218 nostre
2023 2152 2404 2223 Serenitatis
2435 2176 2544 2222 ve·

285 2262 548 2327 nientes
601 2260 1011 2346 presenciam
1060 2280 1104 2325 a
1134 2259 1319 2325 nobis
1363 2258 1839 2328 instantissime
1887 2260 2321 2348 postularunt,
2372 2264 2546 2347 quod

274 2370 365 2433 ob
428 2366 722 2432 fidelium
803 2351 1068 2434 suorum
1128 2365 1549 2435 seruiciorum
1616 2364 1876 2432 merita·
1918 2366 2242 2447 quandam
2304 2375 2544 2437 terram

275 2475 493 2542 Castri
543 2473 745 2541 nostri
775 2467 1210 2540 Posoniensis'
1233 2473 1501 2540 Tarnuk
1539 2478 1978 2558 nuncupatam
2031 2474 2206 2540 intra
2238 2474 2541 2560 Chyllou-

279 2582 409 2648 kuz
439 2580 848 2664 existentem,
897 2598 1174 2647 vacuam
1225 2586 1291 2647 et
1341 2577 1726 2663 desolatam,
1777 2580 1963 2647 iuxta
2010 2587 2217 2649 terras
2267 2583 2541 2651 filiorum

281 2688 484 2756 Latus
516 2691 786 2774 Ferreg,
838 2695 904 2756 et
933 2695 1170 2756 terram
1206 2686 1708 2755 vduornicorum
1740 2687 1822 2753 de
1856 2689 2061 2775 Paka,
2096 2710 2174 2756 ac
2205 2692 2388 2778 Moys
2420 2694 2540 2778 filij

277 2795 528 2880 Petrus,
574 2816 696 2863 nec
747 2818 876 2863 non
925 2802 991 2863 et
1038 2804 1278 2864 terram
1331 2795 1485 2863 ville
1516 2795 1706 2860 Paka
1757 2795 1839 2863 de
1879 2795 2146 2863 Cbukar
2177 2798 2389 2885 sitam,
2442 2802 2543 2869 eis

277 2901 576 2969 conferre
627 2901 709 2970 de
742 2904 1146 2988 benignitate
1183 2905 1397 2987 Regia
1446 2902 1884 2986 dignaremur.
1933 2904 2068 2971 Nos
2120 2905 2343 2990 itaque
2395 2929 2542 2974 con-

278 3009 591 3077 sideratis
642 3011 946 3096 scquciJs
994 3011 1428 3097 predictorum
1471 3012 1831 3095 junenum.
1897 3030 2091 3093 quum
2142 3013 2373 3080 Petrus
2421 3019 2545 3085 sub

281 3126 493 3186 castro
528 3119 817 3187 Detorch
859 3142 978 3206 pro
1011 3128 1231 3187 nostre
1267 3119 1514 3186 Corone
1548 3118 1929 3186 defensione
1966 3139 2079 3187 seu
2110 3123 2547 3207 ampliacione

278 3226 508 3293 letalia
559 3227 876 3311 receperit
927 3228 1217 3313 wlnera,
1277 3233 1345 3294 et
1392 3226 1741 3291 Farcasius
1793 3223 2089 3293 similiter
2137 3231 2257 3295 sub
2305 3231 2540 3299 Castro

275 3334 463 3399 Luua
496 3353 615 3419 pro
646 3335 835 3401 nobis
874 3353 947 3402 se
981 3335 1291 3420 obicicnS,
1326 3341 1596 3400 mortem
1630 3334 1743 3400 uix
1774 3334 2024 3418 euasit;
2072 3353 2152 3401 ac
2183 3336 2389 3405 eciam
2423 3363 2541 3427 pro

277 3461 354 3508 eo
371 3493 392 3527 ,
441 3442 604 3525 quia
635 3462 778 3507 cum
811 3443 1064 3508 Thoma
1095 3443 1280 3508 Bano
1313 3442 1382 3507 in
1414 3441 1711 3508 omnibus
1743 3440 2017 3526 agendis
2051 3444 2284 3511 nostris
2313 3446 2543 3517 fideles

281 3551 522 3635 reperti
555 3556 744 3632 sunt3
791 3550 1159 3634 predictam
1191 3556 1450 3634 terram,
1503 3555 1817 3629 quantum
1855 3548 1922 3614 in
1954 3549 2144 3617 nobis
2183 3559 2301 3639 est,
2352 3557 2540 3624 saluo

277 3658 631 3725 cuiuslibet
688 3657 829 3723 iure
887 3663 1306 3743 remanente,
1373 3656 1791 3742 presentibus
1850 3665 1916 3723 et
1976 3661 2543 3729 consencientibus

281 3765 651 3832 Batonibus
679 3764 938 3846 nostris,
986 3763 1285 3831 dedimus
1318 3771 1383 3830 et
1413 3763 1818 3849 contulimus,
1865 3765 2110 3849 absque
2142 3767 2303 3835 iuris
2334 3771 2545 3854 prein-

281 3873 455 3941 dicio
485 3873 712 3959 alieni,
743 3875 958 3959 Petro,
979 3874 1290 3941 Farcasio
1323 3879 1386 3941 et
1417 3873 1674 3940 Endree
1703 3876 2001 3958 superins
2035 3875 2384 3961 annotatis,
2419 3895 2543 3944 nec

279 4003 406 4049 non
442 3989 508 4048 et
539 4003 661 4068 per
691 3982 953 4050 eosdem
988 3982 1124 4049 suis
1172 3981 1483 4051 heredibu
1531 3981 1966 4067 heredumque
1998 4002 2255 4049 suorum
2286 4003 2547 4052 succes·

275 4089 540 4155 soribus
604 4089 745 4155 iure
805 4096 1124 4175 perpetuo
1202 4089 1690 4175 possidendam.
1771 4090 1856 4156 Vt
1915 4089 2117 4173 igitur
2174 4091 2545 4161 huiusmodi

273 4203 504 4262 nostre
539 4197 973 4264 concessionis
1022 4195 1230 4264 series
1280 4200 1577 4285 perpetui
1620 4197 1810 4264 titulo
1841 4198 2083 4282 vigoris
2115 4200 2182 4265 in
2213 4207 2543 4287 posterum

283 4310 695 4389 perseueret,
757 4311 1093 4389 presentes
1153 4306 1590 4373 concessimus
1637 4305 1893 4373 litteras
1958 4304 2287 4392 dupplicis
2333 4308 2545 4393 sigilli

269 4409 484 4480 nostri
547 4410 905 4477 munimine
966 4412 1324 4479 roboratas.
1390 4412 1633 4477 Datum
1695 4429 1816 4497 per
1864 4433 2096 4479 manus
2152 4415 2544 4482 venerabilis

271 4519 398 4585 viri
448 4519 751 4604 Magistri
798 4517 1137 4586 Benedicti
1187 4518 1425 4586 Sancte
1457 4517 1925 4602 strigoniensis
1976 4521 2273 4589 Ecclesie
2303 4522 2543 4605 Electi,

271 4626 609 4712 Prepesiti
657 4625 1018 4712 Budensis,
1092 4626 1243 4694 aule
1292 4634 1513 4695 nostre
1562 4626 2140 4714 vice-Cancellarij
2197 4628 2421 4696 dilecti
2473 4635 2545 4695 et

366 4762 574 4798 nomm.
606 4761 774 4798 nuno.
804 4760 945 4799 msr.
981 4770 1060 4781 —
1094 4763 1315 4801 nxrnou.
1369 4756 1440 4801 17.
2170 4737 2210 4802 8
