3319 5249
1400 1084 1551 1150 276.

343 1304 388 1367 I
394 1297 460 1366 V.
497 1299 724 1367 Ldssld
752 1304 968 1398 kirqily
1001 1300 1292 1366 Sumreth
1329 1302 1392 1366 6⁸
1423 1300 1482 1362 Y
1473 1300 1700 1388 ylyche
1732 1306 1893 1363 nevit
1915 1295 2265 1383 foldcknek
2300 1299 2599 1381 hatdrjd-

555 1410 734 1475 rdsdt
765 1410 1017 1497 helyben
1051 1410 1301 1494 haqyja
1334 1404 1594 1474 Summi
1629 1406 1816 1471 Pe'ter
1848 1409 2170 1472 sza'mdra.
2208 1404 2405 1471 1284.

561 1640 697 1707 Nos
750 1637 1101 1707 Ladizlaus
1140 1637 1265 1706 Dei
1299 1637 1523 1722 gracia
1554 1640 1691 1704 Rex
1726 1637 2060 1720 Hungarie
2093 1636 2401 1702 memorie
2433 1654 2605 1701 com·

339 1748 725 1816 mendantes
787 1746 1229 1832 significamus
1292 1753 1512 1813 tenore
1576 1745 1974 1831 presencium
2040 1747 2276 1828 quibus
2333 1741 2599 1829 expedit

336 1856 679 1940 vninersis,
733 1853 906 1937 quod
959 1855 1188 1919 Petrus
1239 1852 1411 1919 filins
1464 1854 1725 1939 Georgij
1788 1851 1866 1917 de
1919 1854 2156 1919 Sumus
2209 1851 2399 1918 nobis
2432 1851 2600 1918 dixit

336 1962 867 2050 protestestando
917 1960 1112 2049 (igy),
1146 1960 1315 2045 quod
1348 1961 1612 2043 quidam
1670 1961 1868 2027 uicini
1907 1959 2005 2027 sui
2040 1959 2355 2043 quasdam
2389 1967 2597 2027 terras
2634 1995 2641 2000 ·

336 2091 496 2137 snas
546 2068 977 2143 hereditarias
1029 2068 1328 2135 Sumreth
1382 2073 1448 2134 et
1499 2068 1793 2154 Yglycbe
1847 2086 2045 2133 uocas
2078 2065 2255 2153 (igy)
2290 2066 2356 2131 in
2390 2067 2600 2133 Comi·

338 2184 482 2244 tatu
532 2177 614 2243 de
667 2177 865 2242 Sarns
898 2175 1274 2252 existentes,
1311 2175 1601 2242 indebite
1633 2181 1698 2242 et
1732 2176 1970 2240 iniuste
2004 2182 2452 2261 occupassent,
2486 2196 2596 2260 pe·

333 2291 481 2349 tens
531 2302 673 2348 cum
726 2281 1131 2368 (instancia),
1186 2281 1357 2365 quod
1407 2275 1730 2347 bominem
1786 2290 2074 2347 nostrum
2129 2280 2450 2364 daremus,
2483 2283 2598 2365 qui

335 2392 459 2457 sub
510 2388 881 2455 testimonio
929 2390 1257 2474 Prepositi
1308 2395 1372 2455 et
1422 2390 1805 2462 conuentus,
1857 2389 1938 2455 de
1971 2389 2133 2455 Jazo
2169 2389 2603 2456 reambularet

337 2499 520 2584 ipsas
572 2505 777 2564 terras
826 2518 941 2582 per
989 2502 1242 2563 ueteres
1293 2506 1500 2566 metas
1544 2503 1608 2562 et
1642 2498 1950 2581 antiquas
1983 2497 2397 2580 presentibus
2431 2518 2596 2566 com·

336 2607 655 2674 metaneis
705 2614 768 2673 et
820 2606 1075 2689 uicinis,
1110 2611 1175 2673 et
1205 2612 1515 2674 statueret
1546 2606 1784 2689 eidem,
1814 2606 1871 2671 si
1905 2624 2033 2673 non
2068 2603 2300 2672 fierent
2329 2605 2593 2689 qnidam

334 2711 844 2780 contradictores
898 2712 1066 2800 (igy)
1120 2721 1336 2780 antem
1390 2712 1474 2780 ad
1508 2723 1797 2781 nostram
1830 2716 2236 2799 presenciam
2274 2721 2598 2780 euocaret.

333 2820 464 2898 Qui
497 2820 907 2907 postmodum
941 2822 1130 2887 nobis
1166 2823 1647 2907 rescripserunt,
1685 2819 1857 2903 qnod
1892 2821 2196 2887 Her-ricus
2241 2820 2430 2889 homo
2480 2842 2590 2889 no-

335 2938 474 2997 ster
502 2935 806 3014 presente
842 2928 1212 2996 testimonio
1248 2930 1552 3017 ipsorum,
1592 2929 2007 3015 presentibus
2041 2929 2503 2996 commetaneis
2536 2937 2601 2996 et

339 3036 582 3105 uicinis
631 3038 1150 3105 reambulassent
1203 3038 1385 3121 ipsas
1418 3045 1628 3103 terras
1662 3057 1777 3121 pcr
1807 3047 2061 3103 ueteres
2096 3042 2305 3103 metas
2337 3045 2400 3102 et
2431 3037 2594 3103 anti·

336 3165 523 3227 quas,
578 3152 642 3210 et
681 3143 1072 3213 statuissent
1123 3142 1328 3211 eidem
1387 3145 1578 3210 Petro
1611 3145 1795 3209 nullo
1829 3144 2086 3229 penitus
2119 3142 2595 3211 contradictore

335 3252 685 3319 existente.
721 3250 1011 3328 Quarum
1045 3251 1305 3336 quidem
1339 3260 1659 3318 terrarum
1695 3245 1883 3336 mete,
1918 3252 2085 3319 sicut
2116 3250 2323 3334 ijdem
2353 3252 2594 3338 Propo·

333 3361 505 3427 sitns
557 3365 638 3425 et*
671 3359 1040 3427 Conuentus
1075 3362 1261 3427 nobis
1294 3348 1779 3444 rescripserunt,
1814 3357 1935 3426 hoc
1966 3359 2196 3425 ordine
2230 3358 2592 3446 distingun-

336 3476 486 3533 tur:
541 3466 781 3552 Incipit
838 3466 1012 3533 circa
1062 3486 1301 3550 aquam
1353 3467 1609 3534 Tarcba
1661 3467 1931 3533 inferius
1981 3465 2411 3552 Sydoupotok
2482 3465 2592 3531 ubi

336 3582 495 3643 sunt
525 3572 955 3658 due-salice83
991 3582 1054 3639 et
1087 3572 1237 3639 inde
1273 3572 1454 3640 uadit
1483 3593 1678 3660 super
1707 3575 1976 3656 lignum,
2010 3572 2185 3656 quod
2215 3572 2413 3657 uulgo
2443 3569 2596 3637 dici·

336 3691 447 3750 tur
492 3683 728 3769 scits‘a5
777 3680 1189 3765 postmodnm
1245 3679 1539 3748 ascendit
1573 3701 1768 3766 super
1800 3687 2074 3749 montem
2111 3681 2175 3746 in
2206 3679 2410 3747 fluuio
2443 3680 2594 3745 Mel·

333 3790 578 3877 potok3
609 3794 677 3856 et
706 3786 946 3856 deinde
977 3787 1273 3855 ascendit
1304 3788 1478 3855 circa
1510 3788 1787 3855 eandem
1821 3808 2057 3872 aquam
2092 3787 2254 3855 salis
2286 3789 2506 3875 longe,
2532 3799 2595 3855 et

296 3890 300 3893 ’
336 3898 755 3983 elongabitur
802 3919 844 3963 a
894 3896 1201 3964 salicibus
1231 3896 1523 3982 paruulis
1546 3948 1567 3983 ,
1616 3904 1682 3963 et
1713 3897 1944 3964 iterum
1974 3896 2270 3964 ascendit
2300 3895 2387 3964 ad
2418 3917 2593 3963 mon-

335 4015 469 4074 tem
521 4006 907 4092 Hygyshyg,
962 4013 1027 4071 et
1078 4001 1409 4071 descendit
1460 4024 1654 4090 super
1684 4023 1942 4089 aquam,
1976 4024 2104 4087 qne
2135 4011 2405 4071 uocatur
2437 4004 2589 4091 Scy-

337 4134 534 4200 cyna,
568 4120 638 4179 et
665 4132 859 4198 super
894 4112 1163 4179 eandem
1199 4130 1435 4194 aquam
1485 4111 1801 4179 ascendit»
1817 4113 1985 4179 satis
2015 4112 2227 4197 longe,
2263 4132 2596 4196 quousque

336 4221 524 4288 uenit
553 4241 751 4308 super
780 4221 1060 4317 Sumnet
1073 4244 1089 4306 3
1141 4226 1207 4286 et
1237 4219 1473 4286 deinde
1523 4218 1706 4286 uadit
1735 4239 1930 4306 snper
1962 4220 2289 4287 fornacem
2322 4221 2595 4286 cementi

213 4398 218 4403 .
335 4350 421 4399 ex
469 4336 660 4415 parte
711 4330 900 4415 parui
952 4328 1117 4414 Job3
1172 4327 1328 4393 item
1381 4324 1680 4395 ascendit
1732 4326 1818 4393 ad
1868 4336 2152 4395 montem
2205 4348 2401 4395 unum
2432 4327 2595 4395 satis

335 4438 601 4522 longum
636 4443 701 4504 et
728 4436 954 4522 latum,
979 4441 1044 4500 et
1076 4431 1414 4502 descendit
1443 4435 1635 4518 infra,
1654 4436 2043 4504 Michaelem
2065 4436 2161 4503 ita
2180 4434 2593 4521 circueundo,

341 4552 644 4632 utsupra
674 4542 949 4612 audistis
974 4566 990 4627 ς
1023 4542 1357 4611 descendit
1390 4549 1455 4611 et
1486 4542 1665 4611 uenit
1695 4543 1930 4612 iterato
1959 4545 2047 4612 ad
2079 4563 2317 4629 aquam
2337 4542 2597 4612 Tarcha

337 4654 634 4740 superins
665 4659 949 4740 pontem,
985 4650 1095 4736 qui
1127 4658 1402 4719 uocatur
1434 4650 1890 4738 Sydoupotok.
1924 4653 2170 4721 Datum
2203 4652 2269 4718 in
2302 4649 2492 4720 Doda
2523 4651 2593 4718 in
