<?xml version="1.0" encoding="UTF-8"?>
<!DOCTYPE html PUBLIC "-//W3C//DTD XHTML 1.0 Transitional//EN"
    "http://www.w3.org/TR/xhtml1/DTD/xhtml1-transitional.dtd">
<html xmlns="http://www.w3.org/1999/xhtml" xml:lang="en" lang="en">
 <head>
  <title>
</title>
<meta http-equiv="Content-Type" content="text/html;charset=utf-8" />
  <meta name='ocr-system' content='tesseract 3.04.00' />
  <meta name='ocr-capabilities' content='ocr_page ocr_carea ocr_par ocr_line ocrx_word'/>
</head>
<body>
  <div class='ocr_page' id='page_1' title='image "./rpdkorijokmnytr00wenzgoog_0436.png"; bbox 0 0 3319 5249; ppageno 0'>
   <div class='ocr_carea' id='block_1_1' title="bbox 1821 374 2036 470">
    <p class='ocr_par' dir='ltr' id='par_1_1' title="bbox 1821 374 2036 470">
     <span class='ocr_line' id='line_1_1' title="bbox 1821 374 2036 470; baseline 0 -31"><span class='ocrx_word' id='word_1_1' title='bbox 1821 374 2036 470; x_wconf 28' lang='lat'>360«—</span> 
     </span>
    </p>
   </div>
   <div class='ocr_carea' id='block_1_2' title="bbox 1730 465 1957 473">
    <p class='ocr_par' dir='ltr' id='par_1_2' title="bbox 1730 465 1957 473">
     <span class='ocr_line' id='line_1_2' title="bbox 1730 465 1957 473; baseline 0 4776"><span class='ocrx_word' id='word_1_2' title='bbox 1730 465 1957 473; x_wconf 95' lang='lat' dir='ltr'> </span> 
     </span>
    </p>
   </div>
   <div class='ocr_carea' id='block_1_3' title="bbox 761 551 3007 982">
    <p class='ocr_par' dir='ltr' id='par_1_3' title="bbox 761 551 3007 982">
     <span class='ocr_line' id='line_1_3' title="bbox 761 551 2999 658; baseline 0 -20"><span class='ocrx_word' id='word_1_3' title='bbox 761 569 892 638; x_wconf 82' lang='lat' dir='ltr'>hiis</span> <span class='ocrx_word' id='word_1_4' title='bbox 922 551 1156 636; x_wconf 74' lang='lat' dir='ltr'>feceris</span> <span class='ocrx_word' id='word_1_5' title='bbox 1207 578 1271 638; x_wconf 90' lang='lat' dir='ltr'>et</span> <span class='ocrx_word' id='word_1_6' title='bbox 1318 567 1688 658; x_wconf 84' lang='lat' dir='ltr'>inveneris,</span> <span class='ocrx_word' id='word_1_7' title='bbox 1736 590 1814 636; x_wconf 87' lang='lat' dir='ltr'>ac</span> <span class='ocrx_word' id='word_1_8' title='bbox 1863 569 2033 637; x_wconf 90' lang='lat' dir='ltr'>diem</span> <span class='ocrx_word' id='word_1_9' title='bbox 2083 571 2457 639; x_wconf 85' lang='lat' dir='ltr'>huiusmodi</span> <span class='ocrx_word' id='word_1_10' title='bbox 2503 572 2903 658; x_wconf 87' lang='lat' dir='ltr'>prefixionis,</span> <span class='ocrx_word' id='word_1_11' title='bbox 2936 583 2999 640; x_wconf 89' lang='lat' dir='ltr'>et</span> 
     </span>
     <span class='ocr_line' id='line_1_4' title="bbox 763 678 3007 767; baseline 0 -22"><span class='ocrx_word' id='word_1_12' title='bbox 763 678 1059 767; x_wconf 85' lang='lat' dir='ltr'>formam,</span> <span class='ocrx_word' id='word_1_13' title='bbox 1090 678 1278 746; x_wconf 85' lang='lat' dir='ltr'>nobis</span> <span class='ocrx_word' id='word_1_14' title='bbox 1311 699 1427 766; x_wconf 85' lang='lat' dir='ltr'>per</span> <span class='ocrx_word' id='word_1_15' title='bbox 1457 687 1604 747; x_wconf 88' lang='lat' dir='ltr'>tuas</span> <span class='ocrx_word' id='word_1_16' title='bbox 1651 679 1904 747; x_wconf 78' lang='lat' dir='ltr'><strong>litteras</strong></span> <span class='ocrx_word' id='word_1_17' title='bbox 1936 687 2225 747; x_wconf 89' lang='lat' dir='ltr'>tenorem</span> <span class='ocrx_word' id='word_1_18' title='bbox 2257 681 2661 766; x_wconf 87' lang='lat' dir='ltr'>presencium</span> <span class='ocrx_word' id='word_1_19' title='bbox 2682 680 3007 750; x_wconf 88' lang='lat' dir='ltr'>continen-</span> 
     </span>
     <span class='ocr_line' id='line_1_5' title="bbox 761 787 3003 877; baseline 0 -22"><span class='ocrx_word' id='word_1_20' title='bbox 761 795 864 856; x_wconf 85' lang='lat' dir='ltr'>tes</span> <span class='ocrx_word' id='word_1_21' title='bbox 895 806 1217 872; x_wconf 80' lang='lat' dir='ltr'>exponere</span> <span class='ocrx_word' id='word_1_22' title='bbox 1247 787 1525 854; x_wconf 88' lang='lat' dir='ltr'>fideliter</span> <span class='ocrx_word' id='word_1_23' title='bbox 1553 808 1686 856; x_wconf 90' lang='lat' dir='ltr'>non</span> <span class='ocrx_word' id='word_1_24' title='bbox 1737 788 2018 855; x_wconf 86' lang='lat' dir='ltr'>omittas.</span> <span class='ocrx_word' id='word_1_25' title='bbox 2067 790 2309 856; x_wconf 87' lang='lat' dir='ltr'>Datum</span> <span class='ocrx_word' id='word_1_26' title='bbox 2359 789 2535 877; x_wconf 88' lang='lat' dir='ltr'>apud</span> <span class='ocrx_word' id='word_1_27' title='bbox 2584 789 3003 860; x_wconf 85' lang='lat' dir='ltr'>Urbemvete·</span> 
     </span>
     <span class='ocr_line' id='line_1_6' title="bbox 761 894 2712 982; baseline 0 -18"><span class='ocrx_word' id='word_1_28' title='bbox 761 917 897 966; x_wconf 89' lang='lat' dir='ltr'>rem</span> <span class='ocrx_word' id='word_1_29' title='bbox 929 895 1106 964; x_wconf 87' lang='lat' dir='ltr'>vm.</span> <span class='ocrx_word' id='word_1_30' title='bbox 1139 894 1288 963; x_wconf 86' lang='lat' dir='ltr'>idus</span> <span class='ocrx_word' id='word_1_31' title='bbox 1315 894 1581 982; x_wconf 85' lang='lat' dir='ltr'>Aprilis,</span> <span class='ocrx_word' id='word_1_32' title='bbox 1608 895 2033 964; x_wconf 83' lang='lat' dir='ltr'>Pontificatns</span> <span class='ocrx_word' id='word_1_33' title='bbox 2067 896 2269 964; x_wconf 80' lang='lat' dir='ltr'><strong>nostri</strong></span> <span class='ocrx_word' id='word_1_34' title='bbox 2300 915 2472 965; x_wconf 89' lang='lat' dir='ltr'>anno</span> <span class='ocrx_word' id='word_1_35' title='bbox 2505 898 2712 964; x_wconf 90' lang='lat' dir='ltr'>tertio.</span> 
     </span>
    </p>
   </div>
   <div class='ocr_carea' id='block_1_4' title="bbox 765 1071 3009 1289">
    <p class='ocr_par' dir='ltr' id='par_1_4' title="bbox 765 1071 3009 1289">
     <span class='ocr_line' id='line_1_7' title="bbox 765 1071 3009 1162; baseline 0.001 -16"><span class='ocrx_word' id='word_1_36' title='bbox 765 1092 1029 1159; x_wconf 77' lang='lat' dir='ltr'>(Tbeiner</span> <span class='ocrx_word' id='word_1_37' title='bbox 1051 1071 1325 1162; x_wconf 60' lang='lat' dir='ltr'>Agostora</span> <span class='ocrx_word' id='word_1_38' title='bbox 1350 1096 1547 1148; x_wconf 83' lang='lat' dir='ltr'>Vetera</span> <span class='ocrx_word' id='word_1_39' title='bbox 1570 1097 1917 1148; x_wconf 80' lang='lat' dir='ltr'>Monumenta</span> <span class='ocrx_word' id='word_1_40' title='bbox 1942 1095 2224 1148; x_wconf 73' lang='lat' dir='ltr'>slavorum</span> <span class='ocrx_word' id='word_1_41' title='bbox 2268 1096 2702 1149; x_wconf 82' lang='lat' dir='ltr'>Meridionalium</span> <span class='ocrx_word' id='word_1_42' title='bbox 2724 1098 3009 1151; x_wconf 77' lang='lat' dir='ltr'>historiam</span> 
     </span>
     <span class='ocr_line' id='line_1_8' title="bbox 1510 1185 2350 1289; baseline 0.001 -54"><span class='ocrx_word' id='word_1_43' title='bbox 1510 1185 1850 1239; x_wconf 71' lang='lat' dir='ltr'><strong>illustrantia</strong></span> <span class='ocrx_word' id='word_1_44' title='bbox 1874 1187 1920 1239; x_wconf 91' lang='lat'>1.</span> <span class='ocrx_word' id='word_1_45' title='bbox 1947 1187 2060 1240; x_wconf 69' lang='lat' dir='ltr'>kot.</span> <span class='ocrx_word' id='word_1_46' title='bbox 2088 1186 2258 1254; x_wconf 78' lang='lat'>99.1.)</span> <span class='ocrx_word' id='word_1_47' title='bbox 2332 1266 2350 1289; x_wconf 55' lang='grc' dir='ltr'><em>Ι</em></span> 
     </span>
    </p>
   </div>
   <div class='ocr_carea' id='block_1_5' title="bbox 1670 1464 2095 1474">
    <p class='ocr_par' dir='ltr' id='par_1_5' title="bbox 1670 1464 2095 1474">
     <span class='ocr_line' id='line_1_9' title="bbox 1670 1464 2095 1474; baseline -0.005 0"><span class='ocrx_word' id='word_1_48' title='bbox 1670 1464 1995 1474; x_wconf 54' lang='lat'>——00-</span> <span class='ocrx_word' id='word_1_49' title='bbox 2009 1467 2095 1473; x_wconf 36' lang='lat' dir='ltr'>k--</span> 
     </span>
    </p>
   </div>
   <div class='ocr_carea' id='block_1_6' title="bbox 1254 1908 2516 2200">
    <p class='ocr_par' dir='ltr' id='par_1_6' title="bbox 1254 1908 2516 2200">
     <span class='ocr_line' id='line_1_10' title="bbox 1805 1908 1954 1979; baseline -0.02 0"><span class='ocrx_word' id='word_1_50' title='bbox 1805 1908 1954 1979; x_wconf 80' lang='lat'><strong>257.</strong></span> 
     </span>
     <span class='ocr_line' id='line_1_11' title="bbox 1254 2109 2516 2200; baseline -0.006 -17"><span class='ocrx_word' id='word_1_51' title='bbox 1254 2114 1439 2183; x_wconf 57' lang='lat' dir='ltr'>Muta</span> <span class='ocrx_word' id='word_1_52' title='bbox 1461 2112 1804 2181; x_wconf 75' lang='lat' dir='ltr'>nddornak</span> <span class='ocrx_word' id='word_1_53' title='bbox 1830 2112 2285 2200; x_wconf 77' lang='lat' dir='ltr'>ve‘qremlelete.</span> <span class='ocrx_word' id='word_1_54' title='bbox 2321 2109 2516 2180; x_wconf 79' lang='lat'><strong><em>1283.</em></strong></span> 
     </span>
    </p>
   </div>
   <div class='ocr_carea' id='block_1_7' title="bbox 760 2309 3017 4802">
    <p class='ocr_par' dir='ltr' id='par_1_7' title="bbox 760 2309 3017 4802">
     <span class='ocr_line' id='line_1_12' title="bbox 977 2309 3017 2398; baseline 0 -17"><span class='ocrx_word' id='word_1_55' title='bbox 977 2314 1115 2382; x_wconf 83' lang='lat' dir='ltr'>Nos</span> <span class='ocrx_word' id='word_1_56' title='bbox 1162 2312 1458 2380; x_wconf 84' lang='lat' dir='ltr'>Matheus</span> <span class='ocrx_word' id='word_1_57' title='bbox 1506 2310 1887 2398; x_wconf 82' lang='lat' dir='ltr'>Palatinus,</span> <span class='ocrx_word' id='word_1_58' title='bbox 1936 2309 2167 2378; x_wconf 87' lang='lat' dir='ltr'>Comes</span> <span class='ocrx_word' id='word_1_59' title='bbox 2217 2310 2634 2379; x_wconf 85' lang='lat' dir='ltr'>Posoniensis</span> <span class='ocrx_word' id='word_1_60' title='bbox 2684 2317 2751 2379; x_wconf 91' lang='lat' dir='ltr'>et</span> <span class='ocrx_word' id='word_1_61' title='bbox 2799 2311 3017 2381; x_wconf 67' lang='lat' dir='ltr'>Iudex</span> 
     </span>
     <span class='ocr_line' id='line_1_13' title="bbox 767 2418 3017 2503; baseline -0.002 -11"><span class='ocrx_word' id='word_1_62' title='bbox 767 2422 1202 2492; x_wconf 83' lang='lat' dir='ltr'><strong>Cumanorum</strong></span> <span class='ocrx_word' id='word_1_63' title='bbox 1257 2420 1561 2489; x_wconf 85' lang='lat' dir='ltr'>memorie</span> <span class='ocrx_word' id='word_1_64' title='bbox 1607 2418 2136 2487; x_wconf 76' lang='lat' dir='ltr'>commendantes</span> <span class='ocrx_word' id='word_1_65' title='bbox 2186 2418 2626 2503; x_wconf 83' lang='lat' dir='ltr'>significamus</span> <span class='ocrx_word' id='word_1_66' title='bbox 2686 2420 3017 2489; x_wconf 86' lang='lat' dir='ltr'>vniuersis</span> 
     </span>
     <span class='ocr_line' id='line_1_14' title="bbox 768 2528 3015 2619; baseline -0.001 -17"><span class='ocrx_word' id='word_1_67' title='bbox 768 2533 1000 2619; x_wconf 88' lang='lat' dir='ltr'>quibus</span> <span class='ocrx_word' id='word_1_68' title='bbox 1032 2528 1293 2617; x_wconf 86' lang='lat' dir='ltr'>expedit</span> <span class='ocrx_word' id='word_1_69' title='bbox 1324 2529 1731 2616; x_wconf 85' lang='lat' dir='ltr'>presencium</span> <span class='ocrx_word' id='word_1_70' title='bbox 1761 2548 1879 2617; x_wconf 85' lang='lat' dir='ltr'>per</span> <span class='ocrx_word' id='word_1_71' title='bbox 1899 2540 2218 2614; x_wconf 89' lang='lat' dir='ltr'>tenorem;</span> <span class='ocrx_word' id='word_1_72' title='bbox 2253 2529 2427 2613; x_wconf 87' lang='lat' dir='ltr'>quod</span> <span class='ocrx_word' id='word_1_73' title='bbox 2460 2529 2617 2615; x_wconf 88' lang='lat' dir='ltr'>quia</span> <span class='ocrx_word' id='word_1_74' title='bbox 2647 2539 2889 2598; x_wconf 88' lang='lat' dir='ltr'>cuncta</span> <span class='ocrx_word' id='word_1_75' title='bbox 2919 2554 3015 2602; x_wconf 85' lang='lat' dir='ltr'>se·</span> 
     </span>
     <span class='ocr_line' id='line_1_15' title="bbox 765 2637 3016 2728; baseline -0.002 -16"><span class='ocrx_word' id='word_1_76' title='bbox 765 2643 1046 2719; x_wconf 79' lang='lat' dir='ltr'>cundum</span> <span class='ocrx_word' id='word_1_77' title='bbox 1077 2640 1381 2707; x_wconf 90' lang='lat' dir='ltr'>Diuinam</span> <span class='ocrx_word' id='word_1_78' title='bbox 1415 2638 1920 2725; x_wconf 64' lang='lat' dir='ltr'>disposicionem</span> <span class='ocrx_word' id='word_1_79' title='bbox 1972 2646 2123 2707; x_wconf 91' lang='lat' dir='ltr'>sunt</span> <span class='ocrx_word' id='word_1_80' title='bbox 2171 2637 2565 2723; x_wconf 87' lang='lat' dir='ltr'>transitoria,</span> <span class='ocrx_word' id='word_1_81' title='bbox 2595 2647 2662 2709; x_wconf 87' lang='lat' dir='ltr'>et</span> <span class='ocrx_word' id='word_1_82' title='bbox 2706 2644 3016 2728; x_wconf 88' lang='lat' dir='ltr'>unnsqui-</span> 
     </span>
     <span class='ocr_line' id='line_1_16' title="bbox 763 2748 3016 2837; baseline -0 -16"><span class='ocrx_word' id='word_1_83' title='bbox 763 2751 930 2821; x_wconf 92' lang='lat' dir='ltr'>libet</span> <span class='ocrx_word' id='word_1_84' title='bbox 961 2756 1253 2818; x_wconf 79' lang='lat' dir='ltr'>tesauros</span> <span class='ocrx_word' id='word_1_85' title='bbox 1286 2748 1410 2817; x_wconf 83' lang='lat' dir='ltr'>sibi</span> <span class='ocrx_word' id='word_1_86' title='bbox 1443 2749 1632 2817; x_wconf 88' lang='lat' dir='ltr'>debet</span> <span class='ocrx_word' id='word_1_87' title='bbox 1670 2749 1738 2816; x_wconf 92' lang='lat' dir='ltr'>in</span> <span class='ocrx_word' id='word_1_88' title='bbox 1788 2749 1947 2819; x_wconf 81' lang='lat' dir='ltr'>celis</span> <span class='ocrx_word' id='word_1_89' title='bbox 1978 2749 2374 2818; x_wconf 82' lang='lat' dir='ltr'>tezaurisare</span> <span class='ocrx_word' id='word_1_90' title='bbox 2399 2774 2415 2834; x_wconf 83' lang='lat'>3</span> <span class='ocrx_word' id='word_1_91' title='bbox 2440 2770 2578 2837; x_wconf 40' lang='lat' dir='ltr'>snos</span> <span class='ocrx_word' id='word_1_92' title='bbox 2626 2750 2692 2817; x_wconf 90' lang='lat' dir='ltr'>in</span> <span class='ocrx_word' id='word_1_93' title='bbox 2727 2751 3016 2821; x_wconf 81' lang='lat' dir='ltr'>diuersis</span> 
     </span>
     <span class='ocr_line' id='line_1_17' title="bbox 765 2856 3016 2946; baseline 0 -18"><span class='ocrx_word' id='word_1_94' title='bbox 765 2861 1024 2931; x_wconf 78' lang='lat' dir='ltr'>casibus</span> <span class='ocrx_word' id='word_1_95' title='bbox 1053 2857 1311 2926; x_wconf 81' lang='lat' dir='ltr'>fortune</span> <span class='ocrx_word' id='word_1_96' title='bbox 1359 2856 1732 2925; x_wconf 83' lang='lat' dir='ltr'>incedentes</span> <span class='ocrx_word' id='word_1_97' title='bbox 1753 2911 1771 2945; x_wconf 88' lang='lat'>,</span> <span class='ocrx_word' id='word_1_98' title='bbox 1820 2858 2115 2926; x_wconf 88' lang='lat' dir='ltr'>nolentes</span> <span class='ocrx_word' id='word_1_99' title='bbox 2146 2866 2361 2928; x_wconf 87' lang='lat' dir='ltr'>nostre</span> <span class='ocrx_word' id='word_1_100' title='bbox 2397 2858 2615 2927; x_wconf 87' lang='lat' dir='ltr'>anime</span> <span class='ocrx_word' id='word_1_101' title='bbox 2645 2858 3016 2946; x_wconf 83' lang='lat' dir='ltr'>inuigilare,</span> 
     </span>
     <span class='ocr_line' id='line_1_18' title="bbox 760 2967 3017 3055; baseline 0 -18"><span class='ocrx_word' id='word_1_102' title='bbox 760 2968 887 3037; x_wconf 77' lang='lat' dir='ltr'>hoc</span> <span class='ocrx_word' id='word_1_103' title='bbox 917 2969 1253 3034; x_wconf 76' lang='lat' dir='ltr'>condimus</span> <span class='ocrx_word' id='word_1_104' title='bbox 1285 2973 1775 3035; x_wconf 86' lang='lat' dir='ltr'>testamcutum:</span> <span class='ocrx_word' id='word_1_105' title='bbox 1826 2967 1913 3035; x_wconf 87' lang='lat' dir='ltr'>Ut</span> <span class='ocrx_word' id='word_1_106' title='bbox 1944 2968 2394 3055; x_wconf 86' lang='lat' dir='ltr'>possessiones</span> <span class='ocrx_word' id='word_1_107' title='bbox 2440 2977 2697 3038; x_wconf 78' lang='lat' dir='ltr'>nostras</span> <span class='ocrx_word' id='word_1_108' title='bbox 2731 2970 3017 3052; x_wconf 87' lang='lat' dir='ltr'>Periese‚</span> 
     </span>
     <span class='ocr_line' id='line_1_19' title="bbox 761 3074 3017 3167; baseline 0 -22"><span class='ocrx_word' id='word_1_109' title='bbox 761 3076 1053 3165; x_wconf 76' lang='lat' dir='ltr'>Nympty</span> <span class='ocrx_word' id='word_1_110' title='bbox 1088 3083 1152 3144; x_wconf 89' lang='lat' dir='ltr'>et</span> <span class='ocrx_word' id='word_1_111' title='bbox 1181 3074 1343 3146; x_wconf 79' lang='lat' dir='ltr'>Jech</span> <span class='ocrx_word' id='word_1_112' title='bbox 1376 3085 1663 3160; x_wconf 84' lang='lat' dir='ltr'>uocatas,</span> <span class='ocrx_word' id='word_1_113' title='bbox 1694 3095 1839 3145; x_wconf 90' lang='lat' dir='ltr'>cum</span> <span class='ocrx_word' id='word_1_114' title='bbox 1876 3096 2097 3149; x_wconf 89' lang='lat' dir='ltr'>earum</span> <span class='ocrx_word' id='word_1_115' title='bbox 2132 3077 2549 3165; x_wconf 86' lang='lat' dir='ltr'>pertinencijs</span> <span class='ocrx_word' id='word_1_116' title='bbox 2582 3078 2927 3167; x_wconf 74' lang='lat' dir='ltr'>vniuersis,</span> <span class='ocrx_word' id='word_1_117' title='bbox 2953 3087 3017 3148; x_wconf 89' lang='lat' dir='ltr'>et</span> 
     </span>
     <span class='ocr_line' id='line_1_20' title="bbox 766 3184 3013 3281; baseline 0 -26"><span class='ocrx_word' id='word_1_118' title='bbox 766 3208 908 3255; x_wconf 88' lang='lat' dir='ltr'>cum</span> <span class='ocrx_word' id='word_1_119' title='bbox 942 3186 1183 3254; x_wconf 88' lang='lat' dir='ltr'>tributo</span> <span class='ocrx_word' id='word_1_120' title='bbox 1215 3193 1439 3281; x_wconf 89' lang='lat' dir='ltr'>nostro</span> <span class='ocrx_word' id='word_1_121' title='bbox 1467 3185 1551 3253; x_wconf 90' lang='lat' dir='ltr'>de</span> <span class='ocrx_word' id='word_1_122' title='bbox 1569 3184 2020 3272; x_wconf 76' lang='lat' dir='ltr'>Thopulcban,</span> <span class='ocrx_word' id='word_1_123' title='bbox 2063 3185 2119 3254; x_wconf 89' lang='lat' dir='ltr'>si</span> <span class='ocrx_word' id='word_1_124' title='bbox 2153 3207 2272 3253; x_wconf 93' lang='lat' dir='ltr'>nos</span> <span class='ocrx_word' id='word_1_125' title='bbox 2304 3186 2387 3254; x_wconf 91' lang='lat' dir='ltr'>de</span> <span class='ocrx_word' id='word_1_126' title='bbox 2404 3186 2525 3254; x_wconf 89' lang='lat' dir='ltr'>boc</span> <span class='ocrx_word' id='word_1_127' title='bbox 2556 3187 2772 3254; x_wconf 79' lang='lat' dir='ltr'>seculo</span> <span class='ocrx_word' id='word_1_128' title='bbox 2806 3194 3013 3255; x_wconf 82' lang='lat' dir='ltr'>trans-</span> 
     </span>
     <span class='ocr_line' id='line_1_21' title="bbox 762 3295 3016 3381; baseline 0.002 -17"><span class='ocrx_word' id='word_1_129' title='bbox 762 3296 1048 3380; x_wconf 83' lang='lat' dir='ltr'>migrare</span> <span class='ocrx_word' id='word_1_130' title='bbox 1078 3296 1457 3381; x_wconf 77' lang='lat' dir='ltr'>contingat,</span> <span class='ocrx_word' id='word_1_131' title='bbox 1506 3296 1893 3379; x_wconf 85' lang='lat' dir='ltr'>reliquimus</span> <span class='ocrx_word' id='word_1_132' title='bbox 1945 3303 2011 3363; x_wconf 91' lang='lat' dir='ltr'>et</span> <span class='ocrx_word' id='word_1_133' title='bbox 2040 3296 2403 3381; x_wconf 78' lang='lat' dir='ltr'>legauimus</span> <span class='ocrx_word' id='word_1_134' title='bbox 2441 3295 2697 3364; x_wconf 88' lang='lat' dir='ltr'>domine</span> <span class='ocrx_word' id='word_1_135' title='bbox 2732 3302 3016 3368; x_wconf 82' lang='lat' dir='ltr'>consorti</span> 
     </span>
     <span class='ocr_line' id='line_1_22' title="bbox 762 3401 3014 3493; baseline 0.001 -21"><span class='ocrx_word' id='word_1_136' title='bbox 762 3411 984 3472; x_wconf 87' lang='lat' dir='ltr'>nostre</span> <span class='ocrx_word' id='word_1_137' title='bbox 1015 3401 1481 3490; x_wconf 84' lang='lat' dir='ltr'>possidendas;</span> <span class='ocrx_word' id='word_1_138' title='bbox 1515 3404 1611 3469; x_wconf 89' lang='lat' dir='ltr'>ita</span> <span class='ocrx_word' id='word_1_139' title='bbox 1632 3402 1806 3487; x_wconf 90' lang='lat' dir='ltr'>quod</span> <span class='ocrx_word' id='word_1_140' title='bbox 1840 3404 1984 3471; x_wconf 88' lang='lat' dir='ltr'>siue</span> <span class='ocrx_word' id='word_1_141' title='bbox 2015 3404 2186 3471; x_wconf 89' lang='lat' dir='ltr'>inter</span> <span class='ocrx_word' id='word_1_142' title='bbox 2215 3423 2471 3473; x_wconf 87' lang='lat' dir='ltr'>sorores</span> <span class='ocrx_word' id='word_1_143' title='bbox 2501 3406 2567 3472; x_wconf 93' lang='lat' dir='ltr'>in</span> <span class='ocrx_word' id='word_1_144' title='bbox 2598 3405 2848 3493; x_wconf 84' lang='lat' dir='ltr'>habitu,</span> <span class='ocrx_word' id='word_1_145' title='bbox 2872 3415 3014 3479; x_wconf 73' lang='lat' dir='ltr'>siue</span> 
     </span>
     <span class='ocr_line' id='line_1_23' title="bbox 761 3510 3015 3602; baseline 0.001 -20"><span class='ocrx_word' id='word_1_146' title='bbox 761 3515 832 3582; x_wconf 88' lang='lat' dir='ltr'>in</span> <span class='ocrx_word' id='word_1_147' title='bbox 864 3512 1130 3600; x_wconf 89' lang='lat' dir='ltr'>eisdem,</span> <span class='ocrx_word' id='word_1_148' title='bbox 1164 3510 1374 3580; x_wconf 87' lang='lat' dir='ltr'>donec</span> <span class='ocrx_word' id='word_1_149' title='bbox 1423 3512 1643 3599; x_wconf 89' lang='lat' dir='ltr'>uiuat,</span> <span class='ocrx_word' id='word_1_150' title='bbox 1681 3519 2127 3593; x_wconf 85' lang='lat' dir='ltr'>commoretur,</span> <span class='ocrx_word' id='word_1_151' title='bbox 2162 3520 2225 3579; x_wconf 88' lang='lat' dir='ltr'>et</span> <span class='ocrx_word' id='word_1_152' title='bbox 2258 3513 2529 3581; x_wconf 83' lang='lat' dir='ltr'>liberam</span> <span class='ocrx_word' id='word_1_153' title='bbox 2565 3513 2805 3583; x_wconf 82' lang='lat' dir='ltr'>babeat</span> <span class='ocrx_word' id='word_1_154' title='bbox 2834 3514 3015 3602; x_wconf 88' lang='lat' dir='ltr'>ipsas</span> 
     </span>
     <span class='ocr_line' id='line_1_24' title="bbox 763 3619 3012 3710; baseline 0.001 -21"><span class='ocrx_word' id='word_1_155' title='bbox 763 3622 1210 3709; x_wconf 74' lang='lat' dir='ltr'>possessiones</span> <span class='ocrx_word' id='word_1_156' title='bbox 1240 3619 1624 3708; x_wconf 82' lang='lat' dir='ltr'>possidendi</span> <span class='ocrx_word' id='word_1_157' title='bbox 1657 3622 2073 3709; x_wconf 79' lang='lat' dir='ltr'>facultatem,</span> <span class='ocrx_word' id='word_1_158' title='bbox 2137 3642 2215 3690; x_wconf 90' lang='lat' dir='ltr'>ac</span> <span class='ocrx_word' id='word_1_159' title='bbox 2247 3623 2329 3690; x_wconf 89' lang='lat' dir='ltr'>‹le</span> <span class='ocrx_word' id='word_1_160' title='bbox 2359 3622 2645 3709; x_wconf 85' lang='lat' dir='ltr'>ipsarum</span> <span class='ocrx_word' id='word_1_161' title='bbox 2693 3627 3012 3710; x_wconf 87' lang='lat' dir='ltr'>prouenti·</span> 
     </span>
     <span class='ocr_line' id='line_1_25' title="bbox 763 3730 3009 3818; baseline 0 -20"><span class='ocrx_word' id='word_1_162' title='bbox 763 3733 887 3798; x_wconf 89' lang='lat' dir='ltr'>bus</span> <span class='ocrx_word' id='word_1_163' title='bbox 921 3749 1038 3818; x_wconf 85' lang='lat' dir='ltr'>pro</span> <span class='ocrx_word' id='word_1_164' title='bbox 1071 3731 1359 3799; x_wconf 87' lang='lat' dir='ltr'>remedio</span> <span class='ocrx_word' id='word_1_165' title='bbox 1408 3739 1630 3799; x_wconf 77' lang='lat' dir='ltr'>nostre</span> <span class='ocrx_word' id='word_1_166' title='bbox 1662 3733 1882 3798; x_wconf 82' lang='lat' dir='ltr'>anime</span> <span class='ocrx_word' id='word_1_167' title='bbox 1915 3730 2304 3799; x_wconf 84' lang='lat' dir='ltr'>elemosinas</span> <span class='ocrx_word' id='word_1_168' title='bbox 2353 3733 2421 3798; x_wconf 91' lang='lat' dir='ltr'>in</span> <span class='ocrx_word' id='word_1_169' title='bbox 2468 3732 2818 3800; x_wconf 85' lang='lat' dir='ltr'>missarum</span> <span class='ocrx_word' id='word_1_170' title='bbox 2850 3735 3009 3802; x_wconf 86' lang='lat' dir='ltr'>cele·</span> 
     </span>
     <span class='ocr_line' id='line_1_26' title="bbox 763 3838 3011 3926; baseline -0.001 -13"><span class='ocrx_word' id='word_1_171' title='bbox 763 3838 1183 3913; x_wconf 88' lang='lat' dir='ltr'>bracionibus</span> <span class='ocrx_word' id='word_1_172' title='bbox 1215 3845 1280 3907; x_wconf 90' lang='lat' dir='ltr'>et</span> <span class='ocrx_word' id='word_1_173' title='bbox 1311 3839 1376 3906; x_wconf 92' lang='lat' dir='ltr'>in</span> <span class='ocrx_word' id='word_1_174' title='bbox 1400 3838 1555 3925; x_wconf 84' lang='lat' dir='ltr'>alijs</span> <span class='ocrx_word' id='word_1_175' title='bbox 1586 3839 1944 3926; x_wconf 77' lang='lat' dir='ltr'>largiatur5</span> <span class='ocrx_word' id='word_1_176' title='bbox 1976 3839 2070 3907; x_wconf 85' lang='lat' dir='ltr'>ita</span> <span class='ocrx_word' id='word_1_177' title='bbox 2102 3848 2316 3908; x_wconf 85' lang='lat' dir='ltr'>tamen</span> <span class='ocrx_word' id='word_1_178' title='bbox 2349 3842 2523 3925; x_wconf 86' lang='lat' dir='ltr'>quod</span> <span class='ocrx_word' id='word_1_179' title='bbox 2557 3843 2761 3909; x_wconf 78' lang='lat' dir='ltr'>frater</span> <span class='ocrx_word' id='word_1_180' title='bbox 2791 3852 3011 3910; x_wconf 84' lang='lat' dir='ltr'>noster</span> 
     </span>
     <span class='ocr_line' id='line_1_27' title="bbox 765 3948 3008 4037; baseline -0.002 -18"><span class='ocrx_word' id='word_1_181' title='bbox 765 3951 978 4019; x_wconf 85' lang='lat' dir='ltr'>medio</span> <span class='ocrx_word' id='word_1_182' title='bbox 1011 3959 1301 4035; x_wconf 86' lang='lat' dir='ltr'>tempore</span> <span class='ocrx_word' id='word_1_183' title='bbox 1353 3948 1557 4018; x_wconf 88' lang='lat' dir='ltr'>nichil</span> <span class='ocrx_word' id='word_1_184' title='bbox 1605 3952 1769 4017; x_wconf 87' lang='lat' dir='ltr'>iuris</span> <span class='ocrx_word' id='word_1_185' title='bbox 1818 3949 2060 4017; x_wconf 85' lang='lat' dir='ltr'>habeat</span> <span class='ocrx_word' id='word_1_186' title='bbox 2089 3951 2153 4016; x_wconf 91' lang='lat' dir='ltr'>in</span> <span class='ocrx_word' id='word_1_187' title='bbox 2188 3950 2469 4036; x_wconf 83' lang='lat' dir='ltr'>eisdem3</span> <span class='ocrx_word' id='word_1_188' title='bbox 2526 3950 2645 4018; x_wconf 90' lang='lat' dir='ltr'>sed</span> <span class='ocrx_word' id='word_1_189' title='bbox 2681 3951 2830 4018; x_wconf 87' lang='lat' dir='ltr'>dnm</span> <span class='ocrx_word' id='word_1_190' title='bbox 2862 3952 3008 4037; x_wconf 82' lang='lat' dir='ltr'>ipsa</span> 
     </span>
     <span class='ocr_line' id='line_1_28' title="bbox 765 4059 3006 4131; baseline -0.001 -2"><span class='ocrx_word' id='word_1_191' title='bbox 765 4060 970 4131; x_wconf 80' lang='lat' dir='ltr'>ceiam</span> <span class='ocrx_word' id='word_1_192' title='bbox 1004 4066 1228 4129; x_wconf 84' lang='lat' dir='ltr'>nostra</span> <span class='ocrx_word' id='word_1_193' title='bbox 1259 4078 1524 4129; x_wconf 86' lang='lat' dir='ltr'>consors</span> <span class='ocrx_word' id='word_1_194' title='bbox 1555 4059 1849 4128; x_wconf 86' lang='lat' dir='ltr'>debitum</span> <span class='ocrx_word' id='word_1_195' title='bbox 1879 4061 2182 4127; x_wconf 74' lang='lat' dir='ltr'>Vniuerse</span> <span class='ocrx_word' id='word_1_196' title='bbox 2231 4061 2445 4128; x_wconf 88' lang='lat' dir='ltr'>carnis</span> <span class='ocrx_word' id='word_1_197' title='bbox 2478 4059 2541 4126; x_wconf 89' lang='lat' dir='ltr'>in</span> <span class='ocrx_word' id='word_1_198' title='bbox 2577 4061 2678 4128; x_wconf 88' lang='lat' dir='ltr'>sui</span> <span class='ocrx_word' id='word_1_199' title='bbox 2708 4061 3006 4128; x_wconf 86' lang='lat' dir='ltr'>transmi-</span> 
     </span>
     <span class='ocr_line' id='line_1_29' title="bbox 763 4167 3007 4256; baseline -0 -20"><span class='ocrx_word' id='word_1_200' title='bbox 763 4169 1068 4255; x_wconf 83' lang='lat' dir='ltr'>gracionc</span> <span class='ocrx_word' id='word_1_201' title='bbox 1101 4167 1182 4235; x_wconf 88' lang='lat' dir='ltr'>de</span> <span class='ocrx_word' id='word_1_202' title='bbox 1211 4169 1337 4238; x_wconf 89' lang='lat' dir='ltr'>hoc</span> <span class='ocrx_word' id='word_1_203' title='bbox 1385 4170 1607 4237; x_wconf 86' lang='lat' dir='ltr'>seculo</span> <span class='ocrx_word' id='word_1_204' title='bbox 1639 4168 2028 4255; x_wconf 85' lang='lat' dir='ltr'>persolucrir</span> <span class='ocrx_word' id='word_1_205' title='bbox 2045 4220 2063 4253; x_wconf 91' lang='lat'><em>,</em></span> <span class='ocrx_word' id='word_1_206' title='bbox 2130 4169 2271 4255; x_wconf 90' lang='lat' dir='ltr'>ipse</span> <span class='ocrx_word' id='word_1_207' title='bbox 2318 4174 2536 4235; x_wconf 89' lang='lat' dir='ltr'>nostre</span> <span class='ocrx_word' id='word_1_208' title='bbox 2567 4170 3007 4256; x_wconf 82' lang='lat' dir='ltr'>possessiones</span> 
     </span>
     <span class='ocr_line' id='line_1_30' title="bbox 762 4274 3004 4361; baseline -0.001 -16"><span class='ocrx_word' id='word_1_209' title='bbox 762 4277 834 4348; x_wconf 87' lang='lat' dir='ltr'>in</span> <span class='ocrx_word' id='word_1_210' title='bbox 867 4279 970 4346; x_wconf 87' lang='lat' dir='ltr'>ius</span> <span class='ocrx_word' id='word_1_211' title='bbox 1000 4276 1224 4347; x_wconf 81' lang='lat' dir='ltr'>fratris</span> <span class='ocrx_word' id='word_1_212' title='bbox 1265 4279 1472 4346; x_wconf 88' lang='lat' dir='ltr'>nostri</span> <span class='ocrx_word' id='word_1_213' title='bbox 1504 4278 1932 4346; x_wconf 80' lang='lat' dir='ltr'>denolnantur</span> <span class='ocrx_word' id='word_1_214' title='bbox 1983 4279 2236 4345; x_wconf 84' lang='lat' dir='ltr'>iterato.</span> <span class='ocrx_word' id='word_1_215' title='bbox 2289 4274 2749 4348; x_wconf 77' lang='lat' dir='ltr'>Ordinauimus</span> <span class='ocrx_word' id='word_1_216' title='bbox 2785 4279 3004 4361; x_wconf 88' lang='lat' dir='ltr'>eciam,</span> 
     </span>
     <span class='ocr_line' id='line_1_31' title="bbox 763 4385 3009 4474; baseline -0.001 -19"><span class='ocrx_word' id='word_1_217' title='bbox 763 4385 935 4474; x_wconf 83' lang='lat' dir='ltr'>quod</span> <span class='ocrx_word' id='word_1_218' title='bbox 965 4390 1414 4471; x_wconf 87' lang='lat' dir='ltr'>possessiones</span> <span class='ocrx_word' id='word_1_219' title='bbox 1464 4395 1683 4456; x_wconf 82' lang='lat' dir='ltr'>nostre</span> <span class='ocrx_word' id='word_1_220' title='bbox 1716 4387 1943 4473; x_wconf 84' lang='lat' dir='ltr'><strong>Gyrky</strong></span> <span class='ocrx_word' id='word_1_221' title='bbox 2005 4394 2070 4454; x_wconf 87' lang='lat' dir='ltr'>et</span> <span class='ocrx_word' id='word_1_222' title='bbox 2115 4385 2392 4455; x_wconf 86' lang='lat' dir='ltr'>Nandor</span> <span class='ocrx_word' id='word_1_223' title='bbox 2438 4396 2706 4472; x_wconf 82' lang='lat' dir='ltr'>nocate3</span> <span class='ocrx_word' id='word_1_224' title='bbox 2754 4409 2829 4456; x_wconf 86' lang='lat' dir='ltr'>eo</span> <span class='ocrx_word' id='word_1_225' title='bbox 2860 4386 3009 4474; x_wconf 83' lang='lat' dir='ltr'>qnia</span> 
     </span>
     <span class='ocr_line' id='line_1_32' title="bbox 769 4495 3004 4582; baseline -0.003 -17"><span class='ocrx_word' id='word_1_226' title='bbox 769 4502 920 4565; x_wconf 81' lang='lat' dir='ltr'>sunt</span> <span class='ocrx_word' id='word_1_227' title='bbox 950 4514 1065 4582; x_wconf 84' lang='lat' dir='ltr'>per</span> <span class='ocrx_word' id='word_1_228' title='bbox 1095 4516 1215 4563; x_wconf 91' lang='lat' dir='ltr'>nos</span> <span class='ocrx_word' id='word_1_229' title='bbox 1266 4497 1547 4582; x_wconf 80' lang='lat' dir='ltr'>aquisite</span> <span class='ocrx_word' id='word_1_230' title='bbox 1596 4504 1664 4563; x_wconf 88' lang='lat' dir='ltr'>et</span> <span class='ocrx_word' id='word_1_231' title='bbox 1709 4515 1838 4562; x_wconf 89' lang='lat' dir='ltr'>non</span> <span class='ocrx_word' id='word_1_232' title='bbox 1891 4495 2320 4578; x_wconf 75' lang='lat' dir='ltr'>hereditarie,</span> <span class='ocrx_word' id='word_1_233' title='bbox 2373 4496 2436 4562; x_wconf 89' lang='lat' dir='ltr'>in</span> <span class='ocrx_word' id='word_1_234' title='bbox 2488 4504 2867 4582; x_wconf 85' lang='lat' dir='ltr'>perpetuum</span> <span class='ocrx_word' id='word_1_235' title='bbox 2905 4497 3004 4561; x_wconf 89' lang='lat' dir='ltr'>ius</span> 
     </span>
     <span class='ocr_line' id='line_1_33' title="bbox 762 4603 2997 4692; baseline -0.003 -18"><span class='ocrx_word' id='word_1_236' title='bbox 762 4603 1143 4689; x_wconf 74' lang='lat' dir='ltr'>Monasterij</span> <span class='ocrx_word' id='word_1_237' title='bbox 1197 4605 1397 4673; x_wconf 80' lang='lat' dir='ltr'>Beate</span> <span class='ocrx_word' id='word_1_238' title='bbox 1425 4603 1714 4692; x_wconf 83' lang='lat' dir='ltr'>Virginis</span> <span class='ocrx_word' id='word_1_239' title='bbox 1766 4604 1849 4672; x_wconf 92' lang='lat' dir='ltr'>de</span> <span class='ocrx_word' id='word_1_240' title='bbox 1879 4604 2103 4672; x_wconf 87' lang='lat' dir='ltr'>Iusula</span> <span class='ocrx_word' id='word_1_241' title='bbox 2152 4604 2586 4672; x_wconf 80' lang='lat' dir='ltr'>deuoluantur</span> <span class='ocrx_word' id='word_1_242' title='bbox 2618 4612 2684 4673; x_wconf 87' lang='lat' dir='ltr'>et</span> <span class='ocrx_word' id='word_1_243' title='bbox 2712 4612 2997 4672; x_wconf 79' lang='lat' dir='ltr'>statuan-</span> 
     </span>
     <span class='ocr_line' id='line_1_34' title="bbox 763 4706 2999 4802; baseline -0.003 -22"><span class='ocrx_word' id='word_1_244' title='bbox 763 4721 889 4783; x_wconf 88' lang='lat' dir='ltr'>tur.</span> <span class='ocrx_word' id='word_1_245' title='bbox 923 4715 1009 4784; x_wconf 84' lang='lat' dir='ltr'>Et</span> <span class='ocrx_word' id='word_1_246' title='bbox 1059 4721 1131 4780; x_wconf 89' lang='lat' dir='ltr'>nt</span> <span class='ocrx_word' id='word_1_247' title='bbox 1160 4713 1282 4783; x_wconf 87' lang='lat' dir='ltr'>hec</span> <span class='ocrx_word' id='word_1_248' title='bbox 1329 4714 1648 4802; x_wconf 84' lang='lat' dir='ltr'>premissa</span> <span class='ocrx_word' id='word_1_249' title='bbox 1700 4733 1841 4782; x_wconf 84' lang='lat' dir='ltr'>esse</span> <span class='ocrx_word' id='word_1_250' title='bbox 1871 4706 2123 4802; x_wconf 79' lang='lat' dir='ltr'>possint</span> <span class='ocrx_word' id='word_1_251' title='bbox 2187 4723 2333 4781; x_wconf 82' lang='lat' dir='ltr'>rata</span> <span class='ocrx_word' id='word_1_252' title='bbox 2381 4722 2445 4782; x_wconf 84' lang='lat' dir='ltr'>et</span> <span class='ocrx_word' id='word_1_253' title='bbox 2472 4716 2699 4801; x_wconf 80' lang='lat' dir='ltr'>firma,</span> <span class='ocrx_word' id='word_1_254' title='bbox 2747 4713 2999 4781; x_wconf 86' lang='lat' dir='ltr'>domine</span> 
     </span>
    </p>
   </div>
  </div>
 </body>
</html>
