3319 5249
1707 824 1865 892 363.

651 1021 710 1088 A
731 1029 1049 1109 pazso‘nyi
1077 1023 1530 1108 kdptalannak
1559 1022 2114 1111 bizonysdqlevele,
2156 1025 2320 1111 hoyy
2352 1022 2642 1091 Korchai
2671 1026 2904 1091 Ldazld

650 1134 1104 1218 sdqorne'jcival
1134 1129 1590 1219 Aqlontktkal,
1626 1130 1920 1198 Korchai
1958 1132 2219 1196 Sdndor
2251 1134 2625 1219 b'zveyyeveh
2657 1131 2904 1197 hitbe're

999 1241 1061 1304 c's
1074 1240 1686 1325 jeyyajdndckaira
1722 1244 1904 1303 ne'zve
1934 1240 2340 1325 echzkedctt.
2382 1240 2577 1303 1289.

863 1432 1198 1500 Vniuersis
1233 1432 1476 1499 Christi
1507 1432 1808 1500 fidelibus
1861 1440 2196 1517 presentes
2228 1435 2480 1502 litteras
2513 1433 2904 1518 inspecturis

650 1540 1021 1626 Capitulum
1055 1540 1347 1607 Ecclesie
1363 1540 1785 1608 Posoniensis
1817 1541 2093 1608 salutem
2125 1541 2192 1607 in
2224 1542 2456 1609 salutis
2490 1546 2771 1609 auctore.
2799 1540 2905 1606 Ad

631 1648 1090 1716 ‘vniuersorum
1125 1649 1430 1715 noticiam
1471 1654 1694 1714 tenore
1741 1648 2146 1733 presencium
2195 1652 2491 1716 volumus
2543 1649 2903 1734 peruenire,

646 1755 818 1842 quod
846 1754 1183 1823 constituti
1217 1775 1430 1822 coram
1480 1754 1670 1822 nobis
1722 1754 2157 1841 personaliter
2202 1756 2513 1824 Tolueius
2582 1755 2751 1823 filius
2783 1754 2902 1822 Te·

649 1882 782 1949 cus,
818 1869 885 1928 et
913 1862 1048 1928 filia
1110 1860 1397 1927 eiusdem
1444 1858 1733 1944 Aglonth
1784 1862 2066 1946 nomine,
2103 1861 2334 1928 relicta
2364 1862 2726 1929 Alexandri
2781 1859 2900 1945 filij

647 1971 828 2040 Sauli
860 1970 942 2036 de
972 1969 1225 2037 Corcha
1258 1988 1403 2036 cum
1435 1968 1689 2036 duabus
1720 1967 2076 2052 paruiculis
2115 1970 2374 2036 filiabus
2408 1970 2541 2036 suis
2563 1970 2900 2043 Elizabetb

647 2084 710 2146 et
741 2080 1112 2162 Margareta
1143 2078 1393 2145 vocatis
1427 2076 1510 2143 ab
1545 2097 1676 2145 una
1708 2082 1916 2163 parte,
1953 2084 2018 2144 et
2070 2077 2421 2145 Ladizlaus
2474 2079 2649 2146 filius
2700 2082 2891 2151 Sauli

644 2187 841 2255 frater
870 2185 1145 2274 predicti
1178 2185 1531 2251 Alexandri
1582 2206 1698 2270 pro
1732 2206 1804 2254 se
1835 2192 1900 2252 et
1948 2207 2066 2271 pro
2120 2185 2270 2271 filiis
2320 2187 2462 2254 suis
2515 2188 2782 2258 Chelleo
2836 2199 2900 2259 et

642 2294 939 2363 Johanne
969 2296 1053 2360 ab
1083 2295 1313 2374 altera,
1345 2300 1497 2361 sunt
1528 2292 1811 2362 confessi
1843 2293 1997 2360 uiua
2050 2314 2247 2381 uoce,
2297 2294 2467 2379 quod
2517 2298 2673 2366 licet
2721 2307 2901 2367 mota

646 2402 842 2471 fuerit
873 2401 1148 2469 materia
1181 2401 1542 2484 questionis
1574 2402 1741 2468 inter
1771 2400 1951 2487 ipsos
1978 2421 2173 2487 super
2205 2401 2353 2468 dote
2387 2409 2449 2469 et
2481 2404 2674 2472 rebus
2704 2427 2899 2493 para-

645 2508 1009 2577 farnalibus
1043 2509 1333 2595 predicte
1366 2508 1626 2576 domine
1657 2509 1967 2597 Aglonth,
2001 2516 2065 2576 et
2096 2516 2328 2592 quarta
2370 2518 2559 2595 parte
2589 2521 2900 2599 paterna-

643 2638 785 2686 rum
815 2617 1301 2703 possessionum
1322 2614 1648 2704 predictas
1669 2616 1840 2684 filias
1861 2616 2150 2685 eiusdem
2172 2616 2429 2685 domine
2463 2620 2899 2709 contingente,

643 2727 865 2810 sicque
894 2725 1005 2793 diu
1039 2723 1261 2793 ordine
1290 2724 1630 2793 iudiciario
1664 2727 1962 2793 altercati
1996 2724 2311 2811 fuissent;
2345 2726 2606 2794 tandem
2642 2730 2730 2796 ad
2750 2730 2901 2799 ulti·

646 2854 822 2901 mum
841 2833 1275 2901 mediantibus
1298 2832 1520 2918 probis
1540 2833 1703 2901 viris
1725 2833 1944 2900 taliter
1964 2832 2471 2901 concordassent
2491 2859 2506 2899 ε
2529 2837 2703 2919 quod
2723 2837 2898 2908 idem

643 2942 1000 3011 Ladizlaus
1036 2961 1152 3027 pro
1185 2938 1333 3008 dote
1366 2948 1430 3007 et
1462 2941 1798 3026 dotaliciJs
1827 2962 1908 3008 ac
1939 2941 2133 3008 rebus
2163 2940 2697 3027 parafarnalibus
2752 2967 2895 3032 pre·

643 3051 812 3118 dicte
844 3048 1121 3133 domine,
1156 3054 1221 3114 et
1252 3053 1479 3132 quarta
1513 3052 1698 3133 parte
1729 3046 2010 3116 filiarum
2043 3045 2332 3116 eiusdem
2353 3048 2622 3119 deberet
2639 3053 2899 3123 soluere

643 3177 761 3226 sex
789 3176 1084 3239 marcas;
1120 3174 1284 3237 quas
1318 3153 1577 3238 quidem
1612 3174 1729 3221 sex
1761 3173 2018 3221 marcas
2040 3154 2240 3240 ijdem
2261 3156 2589 3246 Tolueius,
2624 3152 2897 3229 do‘mina

638 3265 928 3349 Aglonth
957 3264 1093 3330 filia
1152 3282 1293 3345 sua,
1328 3282 1444 3349 pro
1491 3283 1564 3329 se
1595 3270 1659 3330 et
1695 3284 1809 3347 pro
1842 3260 2093 3329 duabus
2126 3264 2384 3332 filiabus
2436 3266 2568 3333 suis
2599 3269 2888 3354 supradi-

641 3372 763 3440 ctis
796 3371 1072 3440 confessi
1105 3380 1256 3439 sunt
1294 3372 1542 3459 abipso
1573 3371 1884 3439 Ladizlao
1915 3393 1985 3440 se
2005 3372 2334 3457 recepisse
2366 3374 2655 3459 plenarie
2688 3385 2754 3443 et
2784 3380 2896 3445 ba·

638 3482 827 3568 bere;
861 3482 1050 3549 etsie
1081 3481 1294 3568 ipsum
1325 3480 1708 3547 Ladizlaum
1741 3486 1803 3547 et
1836 3479 2004 3546 filios
2056 3500 2207 3548 suos
2262 3479 2597 3549 Chelleum
2655 3491 2718 3552 et
2783 3487 2896 3553 Jo-

638 3589 917 3656 hannem
953 3589 1034 3655 de
1067 3587 1218 3655 dote
1248 3594 1313 3655 et
1343 3587 1673 3673 dotalicijs
1703 3608 1782 3654 ac
1811 3588 2006 3654 rebus
2038 3586 2558 3673 parafarnalibus
2607 3588 2898 3676 predicte

640 3696 918 3782 domine,
956 3701 1019 3763 et
1049 3702 1281 3778 quarta
1315 3702 1500 3781 parte
1529 3696 1809 3761 filiarum
1872 3692 2162 3762 eiusdem
2221 3695 2365 3780 ipse
2426 3698 2771 3765 Toluerius
2833 3706 2900 3765 et

636 3807 927 3894 predicta
959 3803 1223 3871 domina
1252 3804 1502 3887 Aglont
1531 3803 1955 3870 reddiderunt
1984 3802 2050 3868 in
2084 3803 2285 3871 nostri
2322 3807 2661 3888 presencia
2694 3807 2892 3892 peni·

637 3924 741 3981 tus
775 3911 1150 3999 expeditos3
1186 3911 1555 3995 obligantes
1622 3932 1692 3979 se
1737 3911 1909 3995 quod
1960 3912 2328 3996 quicunque
2377 3933 2684 3998 processu
2739 3922 2895 3980 tem·

636 4043 862 4109 porum
896 4022 1111 4108 ipsum
1144 4019 1525 4086 Ladizlaum
1557 4026 1670 4086 aut
1717 4018 1888 4086 filios
1922 4039 2071 4086 suos
2103 4018 2427 4105 predictos
2458 4019 2798 4088 Chelleum
2831 4031 2897 4088 et

635 4130 1003 4200 Johannem
1036 4129 1300 4197 racione
1333 4129 1504 4196 dotis
1540 4135 1603 4195 et
1630 4149 1840 4194 rerum
1875 4128 2398 4212 parafarnalium
2450 4127 2889 4213 predictarum

638 4259 717 4306 ac
749 4245 985 4324 quarta
1016 4247 1201 4324 parte
1231 4238 1515 4305 uoluerit
1544 4237 1832 4323 inpetere
1890 4238 1991 4305 uel
2043 4256 2321 4319 uexarc3
2379 4244 2610 4303 extunc
2663 4236 2894 4306 eadem

639 4347 902 4414 domina
934 4353 995 4414 et
1027 4346 1353 4433 predictus
1406 4344 1752 4412 Toluerius
1813 4345 2197 4412 tenebuntur
2232 4364 2341 4411 eos
2396 4344 2701 4430 expedire
2750 4366 2894 4431 pro-

637 4455 801 4541 prijs
834 4453 1169 4523 laboribus
1204 4460 1268 4521 et
1304 4455 1625 4540 expensis.
1650 4454 1725 4520 In
1760 4453 1945 4520 cuius
1983 4453 2077 4522 rei
2128 4454 2505 4521 memoriam
2555 4461 2891 4539 presentes
