3319 5249
1879 300 2013 373 450

1872 1055 2024 1125 321.

810 1249 857 1315 I
865 1253 929 1316 V.
964 1253 1192 1317 Ldszlo
1224 1253 1581 1339 kirdlynak
1628 1250 1797 1336 Voyk
1829 1256 1894 1320 ἐς
1925 1254 2237 1321 Herescen
2255 1263 2415 1321 nevil
2435 1256 2727 1343 fo‘ldeket
2760 1263 3078 1345 tdrqyazd

902 1362 1271 1446 adomcinya
1306 1360 1523 1424 Endre
1556 1383 1770 1445 comes,
1813 1362 2030 1428 Endre
2080 1387 2277 1429 comes
2296 1367 2402 1448 fia
2436 1370 2752 1432 szdmdra.
2790 1367 2987 1431 1286.

1029 1571 1381 1640 Ladizlaus
1415 1573 1538 1639 Dei
1599 1575 1827 1658 gracia
1888 1576 2223 1661 Hungarie
2243 1631 2263 1665 ,
2349 1579 2684 1645 Dalmacie
2702 1630 2721 1664 ,
2773 1580 3066 1663 Croacie,

814 1683 1017 1747 Rame
1036 1733 1053 1767 ,
1099 1681 1329 1748 Seruie
1349 1736 1365 1767 ,
1429 1683 1706 1750 Gallicie
1728 1736 1747 1770 ,
1801 1684 2182 1753 Lodomerie
2199 1737 2220 1771 ,
2272 1687 2586 1754 Cumanie
2636 1687 3073 1770 Bulgarieque

816 1785 961 1854 Rex
992 1790 1288 1856 omnibus
1323 1791 1563 1858 Christi
1596 1791 1897 1858 fidelibus
1944 1799 2308 1877 presentem
2340 1794 2648 1879 paginam
2682 1795 3073 1880 inspecturis

818 1898 1102 1964 salutem
1133 1899 1199 1962 in
1250 1900 1539 1964 omnium
1606 1900 1966 1967 saluatore.
2029 1901 2261 1985 Regali
2312 1902 2581 1985 dignum
2631 1909 2734 1968 est
2765 1911 2830 1968 et
2879 1922 3071 1986 expe·

818 2006 1024 2088 diens,
1057 2024 1190 2089 eos,
1223 2006 1333 2091 qui
1365 2006 1431 2072 in
1465 2006 1763 2092 seruicijs
1797 2005 2138 2075 dominicis
2189 2016 2254 2076 et
2292 2009 2695 2092 obsequiosis
2747 2010 3068 2077 famulati·

818 2117 937 2182 bus
969 2114 1217 2181 diucius
1264 2135 1335 2182 se
1366 2122 1688 2201 exercent,
1723 2116 2169 2183 munificencia
2199 2118 2536 2202 gratulari,
2574 2127 2644 2184 vt
2675 2139 2753 2185 eo
2785 2116 3067 2201 amplius

816 2223 1103 2306 ipsorum
1136 2225 1434 2308 exemplo
1466 2224 1671 2290 ceteri
1722 2222 1808 2288 ad
1870 2222 2208 2290 fidelitatis
2256 2244 2458 2308 opera
2489 2225 2949 2292 vehemencius
2980 2224 3066 2287 in-

817 2330 1120 2397 uitentur.
1150 2331 1431 2397 Proinde
1464 2331 1549 2396 ad
1579 2331 2029 2399 uniuersorum
2068 2340 2203 2398 tam
2234 2332 2644 2417 presencium
2678 2350 2878 2414 quam
2908 2329 3068 2395 futu-

819 2458 1032 2505 rorum
1065 2439 1371 2504 noticiam
1405 2446 1626 2506 tenore
1656 2441 2063 2524 presencium
2096 2439 2325 2506 harum
2378 2440 2549 2507 serie
2603 2439 2901 2507 uolumus
2931 2458 3069 2523 per·

816 2546 1058 2631 uenire,
1090 2546 1261 2629 quod
1294 2547 1610 2613 accedens
1642 2548 1729 2613 ad
1761 2556 2046 2614 nostram
2073 2549 2478 2634 presenciam
2500 2548 2728 2615 Comes
2762 2547 3060 2615 Andreas

818 2656 988 2721 filius
1021 2655 1290 2722 Comitis
1325 2656 1575 2722 Andree
1607 2656 1926 2739 quasdam
1959 2663 2170 2724 terras
2200 2656 2444 2724 Thome
2480 2658 2599 2742 filij
2634 2658 2755 2723 [nd
2790 2656 2932 2723 sine
2967 2655 3071 2720 he·
3153 2660 3168 2668 ‘

822 2763 976 2830 rede
1011 2764 1453 2850 decendentis,
1488 2766 1682 2851 Voyk
1718 2774 1783 2832 et
1832 2766 2158 2833 Herescen
2180 2774 2468 2854 uocatas,
2489 2767 2557 2831 in
2579 2767 2908 2834 Comitatu
2943 2767 3070 2849 Ny-

820 2872 1048 2939 triensi
1083 2873 1452 2959 existentes,
1502 2874 1741 2959 petiuit
1774 2894 1816 2939 a
1840 2873 2024 2941 nobis
2056 2876 2181 2941 sibi
2216 2874 2384 2941 dari.
2421 2874 2660 2942 Verum
2693 2875 2850 2958 quia
2884 2872 3065 2939 nobis

819 2987 899 3053 de
931 2983 1261 3070 qualitate
1294 2990 1358 3048 et
1389 2983 1754 3066 quantitate
1785 2982 2099 3049 dictarum
2140 2989 2453 3050 terrarum
2487 2985 2730 3050 ueritas
2762 3004 2896 3050 non
2929 3003 3066 3049 eon·

822 3097 1063 3176 stabat,
1096 3091 1396 3158 fidelibus
1416 3090 1658 3157 nostris
1680 3091 1978 3178 Capitulo
1999 3091 2326 3176 Nytriensi
2360 3092 2598 3157 nostris
2631 3091 2872 3158 litteris
2894 3090 3073 3157 dedi·

822 3223 965 3268 mus
999 3201 1064 3268 in
1096 3198 1441 3283 mandatis,
1474 3206 1546 3265 ut
1576 3220 1774 3266 unum
1806 3220 1889 3267 ex
1922 3199 2084 3283 ipsis
2116 3220 2259 3266 cum
2299 3198 2579 3282 Georgio
2632 3197 2713 3266 de
2744 3197 2946 3283 Hynd
2966 3199 3069 3264 ho·

819 3311 989 3375 mine
1023 3315 1244 3376 nostro
1278 3327 1396 3392 pro
1429 3306 1799 3374 testimonio
1862 3307 2189 3372 mitterent
2242 3304 2656 3389 fidedignum,
2695 3325 2916 3371 coram
2949 3328 3071 3392 quo

820 3419 995 3484 idem
1014 3417 1206 3483 homo
1226 3420 1448 3483 noster
1477 3413 1944 3482 reambulando
1966 3411 2175 3480 dictas
2198 3420 2425 3497 terras,
2447 3414 2855 3497 presentibus
2876 3415 3073 3482 omni·

820 3528 938 3593 bus
970 3521 1429 3591 commetaneis
1470 3529 1535 3587 et
1578 3521 1812 3589 vicinis
1844 3526 2157 3588 statueret
2182 3527 2244 3586 et
2281 3521 2647 3605 assignaret
2682 3520 2811 3605 ipsi
2845 3522 3076 3588 Comiti

820 3633 1097 3719 Andree,
1131 3632 1189 3700 si
1219 3652 1350 3698 non
1380 3633 1562 3698 fieret
1591 3629 2104 3710 contradictum,
2165 3628 2748 3696 contradictoribus
2782 3650 2939 3697 uero
2990 3630 3073 3694 ad

820 3748 1105 3808 nostram
1139 3739 1543 3824 presenciam
1579 3737 1889 3806 euocatis.
1923 3734 2108 3814 Quod
2127 3734 2390 3820 quidem
2426 3735 2798 3821 Capitulum
2822 3737 3076 3804 demum

820 3850 1005 3916 nobis
1024 3849 1490 3933 rescripserunt
1523 3847 1590 3913 in
1621 3847 1742 3912 hec
1777 3846 2016 3913 uerba:

1036 3954 1596 4022 Excellentissimo
1649 3953 1910 4020 domino
1962 3970 2080 4018 suo
2142 3949 2455 4016 Ladizlao
2515 3952 2638 4017 stb.
2703 3949 3071 4038 Capitulum

823 4063 1190 4151 Nytriensis
1241 4062 1536 4129 Ecclesie
1600 4060 1725 4128 stb.
1779 4059 2201 4147 (kbvetkezik
2256 4078 2296 4123 a
2329 4057 2567 4144 uyitrai
2615 4058 3078 4142 kaptalannak

822 4175 1142 4259 jelentese
1177 4174 1341 4237 mint
1370 4169 1567 4237 alabb
1601 4174 1858 4237 327.sz.
1893 4165 1984 4254 a.)

1035 4281 1169 4346 Nos
1201 4280 1423 4362 itaque
1455 4277 1888 4345 consideratis
1919 4274 2346 4343 fidelitatibus
2382 4281 2446 4342 et
2479 4273 2901 4342 seruiciorum
2944 4295 3074 4342 me-

822 4390 964 4455 ritis
998 4387 1202 4473 ipsius
1234 4383 1505 4453 Comitis
1536 4386 1818 4472 Andree,
1851 4404 1976 4467 que
2001 4383 2188 4451 nobis
2225 4385 2294 4450 in
2327 4380 2605 4449 diuersis
2641 4381 3082 4468 expedicioni·

821 4499 943 4563 bus
976 4502 1108 4560 tam
1140 4493 1559 4579 generalibus
1593 4513 1786 4577 quam
1807 4491 2329 4577 particularibus,
2364 4496 2427 4555 et
2445 4488 2820 4572 specialiter
2840 4486 2905 4552 in
2928 4508 3083 4555 con-

821 4607 1017 4690 flictu,
1048 4623 1237 4684 quem
1270 4609 1493 4667 contra
1523 4604 1764 4683 Regem
1801 4601 2201 4685 Boemorum,
2254 4605 2543 4663 nostrum
2593 4601 2656 4660 et
2707 4597 2914 4679 Regni
2962 4617 3087 4661 no·
