3319 5249
1331 344 1455 407 561

275 528 607 613 Magistris
656 527 805 595 filiis
870 526 1158 595 eiusdem
1220 526 1644 594 contulimus:
1697 527 2001 595 fidelitati
2055 534 2272 597 vestre
2322 529 2526 614 preci-

273 637 489 720 pimus
522 642 587 703 et
620 635 1022 721 mandamus,
1056 641 1377 718 quatenus
1411 640 1693 701 vestrum
1730 633 1895 701 detis
1931 635 2391 724 testimonium,
2423 658 2523 705 co-

272 764 414 809 ram
445 765 569 826 quo
604 739 770 807 Jurk
800 742 975 807 filius
1025 740 1176 807 Jule
1228 740 1418 807 homo
1482 747 1699 808 noster
1768 741 2127 809 reambulet
2190 743 2522 828 predictas

269 852 720 935 possessiones
752 848 981 916 vicinis
1034 855 1099 914 et
1148 850 1612 913 commetaneis
1666 848 2114 934 presentibus,
2166 856 2229 915 et
2276 858 2523 917 statuat

270 957 478 1024 eidem
513 958 747 1023 Comiti
781 954 1080 1023 Michaeli
1115 963 1178 1020 et
1208 954 1363 1040 filijs
1417 954 1551 1020 suis
1604 954 2025 1039 supradictis,
2060 958 2117 1022 si
2151 977 2276 1022 non
2328 956 2524 1023 fuerit

269 1064 773 1146 contradictum3
808 1062 1315 1129 contradictores
1354 1061 1767 1128 nihilominus
1800 1061 1886 1128 ad
1937 1066 2221 1130 nostram
2253 1065 2520 1129 Presen-

265 1172 434 1239 ciam
465 1170 550 1236 ad
582 1170 925 1238 terminum
957 1174 1428 1253 competentem
1462 1169 1769 1252 euocetis‚
1822 1176 1887 1234 et
1917 1177 2066 1254 post
2116 1170 2234 1237 hec
2286 1170 2517 1237 seriem

265 1282 473 1347 tocius
505 1278 658 1345 facti
690 1279 880 1345 nobis
912 1276 1302 1346 rescribatis.
1341 1279 1580 1343 Datum
1643 1276 1828 1343 Bude
1859 1276 2027 1343 seria
2086 1285 2317 1360 quarta
2378 1299 2520 1363 pro-

269 1388 447 1454 xima
477 1393 626 1474 post
655 1387 893 1453 festum
926 1387 1109 1452 Beati
1142 1384 1374 1454 Jacobi
1404 1384 1723 1469 Apostoli.

265 1602 545 1664 (Eredetie
570 1597 925 1666 b6rhfirtyfin,
953 1619 987 1652 a
1015 1598 1294 1668 zfirpecset
1319 1602 1584 1652 elveszett
1605 1619 1618 1664 ς
1643 1612 1678 1647 a
1703 1617 1886 1653 nemen
1911 1596 2117 1666 Kfillay
2145 1599 2327 1654 caalbd
2355 1600 2518 1653 level-

1256 1689 1526 1756 struhan.)

1301 2707 1457 2776 413.

256 2908 300 2969 I
319 2907 383 2971 V.
429 2907 657 2972 Ldszlo'
691 2908 917 2991 kirdly
946 2909 1491 2993 va'mme‘ntesseyet
1512 2907 1600 2970 dd
1632 2906 1894 2993 Mihdly
1927 2928 2125 2970 comes
2141 2909 2279 2991 fiai
2296 2910 2520 2972 Istvdn

258 3040 289 3079 8
328 3017 453 3081 Pal
480 3015 889 3080 mestereknek
920 3040 1073 3080 azon
1106 3017 1348 3102 hajo'ik‘
1368 3020 1691 3100 szdwzzdra,
1729 3014 1971 3099 melyek
2003 3016 2212 3079 va'rtilc
2225 3013 2518 3102 fele'piti-

461 3126 590 3214 sc'vfe
623 3149 664 3188 α
700 3124 1043 3191 Szamoson
1076 3126 1301 3209 e'pitesi
1332 3135 1617 3210 anyaqot
1650 3123 1909 3190 visznek.
1948 3100 2049 3185 E‘v
2078 3124 2314 3189 nakel.

466 3336 816 3405 Ladizlaus
862 3336 990 3403 Dei
1023 3337 1251 3422 gracia
1282 3339 1423 3405 Rex
1455 3338 1794 3421 Hungarie
1826 3336 2132 3405 fidelibus
2185 3335 2321 3404 suis
2375 3334 2506 3403 vni·

252 3447 458 3511 uersis
522 3445 880 3529 tributarijs
941 3463 1057 3528 per
1117 3446 1357 3512 Zomus
1418 3445 1808 3531 constitutis,
1857 3466 1936 3512 ac
1999 3443 2364 3529 hospitibus
2424 3439 2507 3509 de

249 3552 556 3619 Zothmar
585 3559 649 3618 et
680 3552 761 3619 de
792 3552 1094 3638 Nempty,
1129 3573 1247 3618 nec
1280 3572 1409 3618 non
1441 3552 1806 3636 tributarijs
1837 3554 1907 3619 in
1943 3552 2192 3620 eisdem
2224 3549 2503 3619 existen·

247 3660 446 3745 tibus,
480 3679 560 3725 ac
592 3661 791 3725 eciam
858 3657 1009 3745 alijs
1071 3659 1438 3742 tributarijs·
1492 3659 1575 3726 de
1626 3660 1938 3726 Zothmar
1974 3665 2038 3727 et
2101 3658 2181 3723 de
2244 3657 2508 3741 Nempti

250 3769 553 3850 usquein
605 3749 1018 3856 Zomuszygh
1068 3766 1505 3834 residentibus
1555 3767 1834 3834 salutem
1869 3774 1934 3832 et
1982 3765 2292 3850 graciam.
2347 3768 2505 3833 Cum

249 3897 367 3943 nos
398 3876 737 3943 vniuersas
770 3885 973 3943 naues
1037 3875 1309 3942 Comitis
1370 3875 1752 3960 mychaelis,
1804 3872 2121 3961 Stephani
2185 3879 2251 3939 et
2314 3871 2506 3937 Pauli

244 3984 522 4049 filiorum
555 3984 842 4071 eiusdem
892 3982 1174 4049 fidelium
1228 3987 1609 4066 nostrorum,
1659 3982 1917 4069 lapides
1969 3988 2082 4049 aut
2137 3983 2502 4047 cementum

246 4112 362 4177 per
422 4089 687 4158 fluuium
719 4091 953 4157 Zomus
988 4088 1360 4156 differentes
1393 4110 1510 4173 pro
1543 4090 2032 4156 construccione
2050 4087 2243 4154 castri
2269 4105 2506 4151 eorun-

248 4199 413 4285 dem,
446 4200 530 4265 ab
563 4199 735 4264 omni
768 4196 1033 4284 tributO,
1068 4216 1191 4280 que
1223 4198 1289 4263 in
1323 4198 1559 4264 Zomus
1593 4197 1765 4280 exigi
1818 4200 2310 4277 consueuerant,
2365 4191 2509 4259 red-

247 4306 601 4373 diderimus
651 4305 1029 4391 expeditos:
1091 4305 1391 4372 volumus
1415 4356 1432 4389 ,
1486 4312 1550 4371 et
1600 4303 1917 4371 fidelitati
1969 4310 2187 4371 uestre
2244 4299 2510 4366 firmiter

247 4415 637 4501 precipimus
672 4419 736 4479 et
772 4412 1086 4499 districte,
1120 4421 1440 4497 quatenus
1493 4413 1773 4501 receptis
1828 4413 2237 4498 presentibus
2288 4408 2508 4475 nullus

245 4529 531 4589 uestrum
561 4519 871 4586 tributum
902 4537 1101 4602 super
1133 4519 1312 4603 ipsas
1345 4539 1547 4586 naues
1583 4518 1847 4603 exigere
1899 4518 2140 4584 audeat
2192 4515 2297 4581 uel
2347 4535 2492 4600 pre·

242 4637 479 4698 sumat.
514 4628 818 4712 Alioquin
850 4628 1209 4713 quicunque
1244 4649 1325 4709 ex
1358 4629 1544 4696 uobis
1575 4635 1863 4699 nostrum
1898 4626 2272 4696 mandatum
2295 4632 2506 4690 trans-

333 4765 540 4802 uonuu.
575 4764 740 4802 nune.
773 4762 915 4803 uis-r.
958 4772 1044 4785 -—
1076 4762 1222 4799 nint..
1257 4753 1331 4804 17.
2095 4735 2181 4806 36
