3319 5249
1905 277 1929 288 «κ

1908 285 2037 371 3232

845 500 1204 592 communi,
1255 512 1445 590 prout
1497 509 1747 571 ceteras
1797 525 1949 573 suas
2013 504 2447 572 hereditarias
2510 503 2944 590 ‘possessiones
2995 513 3058 571 sc

837 618 1145 679 asserunt
1192 614 1614 681 communiter
1663 612 2021 699 possidere.
2073 612 2251 682 Idem
2286 614 2491 680 eciam
2525 614 2859 700 Gelyanus
2891 612 3053 698 dixit,

838 720 1007 805 quod
1039 719 1191 788 licet
1220 740 1424 807 usque
1457 723 1644 789 modo
1669 721 1910 789 dictum
1931 722 2368 789 molendinum
2397 723 2571 808 apud
2591 723 2845 790 Boltam
2863 720 3054 805 fuerit,

841 835 1058 895 tamen
1111 829 1237 896 sibi
1288 830 1634 915 persolutis
1700 831 1900 898 tribus
1964 831 2197 898 marcis
2261 831 2670 899 satisfactum
2737 827 2941 895 extitit
2985 827 3057 896 de

842 936 1086 1003 eodem.
1138 935 1379 1004 Datum
1429 939 1496 1004 in
1548 940 1798 1005 octauis
1846 938 2293 1005 Exaltacionis
2342 940 2578 1006 Sancte
2630 937 2848 1005 Crucis
2895 958 3049 1002 anno

835 1043 1094 1109 Domini
1136 1044 1226 1110 Μ0
1258 1047 1387 1116 00⁰
1419 1047 1699 1112 LXXX⁰
1731 1046 1960 1131 primo.

1045 1173 1250 1238 Kiviae'l
1267 1196 1289 1236 .·
1320 1173 1441 1238 Pro
1477 1171 1755 1239 Geliano
1788 1178 2013 1238 contra
2044 1172 2254 1240 Bolta.

831 1406 1116 1470 (Eredetie
1153 1405 1458 1472 bssrhartya,
1505 1404 1752 1474 ktilsffleg
1796 1408 1898 1460 oda
1936 1413 2177 1472 nyomott
2202 1404 2462 1473 pecsettel
2489 1405 2799 1468 osszetevc;
2840 1405 3042 1457 kozolte

1498 1500 1669 1549 velem
1700 1501 1811 1549 tek.
1837 1498 2012 1563 Thaly
2039 1495 2271 1549 Kalman
2299 1497 2397 1562 1⁹11.)

1738 1827 2156 1837 §.a—‘affl—

1878 2351 2028 2421 229.

819 2565 882 2633 A
912 2567 1280 2633 keresztesek
1310 2567 1506 2633 budai
1537 2568 1985 2656 konventje'nek
2015 2569 2563 2658 bizonysciylevele,
2595 2566 2763 2654 koqy
2795 2590 2835 2631 α
2857 2565 3051 2632 Koar-

818 2700 961 2764 περ
993 2677 1240 2764 helyse'q
1273 2678 1541 2742 hatdrai
1571 2679 1785 2744 irdnti
1818 2680 2335 2765 eqyenetlenseyek
2384 2677 2719 2742 vdlasztott
2752 2676 2941 2742 bircik
2971 2676 3053 2741 cil-

1557 2787 1653 2852 tal
1683 2787 2106 2853 elinteztettek.
2142 2789 2335 2851 1281.

1031 3000 1261 3068 Frater
1292 3001 1551 3068 Marcus
1572 3002 1760 3069 Prior
1781 3010 1844 3069 et
1866 2999 2234 3069 Conuentus
2268 3001 2736 3068 Cruciferorum
2773 2998 3056 3067 Ecclesie

818 3107 1059 3175 Sancte
1110 3109 1451 3176 Trinitatis
1507 3107 1586 3177 de
1639 3109 1884 3176 Calidis
1916 3110 2124 3193 Aquis
2158 3109 2454 3177 omnibus
2488 3108 2725 3176 Christi
2762 3106 3052 3176 fidelibus

820 3236 1087 3302 presens
1120 3217 1426 3303 scriptum
1463 3218 1851 3302 inspecturis
1894 3219 2169 3285 salutem
2191 3218 2257 3283 in
2283 3218 2562 3284 Domino
2585 3217 3057 3302 sempiternam.

822 3323 926 3388 Ad
976 3324 1421 3394 uniuersorum
1476 3327 1783 3394 noticiam
1819 3334 2038 3395 tenore
2068 3327 2467 3414 presencium
2504 3327 2804 3393 uolumus
2836 3344 3057 3410 perue-

818 3433 973 3521 nire,
1021 3435 1191 3518 quod
1242 3437 1560 3522 Magister
1592 3434 1888 3502 Andreas
1922 3436 2099 3504 filius
2131 3435 2408 3521 Nycolai
2443 3435 2523 3500 de
2556 3433 2780 3521 Scyud
2812 3437 2897 3499 ab
2932 3454 3056 3499 vna

820 3549 1032 3629 parte,
1066 3544 1330 3610 Paznan
1365 3553 1427 3610 et
1458 3544 1787 3632 Nycolaus
1823 3544 1902 3611 de
1924 3544 2281 3630 Chalamia‚
2305 3543 2702 3610 Laurcncius
2723 3550 2788 3609 ct
2816 3542 3054 3608 Elekus

821 3651 934 3718 filii
987 3651 1304 3737 Felicianj
1359 3650 1437 3718 de
1488 3652 2136 3739 Eghazaschalamia3
2169 3654 2553 3737 Lampertus
2588 3660 2652 3719 et
2683 3649 3056 3736 Stephanus

817 3759 933 3826 filii
967 3758 1244 3847 Nycolaj
1280 3759 1362 3827 de
1394 3760 1560 3829 Leze
1587 3800 1656 3809 —
1690 3799 1773 3809 —
1796 3760 1876 3829 de
1907 3781 2141 3846 genere
2175 3761 2395 3828 Hunth
2429 3762 2686 3827 Paznan
2714 3762 2795 3826 ab
2829 3760 3052 3842 altera,

811 3868 1240 3955 personaliter
1260 3888 1472 3937 coram
1493 3869 1681 3938 nobis
1700 3869 2373 3957 constituti,(consessi
2397 3867 2573 3957 sunt)
2596 3867 2766 3952 quod
2786 3890 2932 3936 cum
2954 3886 3052 3934 su·

816 3999 935 4066 per
955 3978 1128 4045 facto
1148 3985 1458 4046 metarum
1499 3978 1968 4047 destructarum
2010 3979 2344 4047 cuiusdam
2367 3986 2532 4045 terre
2552 3978 2835 4045 eiusdem
2858 3975 3053 4061 Magi·

814 4085 933 4153 stri
954 4084 1213 4163 Andree
1232 4088 1530 4172 Kuarzeg
1552 4093 1785 4154 uocate
1807 4087 1971 4152 inter
1989 4087 2171 4172 ipsas
2190 4092 2407 4171 partes
2431 4085 2512 4152 lis
2533 4093 2599 4152 et
2617 4086 3054 4153 controuersia

813 4193 1046 4261 fuisset
1078 4203 1253 4261 mota
1272 4200 1334 4260 et
1354 4196 1723 4279 susscitata,
1754 4195 2014 4261 tandem
2047 4194 2371 4261 mediante
2406 4193 2674 4261 arbitrio
2706 4196 3052 4280 proborum

815 4302 1100 4369 virorum
1151 4305 1234 4371 ab
1284 4311 1557 4387 utraque
1589 4311 1776 4391 parte
1807 4304 2231 4371 adductorum
2266 4323 2484 4370 coram
2519 4302 2709 4370 nobis
2742 4302 3051 4369 arbitran-

809 4410 1000 4499 tibus,
1054 4411 1216 4479 visis
1264 4410 1496 4479 litteris
1546 4411 2059 4499 priuilegialibus
2109 4410 2352 4479 domini
2402 4411 2598 4495 Regis
2658 4411 2812 4477 Bele
2842 4408 3050 4477 felicis

811 4520 1287 4589 recordacionis
1318 4541 1434 4606 per
1463 4522 1677 4607 ipsum
1711 4519 2034 4587 Andream
2065 4520 2269 4605 nobis,
2294 4528 2358 4588 et
2377 4520 2541 4607 ipsis
2560 4517 3049 4587 arbitratoribus

808 4645 887 4693 ac
917 4628 1090 4713 parti
1121 4629 1392 4699 adnerse
1426 4630 1756 4717 exhibitis,
1787 4650 1910 4699 nec
1939 4631 2142 4700 eciam
2174 4628 2340 4716 ipsis
2370 4626 2958 4697 contradicentibus
2982 4625 3047 4691 in
