3319 5249
1773 326 1899 392 192

1753 848 1901 918 132.

692 1058 752 1117 A
786 1049 1154 1116 koeeaztmk
1168 1047 1510 1133 fehdrvdri
1527 1048 1977 1135 konventjdnek
1998 1070 2138 1113 ezem
2158 1050 2628 1137 elzciloqoeitdst
2645 1050 2955 1136 tdrqyazd

1424 1157 1967 1243 bizonysciqlevele.
2021 1161 2212 1226 1277.

907 1357 1043 1423 Nos
1078 1353 1446 1423 conuentus
1503 1354 1750 1423 Domus
1802 1354 2166 1441 Hospitalis
2215 1354 2298 1423 de
2347 1356 2521 1423 Alba
2570 1354 2804 1425 damus
2835 1376 2951 1442 pro

693 1463 1027 1551 memoria,
1059 1462 1230 1548 quod
1262 1462 1362 1529 vir
1394 1462 1712 1531 discretus
1746 1462 2063 1547 Magister
2103 1463 2216 1530 Sol
2252 1463 2630 1549 Prepositus
2663 1462 2952 1530 Ecclesie

692 1570 1126 1659 Dymisiensis
1158 1590 1378 1637 coram
1411 1571 1599 1639 nobis
1633 1573 2067 1657 personaliter
2098 1571 2502 1656 constitutae,
2547 1591 2667 1657 pro
2699 1571 2951 1657 quibus-

693 1680 844 1747 dam
893 1679 1396 1748 necessitatibus
1446 1678 1734 1765 predicte
1791 1679 2082 1746 Ecclesie
2121 1680 2564 1767 subleuandis,
2622 1677 2951 1766 quandam

693 1788 1166 1876 possessionem
1202 1788 1491 1855 eiusdem
1546 1786 1837 1855 Ecclesie
1888 1786 2252 1854 Olkulchar
2301 1796 2624 1875 uocatam,
2680 1806 2953 1886 uacuam

692 1904 755 1965 et
775 1897 1259 1965 habitatoribus
1284 1895 1679 1981 destitutam,
1717 1901 1785 1964 ut
1817 1893 2093 1984 dicebat,
2129 1896 2249 1965 sub
2283 1898 2421 1964 suis
2452 1895 2742 1980 antiquis
2763 1894 2953 1962 metis

692 2014 757 2073 et
773 2004 1065 2072 terminis
1088 2005 1321 2071 Comiti
1341 2004 1721 2073 Alexandro
1743 2003 1826 2071 de
1845 2005 2090 2090 Mehus,
2113 2005 2378 2090 Symoni
2402 2013 2467 2072 et
2485 2006 2526 2073 J
2529 2005 2773 2073 ohanni
2794 2004 2952 2089 filijs

692 2112 970 2199 Nicolay
993 2109 1074 2177 de
1094 2110 1345 2197 Edelyn
1363 2132 1480 2196 pro
1501 2111 1729 2179 decem
1762 2113 1995 2181 marcis
2015 2113 2431 2180 denariorum
2461 2114 2804 2182 Banalium
2839 2130 2955 2197 pro

695 2219 986 2305 qualibet
1004 2240 1224 2286 marca
1246 2239 1392 2287 cum
1425 2240 1540 2287 sex
1556 2223 1781 2306 pensis
1811 2229 2315 2309 numeratorum,
2355 2220 2951 2312 pignori-obligauit

564 2344 573 2355 “
694 2352 735 2397 a
781 2327 952 2397 festo
983 2329 1205 2396 Sancti
1241 2328 1562 2395 Johannis
1596 2330 1892 2416 Baptiste
1914 2351 2087 2397 nnnc
2104 2340 2378 2398 uenturo
2414 2351 2622 2416 usque
2657 2330 2743 2397 ad
2778 2349 2956 2397 reuo-

695 2438 1074 2506 alucionem
1096 2437 1302 2522 quinti
1334 2438 1526 2522 anni;
1558 2457 1633 2504 eo
1666 2445 1882 2525 pacto,
1918 2440 2090 2523 quod
2123 2442 2179 2508 si
2200 2441 2498 2508 reuoluto
2530 2447 2762 2523 quarto
2784 2457 2952 2504 anno

696 2549 762 2614 in
797 2545 966 2614 festo
999 2546 1225 2612 Sancti
1257 2545 1576 2616 Jobannis
1615 2546 1911 2632 Baptiste
1955 2547 2125 2614 idem
2178 2549 2490 2634 Magister
2541 2548 2655 2613 Sol
2706 2545 2949 2612 dictam

698 2655 1183 2743 possessionem
1214 2675 1359 2724 cum
1390 2656 1616 2722 decem
1649 2656 1890 2722 marcis
1921 2656 2113 2723 modo
2142 2665 2485 2742 prenotato
2517 2676 2737 2724 coram
2770 2655 2958 2722 nobis

701 2764 937 2833 refusis
987 2771 1053 2830 et
1100 2764 1334 2830 solutis
1384 2763 1746 2848 redemerit,
1816 2766 1981 2832 bene
2033 2764 2331 2850 quidem3
2382 2765 2669 2849 alioquin
2719 2782 2954 2850 penam

698 2872 882 2958 dupli
913 2871 1233 2956 incurret3
1281 2870 1450 2939 sicut
1498 2873 1566 2938 id
1614 2873 1922 2941 ultronea
1972 2874 2325 2961 assumpsit
2375 2874 2731 2942 uoluntate.
2778 2872 2952 2939 Dici·

697 3001 837 3048 mus
868 2979 1112 3065 eciam,
1163 2977 1335 3062 quod
1385 2980 1693 3065 quidam,
1746 2981 1857 3064 qui
1907 3001 1981 3048 se
2029 2981 2325 3048 Poukum
2368 2980 2571 3048 filium
2598 2982 2954 3064 Mortunus,

696 3090 953 3157 Petrum
986 3087 1436 3175 flliumMyco,
1479 3094 1544 3154 et
1576 3088 1973 3156 Orachinum
2008 3088 2091 3157 de
2123 3089 2270 3158 Wrs
2317 3096 2650 3177 uocarunt,
2682 3097 2747 3157 et
2776 3090 2952 3157 ioba-

696 3198 922 3280 giones
954 3195 1128 3263 dicte
1159 3195 1450 3263 Ecclesie
1482 3215 1627 3264 esse
1656 3196 1982 3282 dixerunt,
2028 3217 2248 3266 coram
2279 3196 2466 3265 nobis
2518 3197 2955 3284 comparendo

697 3305 910 3372 eidem
942 3304 1485 3390 impignoracioni
1517 3312 1870 3375 memorate
1901 3307 2344 3391 possessionis
2396 3326 2782 3375 consensum
2816 3326 2954 3393 pre-

696 3415 978 3482 buerunt
1024 3418 1090 3478 et
1127 3430 1491 3480 assensum.
1541 3413 1684 3480 Hoc
1733 3415 1942 3482 eciam
1994 3434 2122 3480 non
2177 3415 2731 3501 pretermittimus,
2781 3412 2955 3497 quod

697 3540 901 3606 usque
939 3521 1027 3588 ad
1057 3521 1265 3608 ipsius
1309 3523 1520 3607 quarti
1574 3522 1732 3590 anni
1781 3523 2264 3593 reuolucionem
2318 3523 2557 3592 dictam
2594 3523 2948 3611 possessio·

697 3649 844 3697 nem
876 3629 1233 3697 redimendi
1285 3649 1413 3698 non
1470 3630 1742 3699 habebit
1790 3630 2165 3698 facultatem
2227 3632 2603 3718 Prepositus
2654 3632 2958 3721 superius

697 3740 1086 3808 nominatus.
1136 3740 1374 3806 Datum
1424 3740 1493 3804 in
1545 3740 1830 3807 crastino
1882 3746 2263 3807 octauarum
2313 3739 2726 3808 Pentecostcs
2784 3759 2956 3808 anno

697 3848 957 3916 Domini
990 3846 1214 3917 M⁰cc⁰
1247 3846 1731 3934 septuagesimo
1773 3849 2070 3935 septimo,

702 4030 974 4099 (Eredetie
1000 4025 1349 4095 borhsrtyam
1388 4046 1421 4079 a
1448 4025 1605 4080 hatul
1634 4030 1738 4081 oda
1757 4035 2005 4096 nyomott
2052 4026 2242 4097 pecset
2277 4021 2552 4090 elveszett‚
2592 4044 2625 4080 a
2651 4029 2817 4082 budai
2853 4031 2952 4080 kir.

1494 4120 1745 4173 kamarai
1769 4117 2158 4187 leveltarban.)
