3319 5249
1397 330 1521 395 211

1402 973 1548 1043 148.

326 1192 385 1258 A
417 1192 617 1257 budai
646 1190 1093 1277 kdptalannak
1146 1191 1669 1278 bizonysdqlevele
1687 1242 1708 1274 ,
1757 1196 1920 1278 hoqy
1963 1217 2004 1258 α
2038 1194 2418 1280 nyt'dsziqeti
2436 1218 2586 1282 pre-

331 1302 613 1365 monlrek
663 1303 898 1385 apdtja
949 1322 1027 1365 az
1080 1303 1286 1366 ottani
1334 1299 1953 1367 domokosrendieket
2002 1327 2043 1366 α
2096 1305 2304 1368 νότηαί
2343 1303 2590 1368 sze'kne'l

1115 1407 1569 1494 bepanaszolta.
1614 1412 1804 1476 1278.

554 1605 691 1670 Nos
747 1602 1119 1687 Capitulum
1169 1603 1490 1672 Budensis
1528 1604 1818 1673 Ecclesie
1852 1604 2081 1674 damus
2109 1627 2227 1691 pro
2260 1609 2586 1693 memoria,

345 1713 514 1798 quod
563 1715 663 1780 vir
715 1712 1061 1798 religiosus
1115 1714 1316 1779 frater
1367 1715 1686 1781 Martinus
1718 1715 1934 1783 dictus
1969 1717 2193 1783 Abbas
2227 1716 2309 1784 de
2343 1715 2586 1784 Ordine

342 1822 1034 1890 Premonstratensium
1084 1822 1150 1889 in
1201 1822 1497 1889 Ecclesia
1546 1822 1767 1890 Sancti
1821 1824 2157 1893 Michaelis
2190 1823 2588 1908 Archangeli

337 1930 412 1996 de
444 1931 668 1997 Insula
697 1932 1023 2015 Leporum
1057 1949 1480 2017 commorans,
1529 1951 1657 1996 una
1697 1952 1835 1997 cum
1870 1931 2255 2015 quibusdam
2277 1931 2586 1999 fratribus

334 2041 470 2107 suis
501 2037 589 2104 ad
621 2045 906 2105 nostram
942 2038 1375 2123 personaliter
1427 2038 1800 2106 accedendo
1854 2042 2278 2126 presenciam,
2334 2041 2588 2107 nomine

335 2167 450 2214 suo
505 2153 570 2213 et
614 2145 882 2212 fratrum
938 2166 1199 2212 suorum
1252 2154 1646 2231 protestatus
1703 2156 1838 2231 est,
1890 2146 2060 2232 quod
2111 2170 2253 2215 cum
2306 2167 2511 2231 nuper
2545 2170 2584 2211 a

338 2253 821 2337 grauaminibus
858 2261 919 2321 et
951 2253 1207 2339 iniurijs
1243 2253 1445 2321 illatis
1480 2262 1544 2321 et
1574 2256 1937 2321 inferendis
1971 2276 2084 2342 per
2113 2256 2583 2341 Predicatores,

334 2363 438 2446 qui
471 2368 623 2428 sunt
654 2369 1098 2448 procuratores
1132 2370 1503 2430 sanctarum
1547 2362 1941 2431 monealium
1976 2363 2058 2430 de
2092 2365 2318 2431 eadem
2350 2362 2585 2460 insula,

336 2472 739 2557 appellasset
788 2469 871 2536 ad
920 2472 1155 2540 Sedem
1208 2474 1645 2558 Apostolicam
1688 2473 2104 2558 solempniter
2137 2473 2296 2541 etin
2328 2471 2587 2556 scriptis

336 2579 594 2649 nomine
625 2600 741 2647 suo
773 2585 838 2646 et
862 2579 1229 2648 Conuentus
1249 2582 1373 2667 sui,
1409 2581 1709 2666 ponendo
1732 2600 1822 2666 se,
1868 2589 1931 2650 et
1953 2581 2353 2649 Conuentum
2377 2599 2584 2666 suum,

337 2708 413 2753 ac
446 2689 665 2755 omnia
697 2706 817 2753 sua
849 2687 968 2754 sub
999 2687 1405 2772 proteccione
1458 2688 1647 2755 Sedis
1698 2690 2093 2776 Apostolice,
2146 2688 2585 2775 pupplicando

337 2796 850 2883 appellacionem
882 2816 1064 2862 suam
1095 2801 1228 2862 tam
1265 2796 1432 2882 apud
1464 2796 1970 2880 strigoniensem
1992 2796 2353 2879 ecclesiam,
2389 2814 2584 2878 quam

336 2900 513 2988 apud
544 2901 712 2969 alias
747 2904 1072 2987 ecclesias,
1123 2905 1246 2990 ipsi
1297 2903 1742 2971 Predicatores
1775 2904 1839 2969 in
1873 2912 2307 2989 contemptum
2341 2909 2403 2969 ct
2434 2904 2585 2968 irre·

340 3012 698 3078 nerenciam
736 3011 1107 3097 Apostolice
1139 3011 1330 3078 Sedis
1384 3010 1551 3078 feria
1583 3018 1816 3096 quarta
1846 3013 2142 3097 proxima
2176 3017 2322 3097 post
2352 3011 2586 3076 Resur-

336 3119 693 3187 reccionem
727 3119 988 3186 Domini
1022 3119 1236 3188 missis
1269 3118 1528 3186 famulis
1549 3120 1712 3205 suis,
1746 3120 2202 3204 potencialiter
2220 3119 2587 3201 seruitores,

340 3228 476 3294 siue
508 3225 792 3295 seruicia
824 3227 980 3294 dicti
1017 3226 1291 3295 Abbatis
1323 3235 1387 3294 et
1421 3226 1797 3295 Conuentus
1835 3228 1936 3293 sui
1969 3231 2366 3307 exercentes,
2426 3223 2585 3290 fece-

340 3342 484 3403 runt
516 3335 860 3403 crvdeliter
894 3343 958 3401 et
991 3335 1291 3403 atrociter
1324 3335 1390 3400 in
1424 3337 1878 3404 contumeliam
1912 3336 2199 3420 ipsorum
2242 3331 2588 3414 uerberari,

341 3443 744 3511 uestimentis
778 3450 842 3509 et
870 3441 1061 3511 rebus
1094 3444 1248 3526 alijs
1287 3442 1650 3528 spoliantes
1692 3443 1984 3526 eosdem,
2033 3442 2352 3524 quendam
2383 3441 2587 3507 eciam

341 3569 417 3615 ex
468 3550 565 3617 eis
616 3551 902 3617 letaliter
951 3551 1383 3618 uulnerantes.
1432 3553 1502 3617 In
1544 3553 1830 3618 crastino
1862 3558 2078 3618 autem
2111 3544 2404 3618 eiusdem
2436 3549 2586 3637 diei,

339 3659 458 3725 hoc
489 3666 591 3728 est
621 3660 852 3745 quinta
901 3660 1067 3727 feria
1114 3663 1412 3745 proxima
1447 3660 1645 3746 ijdem
1682 3659 1909 3726 famuli
1945 3658 2262 3725 (lictorum
2293 3657 2587 3722 Predica-

339 3774 568 3851 torum,
617 3768 965 3852 assumptis
1008 3769 1301 3854 pluribus
1343 3769 1790 3853 complicibus,
1843 3768 1925 3833 de
1957 3765 2263 3833 mandato
2298 3763 2585 3832 domino·

340 3895 477 3941 rum
529 3894 791 3942 suorum
856 3895 999 3943 eum
1052 3875 1338 3962 gladijs,
1402 3882 1465 3942 et
1514 3873 1831 3962 fustibus,
1880 3894 1959 3940 ac
1991 3874 2238 3940 lanceis
2268 3872 2589 3938 irruerunt

342 4002 539 4068 super
567 3990 821 4070 portam
855 3984 1160 4069 ipsorum,
1208 3990 1272 4049 et
1304 3983 1575 4049 eandem
1625 3987 1876 4068 portam
1911 3980 2318 4065 confringere
2350 3999 2582 4047 conan-

340 4102 459 4183 tes,
513 4097 978 4177 attemptantes
1030 4092 1373 4160 extrahere
1422 4091 1775 4159 seruitores
1813 4091 2090 4158 Abbatis
2123 4097 2187 4157 et
2220 4089 2588 4157 Conuentus

346 4203 423 4271 de
451 4203 773 4290 claustro,
820 4210 882 4270 et
928 4203 1155 4290 peiora
1202 4201 1520 4288 prioribus
1571 4200 1636 4267 in
1688 4200 1983 4285 personis
2035 4201 2320 4285 ipsorum
2372 4196 2589 4264 facere

348 4313 766 4380 conabuntur.
815 4310 1021 4397 Super
1054 4312 1304 4396 quibus,
1360 4329 1553 4393 quum
1591 4308 1676 4377 ad
1718 4307 2105 4394 peticionem
2138 4306 2342 4393 ipsius
2374 4307 2588 4374 Abba-

346 4422 427 4488 tis
475 4427 541 4489 et
588 4420 858 4486 fratrum
911 4439 1171 4487 suorum
1227 4417 1390 4486 duas
1424 4438 1754 4503 personas,
1823 4414 2129 4484 videlicet
2190 4416 2587 4502 presbiteros

349 4527 522 4594 chori
572 4529 779 4594 nostri
820 4528 1225 4595 misissemus
1257 4527 1342 4592 ad
1375 4525 1764 4610 videndum3
1816 4524 2017 4611 ijdem
2049 4523 2390 4610 presbiteri
2425 4523 2586 4589 redi-

294 4643 307 4650 *
349 4645 523 4706 entes
586 4637 678 4703 ad
743 4657 859 4703 nos
892 4637 1282 4718 retulerunt,
1348 4634 1517 4719 quod
1568 4635 1724 4701 dicti
1779 4632 2224 4700 Predicatores
2277 4631 2360 4699 de
2399 4632 2591 4699 rebus

2143 4744 2269 4807 14*
