3319 5249
1744 388 1874 455 214

674 592 996 661 cientibus
1029 588 1487 657 commetaneis
1537 593 1601 654 et
1632 586 1888 672 vicinis,
1940 607 2058 674 pro
2114 584 2339 654 decem
2392 586 2631 653 marcis
2662 588 2730 654 in
2765 588 2929 655 filios

676 700 1088 782 filiorumque
1140 716 1542 765 successores
1592 703 1905 782 perpetuo
1939 702 2001 762 et
2034 696 2560 764 inreuocabiliter
2599 695 2932 782 possiden·

683 808 873 890 dam3
942 826 1105 891 quas
1156 804 1417 888 quidem
1480 803 1705 870 decem
1765 802 2270 888 marcas‘ijdem
2318 823 2437 889 per
2488 823 2608 871 nos
2641 804 2932 887 requisiti

680 917 938 1002 plenius
976 912 1256 981 confessi
1290 917 1443 979 sunt
1475 913 1802 998 recepisse
1841 911 1926 976 ab
1959 910 2207 978 eodem.
2258 909 2398 978 Hoc
2437 909 2714 995 adiecto,
2763 909 2934 994 quod

681 1025 1051 1108 quicunque
1108 1025 1535 1104 cognatorum
1588 1039 1705 1086 seu
1754 1020 2194 1104 proximorum
2268 1018 2585 1085 dictorum
2634 1017 2826 1084 Pauli
2874 1024 2936 1084 et

683 1128 942 1196 Nicolai
962 1181 982 1216 ,
1030 1147 1145 1195 seu
1195 1126 1456 1196 domina
1507 1132 1713 1192 mater
1761 1124 2145 1212 eorundem,
2192 1126 2556 1212 predictum
2617 1125 2931 1193 Comitem

689 1235 1128 1305 Alexandrum
1163 1234 1425 1303 racione
1478 1233 1646 1302 dicte
1698 1242 1867 1302 terre
1918 1234 2050 1301 vllo
2099 1254 2384 1319 unquam
2434 1240 2721 1319 tempore
2746 1234 2935 1301 mole·

686 1350 971 1429 starent,
1019 1345 1122 1411 vel
1173 1341 1412 1409 dictam
1465 1348 1708 1409 terram
1754 1342 2129 1429 impeteret,
2177 1340 2336 1407 dicti
2373 1341 2618 1408 Paulus
2650 1346 2716 1408 et
2743 1341 2935 1407 Nico·

688 1455 830 1520 laus
863 1458 1085 1519 contra
1135 1453 1493 1536 quemlibet
1541 1449 1786 1517 dictum
1840 1451 2152 1518 Comitem
2209 1452 2652 1521 Alexandrum
2691 1456 2755 1516 et
2788 1468 2938 1516 suos

688 1560 960 1628 heredes
1008 1563 1394 1629 tenebuntur
1444 1558 1756 1645 expedire
1803 1561 2091 1647 proprijs
2140 1560 2470 1629 laboribus
2520 1566 2584 1627 et
2623 1558 2938 1645 expensis.

688 1670 1013 1736 1n-0uius
1077 1671 1168 1737 rei
1231 1667 1664 1737 testimonium
1728 1675 1792 1735 et
1838 1676 2219 1755 perpetuam
2269 1670 2637 1738 firmitatem
2687 1672 2939 1739 litteras
3005 1689 3014 1695 ⁴

692 1785 948 1846 nostras
979 1776 1413 1845 concessimus
1453 1779 1680 1845 robore
1718 1775 1922 1845 nostri
1966 1777 2169 1862 sigilli
2201 1779 2635 1846 confirmatas.
2700 1780 2940 1846 Datum

693 1907 866 1953 anno
932 1884 1195 1953 Domini
1259 1886 1602 1954 millesimo
1669 1885 2110 1954 ducentesimo
2145 1888 2624 1970 septuagesimo
2676 1892 2942 1969 octau03

697 1994 986 2060 Abraam
1019 1991 1298 2061 Cantore
1323 2044 1340 2077 ,
1389 1995 1623 2061 Ectore
1674 1995 1984 2079 Lectore,
2034 1992 2274 2081 Mykou
2327 1994 2609 2061 Custode
2654 1996 2944 2063 Ecclesie

694 2107 917 2168 nostre
949 2100 1393 2171 existentibus.

699 2299 971 2361 (Er-edetis
999 2314 1033 2349 a.
1057 2301 1235 2365 Rumy
1263 2296 1446 2351 osalad
1486 2297 1869 2360 leveltdraban,
1912 2299 2181 2354 masolata
2205 2318 2239 2355 a
2263 2313 2489 2369 magyar
2514 2304 2798 2356 academia
2823 2300 2945 2353 kez-

1611 2388 2018 2457 irat-taniban.)

1618 2719 2040 2732 ,------

1758 3182 1904 3250 151.

703 3399 763 3468 A
804 3399 1036 3488 szepesi
1066 3398 1509 3487 kdptalannak
1540 3400 2095 3487 bizonysdqlevele,
2132 3406 2295 3490 hoqy
2317 3401 2671 3469 Anthaleus
2701 3404 2958 3490 Isipmk

690 3512 795 3593 fia
845 3508 1210 3595 Reqyoulch
1240 3519 1399 3576 nevil
1430 3510 1708 3577 birtokdt
1740 3511 1953 3575 eladta
1990 3511 2204 3578 Jakab
2237 3514 2595 3594 mesternek,
2649 3538 2691 3576 a
2723 3516 2956 3600 szepesi

1162 3623 1471 3707 kciptalan
1523 3621 2246 3689 olvasd·kanonokdnalc.
2299 3627 2491 3689 1278.

920 3821 1056 3886 Nos
1088 3817 1400 3904 Magister
1448 3820 1527 3885 M.
1581 3818 1825 3885 Diuina
1868 3818 2292 3885 miseracione
2326 3819 2697 3904 Propositus
2731 3819 2814 3885 de
2843 3820 2956 3886 Ze-

704 3948 827 4015 pus
860 3926 1165 3994 memorie
1197 3928 1719 3994 commendantes
1754 3926 2193 4011 significamus
2215 3925 2534 3995 vniuersis
2555 3925 2958 4012 presencium

706 4056 819 4121 per
866 4041 1189 4120 tenorem,
1268 4035 1461 4118 quod.
1490 4035 1822 4103 constituti
1875 4036 1941 4100 in
1992 4036 2193 4103 nostri
2227 4035 2566 4119 presencia
2598 4033 2960 4102 Anthaleus

706 4147 877 4214 filius
927 4146 1108 4230 Ysyp
1164 4164 1304 4210 cum
1358 4144 1491 4210 filio
1542 4163 1659 4209 suo
1711 4142 2039 4229 Stephano
2093 4164 2173 4208 ex
2223 4150 2409 4228 parte
2443 4163 2591 4228 vna,
2637 4164 2717 4210 ex
2750 4142 2961 4209 altera

705 4274 857 4320 vero
890 4254 1204 4335 Magister
1233 4253 1540 4338 Jacobus,
1580 4237 1809 4320 Lector
1848 4252 2144 4318 Ecclesie
2174 4251 2400 4319 Sancti
2435 4250 2695 4317 Martini
2729 4256 2793 4316 et
2825 4249 2960 4336 ple-

706 4365 913 4430 banus
946 4362 1028 4428 de
1061 4362 1238 4428 Villa
1265 4360 1535 4446 Latina,
1582 4381 1717 4426 vna
1767 4381 1910 4427 cum
1965 4360 2273 4426 fratribus
2306 4359 2460 4444 suis,
2508 4359 2678 4425 idem
2711 4355 2952 4424 Antha-

706 4473 847 4539 leus
881 4469 1099 4537 retulit
1135 4470 1341 4556 nobis,
1400 4468 1570 4554 quod
1603 4470 1829 4537 villam
1863 4491 2047 4538 suam
2081 4468 2457 4556 Regyoulch
2490 4476 2785 4536 vocatam
2817 4488 2959 4535 cum

708 4579 1005 4649 omnibus
1052 4579 1439 4647 vtilitatibus
1491 4580 1665 4664 suis,
1719 4598 1910 4663 quam
1952 4577 2124 4645 idem
2160 4578 2519 4645 Anthaleus
2551 4584 2618 4643 et
2651 4576 2747 4642 sui
2781 4575 2958 4640 berc·

709 4691 823 4756 des
873 4688 1311 4771 heredumque
1362 4707 1772 4755 successores
1828 4710 1910 4754 ex
1960 4687 2324 4756 donacione
2376 4683 2616 4754 domini
2657 4685 2726 4750 B.
2759 4684 2961 4767 Regis
