3319 5249
1960 388 2093 453 436

873 579 1107 649 fratres
1140 580 1601 649 Prcdicatores
1633 578 1718 647 de
1753 579 2381 669 Quinqueecclesijs,
2435 601 2788 648 mansurus
2820 581 2889 647 in
2922 581 3137 648 eadem

881 691 1061 756 solus
1094 688 1515 774 septuaginta
1550 688 1755 755 tribus
1775 687 2024 771 diebus,
2059 688 2127 779 in
2154 689 2633 775 septuagesimo
2656 696 2876 755 autem
2928 696 3141 771 quarto

878 796 984 862 die
1015 797 1308 864 manebit
1340 816 1485 861 cum
1518 802 1772 862 centum
1806 795 2175 864 hominibus
2204 796 2549 879 nobilibus,
2569 796 2652 862 de
2684 815 2817 877 quo
2850 796 3139 863 exeundo

878 924 1022 970 cum
1056 904 1301 971 eisdem
1331 902 1699 969 hominibus
1752 903 1922 969 idem
1957 905 2186 970 Comes
2222 905 2471 971 Kemen
2524 903 2977 991 discalciatus,
3007 904 3137 971 seli·

877 1020 983 1078 cto
1014 1004 1295 1096 cingu10,
1329 1012 1714 1096 supplicans
1771 1011 1979 1078 eidem
2012 1011 2258 1078 Jacobo
2311 1013 2749 1080 reuerenciam
2815 1010 3132 1080 faciendo.

878 1122 1099 1207 Supra
1131 1119 1446 1186 dictarum
1497 1125 1717 1187 autem
1748 1118 2174 1187 ducentarum
2236 1141 2601 1189 marcarum
2664 1128 2814 1188 ωηο
2858 1142 2975 1207 per
3005 1141 3135 1187 eun·

880 1227 1027 1295 dem
1070 1228 1388 1321 Comitem
1441 1228 1684 1295 Kemen
1736 1229 2310 1314 persoluendarum
2373 1228 2666 1315 predicto
2715 1229 2977 1297 Jacobo
3026 1235 3132 1295 ter·

880 1338 1042 1403 mini
1072 1342 1223 1404 sunt
1253 1336 1403 1402 isti:
1441 1336 1694 1403 scilicet
1726 1336 1792 1403 iu
1827 1337 2081 1404 octauis
2113 1337 2484 1423 Epiphanie
2531 1337 2792 1404 Domini
2853 1335 3132 1421 proxime

889 1443 1176 1510 venturis
1209 1444 1440 1509 Comes
1474 1444 1718 1509 Kemen
1783 1444 1962 1509 dabit
2027 1444 2502 1531 quinquaginta
2561 1465 2857 1529 marcas3
2897 1446 3046 1513 item
3074 1445 3131 1510 iu

886 1552 1136 1620 octauis
1170 1552 1356 1617 Beati
1392 1552 1690 1636 Gregorij
1748 1550 1931 1617 dabit
1993 1552 2523 1636 vigintiquinque
2552 1571 2807 1620 marcas
2828 1603 2849 1638 ,
2884 1560 2950 1620 et
2979 1553 3127 1618 duos

882 1678 1086 1740 equos
1118 1659 1410 1726 valentes
1445 1678 1562 1726 sex
1590 1678 1850 1726 marcas
1900 1658 2183 1742 insimul,
2218 1660 2340 1726 hoc
2371 1667 2471 1729 est
2500 1660 2774 1745 quilibet
2803 1680 3005 1746 equus
3035 1679 3127 1725 va-

885 1767 1023 1834 leat
1056 1774 1188 1835 tres
1251 1786 1507 1834 marcas
1570 1772 1634 1833 et
1664 1789 1794 1834 nou
1828 1769 2036 1849 ultra;
2101 1768 2256 1833 item
2288 1770 2355 1834 in
2416 1769 2662 1837 octauis
2694 1770 3127 1856 Apostolorum

884 1873 1188 1961 Phylippi
1224 1883 1287 1942 et
1318 1875 1549 1941 Jacobi
1583 1875 1768 1942 dabit
1790 1875 2315 1960 vigintiquinque
2335 1896 2612 1963 marcas,
2646 1888 2710 1944 et
2744 1878 2952 1945 eciam
2985 1877 3127 1943 duos

887 2003 1090 2066 equos
1123 1983 1427 2050 similiter
1490 1985 1785 2053 ualentes
1816 2004 1933 2050 sex
1967 2004 2260 2069 marcas3
2314 1983 2467 2052 item
2514 1986 2581 2051 in
2633 1987 2888 2054 octauis
2918 1984 3123 2051 Sancti

883 2093 1081 2176 Regis
1102 2092 1285 2159 dabit
1304 2091 1780 2176 quinquaginta
1802 2111 2078 2177 marcas;
2099 2093 2250 2158 item
2276 2093 2342 2159 in
2365 2094 2613 2161 octauis
2634 2094 2752 2179 Epi
2760 2093 2997 2180 phanis
3016 2094 3123 2158 Do·

885 2199 1040 2265 mini
1064 2197 1248 2267 dabit
1268 2199 1742 2285 quinquaginta
1773 2221 2047 2267 marcas.
2086 2202 2336 2267 Tamen
2388 2199 2821 2284 quorumlibet
2845 2200 3125 2267 termino-

885 2328 1022 2373 rum
1055 2306 1420 2374 soluciones
1453 2305 1717 2390 (partim
1770 2309 1838 2373 in
1869 2307 2090 2394 pensis
2122 2306 2503 2394 b)analibus
2554 2329 2668 2375 sex
2705 2306 3002 2394 pen(sas)
3029 2327 3126 2393 pro

887 2434 1105 2483 marca
1118 2414 1893 2501 computando‚partimin
1915 2415 2344 2483 extimacione
2365 2415 2688 2501 condigna
2710 2416 3128 2500 fiantsemper.

885 2523 1027 2590 Hoc
1057 2544 1186 2590 non
1216 2523 1655 2609 pretermisso,
1691 2523 1865 2608 quod
1898 2524 2169 2605 quilibet
2219 2524 2422 2590 eciam
2461 2524 2826 2590 seruientes
2857 2522 3124 2590 eiusdem

888 2632 1152 2699 Comitis
1185 2631 1457 2719 Kemen,
1494 2652 1655 2717 quos
1690 2634 1831 2718 ipse
1879 2653 2098 2700 secum
2154 2634 2385 2700 habuit
2436 2642 2624 2718 tunc,
2678 2632 2935 2715 quando
2994 2652 3122 2698 eun·

888 2741 1034 2808 dem
1067 2742 1382 2808 Jacobum
1418 2741 1801 2826 captiuauit‚
1826 2742 2133 2826 quamdiu
2160 2741 2337 2827 apud
2368 2741 2641 2809 eundem
2667 2741 2912 2807 Kemen
2936 2747 3123 2822 erunt,

886 2869 1084 2934 super
1114 2849 1571 2935 captinacione
1604 2857 1670 2914 et
1702 2849 2100 2936 spoliacione
2153 2849 2441 2916 eiusdem
2472 2848 2704 2915 Jacobi
2737 2855 2922 2916 erunt
2957 2866 3128 2933 expe‘

888 2958 1021 3043 (liti,
1052 2960 1109 3025 si
1162 2976 1313 3024 uero
1377 2977 1449 3026 se
1500 2961 1585 3026 ab
1639 2958 1929 3026 eiusdem
1963 2958 2230 3025 Comitis
2296 2959 2540 3024 Kemen
2572 2957 2871 3042 seruicijs
2924 2993 3009 3003 —
3052 2990 3124 3001 -·

886 3087 1053 3133 noue
1087 3087 1156 3133 se
1189 3066 1357 3134 alias
1393 3055 1805 3149 remouerint‚
1841 3065 2014 3131 idem
2048 3065 2333 3133 Jacobus
2388 3071 2623 3132 extunc
2674 3073 2897 3131 contra
2928 3085 3125 3148 quem-

883 3174 1044 3241 libet
1076 3194 1154 3239 ex
1192 3174 1352 3258 ipsis
1386 3175 1662 3241 liberam
1696 3175 1939 3260 agendi
1974 3183 2038 3241 et
2076 3173 2474 3260 procedendi
2500 3173 2976 3263 quomodolibet
3008 3173 3125 3256 ple·

886 3303 1034 3348 nam
1068 3282 1334 3349 habebit
1366 3281 1764 3349 facultatem.
1813 3284 1866 3347 Ε
1900 3289 2125 3349 contra
2157 3283 2443 3349 Jacobus
2493 3280 2905 3365 supradictus
2935 3302 2978 3346 a
3009 3278 3126 3363 qui-

888 3390 1172 3456 buslibet
1202 3390 1634 3459 seruientibus
1669 3391 1822 3474 suis,
1859 3390 1996 3456 illis
2059 3389 2309 3457 scilicet
2328 3443 2348 3476 ,
2413 3408 2833 3474 quoscunque
2863 3397 3012 3454 tunc
3043 3406 3122 3452 se-

887 3519 1029 3564 cum
1064 3497 1291 3566 habuit
1314 3551 1332 3584 ‚
1366 3499 1626 3582 quando
1677 3505 1740 3565 et
1775 3499 2134 3567 seruientes
2184 3518 2337 3565 suos
2368 3497 2538 3563 idem
2570 3498 2827 3564 Kemen
2857 3496 3128 3582 captiua·

887 3606 1000 3692 uit,
1033 3607 1165 3674 iam
1197 3627 1370 3674 nunc
1401 3608 1544 3691 ipse
1575 3608 1862 3676 Jacobus
1895 3605 2169 3674 eundem
2195 3606 2510 3674 Comitem
2546 3606 2797 3673 Kemen
2830 3605 3129 3672 tenebitur

887 3711 1195 3799 expedire
1227 3733 1487 3801 semper
1518 3752 1597 3765 —
1639 3753 1719 3762 —
1757 3733 1924 3799 que;
1989 3720 2258 3799 excepto
2305 3711 2619 3782 Corraldo
2651 3712 2788 3780 filio
2820 3714 2999 3795 Jonc,
3031 3709 3130 3793 qni

888 3820 1149 3903 quidem
1183 3821 1538 3890 Corraldus
1570 3823 1777 3891 donec
1809 3823 1981 3910 apud
2016 3823 2294 3890 eundem
2316 3823 2632 3891 Jacobum
2668 3830 2952 3908 maneat,
2974 3820 3128 3886 idem

885 3928 1169 3998 Jacobus
1203 3932 1286 3996 ab
1321 3930 1547 3998 eodem
1600 3930 1918 3998 Oorraldo
1981 3931 2281 4018 expediet
2313 3932 2631 3998 Comitem
2687 3931 2936 3998 Kemen
2968 3934 3132 3994 ante·

886 4037 1162 4125 dictum3
1194 4037 1249 4104 si
1281 4058 1432 4106 uero
1463 4037 1548 4104 ab
1582 4040 1810 4107 eodem
1851 4040 2097 4107 Jacobo
2148 4040 2317 4106 idem
2355 4038 2711 4106 Corraldus
2763 4061 2835 4108 se
2866 4055 3128 4105 remoue·
3175 4055 3186 4070 ’

888 4146 989 4230 rit,
1027 4144 1159 4210 iam
1193 4151 1351 4211 tunc
1380 4142 1551 4211 idem
1571 4145 1855 4213 Jacobus
1874 4166 2005 4212 non
2028 4146 2352 4213 tenebitur
2383 4145 2718 4232 expedire.
2739 4145 2960 4229 Siqua
2993 4161 3130 4210 uero

886 4250 1171 4337 parcium
1205 4251 1288 4319 de
1338 4252 1706 4322 huiusmodi
1754 4254 2230 4340 composicione
2283 4259 2398 4319 aut
2449 4255 2515 4319 in
2547 4260 2683 4321 toto
2715 4256 2928 4322 autin
2960 4257 3128 4338 parte

888 4359 1192 4429 resilierit
1226 4363 1741 4448 quandocunque
1761 4417 1781 4452 ,
1814 4369 1930 4430 aut
1961 4362 2130 4432 forte
2179 4362 2245 4429 in
2278 4362 2567 4429 futurum
2600 4362 2838 4429 motrix
2872 4363 2974 4429 uel
3007 4379 3127 4426 sus·

886 4472 1145 4539 citatrix
1178 4471 1653 4539 discordiarum
1689 4473 2158 4539 iniuriarumuc
2190 4472 2497 4557 extiterit,
2523 4479 2588 4540 et
2628 4472 3129 4556 quandocunque

888 4599 1083 4663 super
1114 4579 1236 4664 hys
1269 4580 1567 4647 omnibus
1602 4582 1834 4648 Comes
1897 4581 2170 4666 Egidius
2206 4580 2382 4648 filius
2414 4581 2612 4669 Petri,
2645 4580 2946 4647 Andreas
2977 4577 3129 4644 filius

887 4684 1157 4750 alterius
1191 4685 1391 4778 Petri,
1443 4687 1796 4772 Gregorius
1850 4691 2068 4756 Banus
2127 4688 2299 4756 filius
2329 4688 2643 4775 Phylpus,
2686 4694 2751 4754 et
2782 4684 3029 4757 Oruold
3058 4680 3128 4747 de
