3319 5249
1789 439 1916 503 218

938 638 1171 702 Kicitl:
1217 635 1461 702 Contra
1512 633 1836 701 dominam
1888 631 2081 699 Gund
2124 651 2319 716 super
2350 625 2772 715 expedicione
2805 627 2977 694 dotis

722 765 836 811 sue
870 765 984 830 pro
1016 744 1208 810 Petro
1236 742 1369 812 filio
1401 741 1653 827 Madye.

724 925 1003 987 (Eredetie
1065 921 1390 992 borhartyan
1419 966 1432 989 ,
1495 941 1528 977 a
1594 922 1746 975 kivul
1805 923 2072 975 oldalvast
2123 924 2226 974 oda
2276 932 2518 990 nyomott
2546 924 2826 994 zkrpecset
2865 926 2977 979 mar

1745 1014 1959 1078 altana)

1638 1322 2062 1330 ῃ*

1778 1733 1929 1799 155.

727 1930 785 1997 A
820 1935 1159 2019 veszpre'mi
1208 1934 1651 2019 kdptalannak
1704 1956 1778 1998 az
1829 1935 2033 2018 (tykai
2062 1935 2332 1998 nevaesek
2363 1936 2528 2001 kazti
2560 1936 2976 2001 birtokrende-

1200 2044 1323 2105 sest
1376 2045 1688 2128 tcirqyazd
1716 2042 2257 2126 bizonysdylevele.
2315 2044 2504 2108 1278.

941 2235 1074 2302 Nos
1126 2235 1496 2320 Capitulum
1548 2237 2048 2324 Vesprimiensis
2102 2238 2396 2305 Ecclesie
2436 2238 2667 2306 damus
2701 2259 2818 2325 pro
2852 2261 2980 2306 me·

728 2344 972 2427 moria,
1025 2342 1196 2428 quod
1249 2344 1497 2411 Comite
1528 2346 1738 2412 Paulo
1774 2346 1905 2411 filio
1939 2346 2226 2412 Marcelli
2261 2367 2376 2432 pro
2410 2367 2483 2413 se
2516 2354 2580 2412 et
2612 2366 2728 2431 pro
2761 2347 2982 2414 Mathe

729 2450 929 2517 fratre
992 2470 1109 2517 suo
1164 2471 1242 2517 ex
1276 2472 1403 2517 vna
1435 2459 1663 2536 parte3
1733 2460 1796 2520 et
1846 2454 2217 2537 Stephanus
2280 2475 2396 2537 pro
2459 2475 2530 2521 se
2579 2452 2886 2520 similiter
2917 2464 2983 2519 et

726 2559 1019 2647 Nycolao
1082 2558 1282 2626 fratre
1345 2580 1499 2645 suo;
1581 2560 1735 2627 item
1790 2559 2023 2629 Boltha
2071 2560 2206 2627 filio
2260 2560 2447 2627 Pauli
2499 2582 2614 2647 pro
2671 2581 2740 2629 se
2773 2567 2835 2629 et
2867 2582 2982 2648 pro

728 2668 933 2736 Paulo
983 2667 1183 2734 fratre
1216 2688 1331 2734 suo
1366 2689 1446 2735 ex
1480 2669 1726 2752 altera,
1781 2668 2106 2734 nobilibus
2142 2669 2221 2733 de
2256 2668 2415 2733 villa
2444 2669 2641 2751 Ayka
2673 2669 2742 2735 in
2775 2673 2977 2737 nostri

727 2777 1066 2861 presencia
1098 2775 1521 2859 ‘constitutis;
1587 2775 1760 2842 idem
1813 2777 2044 2842 Comes
2096 2776 2335 2842 Paulus
2387 2775 2760 2862 proposuit,
2811 2778 2984 2862 quod

727 2883 1096 2968 porcionem
1146 2885 1216 2951 in
1261 2890 1434 2952 terra
1466 2884 1860 2952 hereditaria
1910 2887 2121 2971 ipsum
2156 2893 2218 2951 et
2249 2892 2687 2970 premoratum
2720 2886 2983 2955 fratrem

728 3012 911 3058 suum
945 2992 1463 3080 contingentem,
1510 2994 1785 3060 terciam
1835 2993 2139 3060 videlicet
2180 3000 2436 3078 partem
2469 2992 2759 3060 eiusdem
2794 3000 2981 3081 terre,

729 3119 856 3182 que
886 3100 1117 3166 habita
1149 3100 1321 3166 inter
1351 3101 1529 3185 ipsos
1561 3085 1886 3168 diuisione
1916 3100 2087 3168 inter
2119 3108 2355 3166 terram
2382 3099 2650 3186 Gyliani
2673 3121 2750 3168 ac
2770 3100 2989 3168 fratris

730 3207 829 3276 sui
861 3215 924 3274 et
954 3215 1190 3276 terram
1238 3208 1477 3277 Boltha
1515 3231 1627 3277 sev
1657 3210 1928 3277 fratrum
1961 3230 2220 3277 suorum
2256 3212 2347 3277 eis
2386 3212 2596 3277 fuerat
2625 3209 2982 3295 assignata,

728 3317 914 3384 iuxta
937 3324 1295 3384 nostrorum
1330 3317 1821 3402 priuilegiorum
1857 3317 2346 3403 continenciam,
2396 3325 2466 3383 vt
2495 3302 2818 3399 dixerunt,
2867 3338 2982 3401 pro

730 3426 902 3492 bono
933 3425 1116 3510 pacis
1158 3434 1218 3490 et
1249 3425 1625 3512 concordie,
1693 3446 1770 3492 ac
1820 3426 2097 3511 speciali
2151 3426 2512 3493 dileccione
2552 3424 2981 3509 predictorum

729 3552 987 3600 suorum
1022 3541 1438 3617 cognatorum
1475 3587 1493 3620 ,
1562 3531 1807 3600 eisdem
1859 3532 2142 3618 Gryliano
2196 3539 2260 3598 et
2310 3532 2550 3600 Boltha
2602 3540 2664 3599 et
2696 3534 2982 3620 ipsorum

730 3639 1038 3708 fratribus
1072 3638 1403 3708 dedissent
1434 3648 1497 3706 et
1529 3642 2000 3725 assignassent,
2050 3661 2194 3706 cum
2243 3640 2540 3708 omnibus
2574 3642 2711 3708 suis
2744 3639 2980 3705 utilita-

732 3749 906 3818 tibus
940 3757 1250 3835 perpetuo
1283 3749 1790 3834 possidendam3
1829 3756 1892 3815 et
1924 3748 2007 3814 ab
2043 3750 2202 3834 ipsis
2236 3749 2302 3813 in
2335 3748 2785 3815 concambium
2817 3748 2982 3816 eius·

730 3856 876 3923 dem
926 3856 1254 3942 porcionis
1304 3856 1684 3923 tantundem
1723 3864 1890 3923 terre
1923 3877 2002 3925 ex
2045 3863 2226 3941 parte
2256 3855 2406 3922 finis
2439 3877 2520 3924 ex
2554 3856 2837 3942 ipsorum
2871 3858 2980 3924 he·

734 3963 1047 4032 reditaria
1077 3963 1383 4049 porcione
1432 3984 1513 4029 ex
1544 3971 1730 4048 parte
1761 3963 1953 4049 prati,
1992 3961 2162 4047 quod
2191 3962 2560 4045 Bagarethe
2590 3962 2986 4049 appellatur,

732 4092 877 4138 oum
910 4072 1207 4139 omnibus
1239 4071 1537 4138 similiter
1579 4072 1716 4138 suis
1751 4070 2142 4137 utilitatibus
2162 4069 2529 4136 habendam
2551 4072 2987 4155 perempniter

732 4181 1148 4266 recepissent.
1197 4180 1337 4259 Que
1370 4188 1546 4248 terra
1577 4199 1618 4244 a
1649 4180 1844 4246 terris
1879 4178 2308 4265 predictorum
2352 4178 2621 4262 Gyliani
2655 4186 2721 4245 et
2751 4177 2987 4244 Boltha

733 4306 813 4352 ac
843 4286 1113 4354 fratrum
1147 4306 1408 4353 suorum
1449 4287 1667 4353 taliter
1699 4286 2099 4370 distingitur,
2145 4285 2311 4352 sicut
2341 4292 2565 4368 partes
2598 4286 2988 4352 retulerunt:

731 4394 969 4481 Incipit
1002 4393 1173 4463 enim
1209 4400 1362 4460 ante
1396 4393 1569 4461 fores
1601 4393 1877 4461 ecclesie
1910 4392 2100 4458 Beati
2131 4391 2401 4476 Remigij
2441 4390 2523 4455 de
2557 4392 2787 4458 eadem
2823 4393 2990 4458 villa

735 4504 949 4589 Ayka,
1001 4508 1065 4569 et
1113 4502 1468 4587 procedens
1520 4522 1721 4587 supra
1758 4501 2120 4569 molendino
2160 4500 2422 4585 Georgij
2458 4497 2693 4566 transit
2722 4497 2988 4565 fluuium

733 4614 1029 4691 Tornua‚
1077 4622 1143 4678 et
1191 4611 1464 4695 cotingit
1512 4613 1679 4679 duas
1730 4619 1936 4679 metas
1966 4613 2153 4678 iuxta
2184 4608 2459 4677 eundem
2495 4607 2761 4675 fluuium
2797 4607 2991 4673 collo·

736 4728 957 4802 catas3
1006 4718 1088 4786 de
1121 4718 1351 4803 quibus
1382 4718 1738 4805 procedens
1770 4719 1944 4787 viam
1978 4718 2240 4804 attingit
2293 4716 2624 4804 publicam
2657 4723 2722 4783 et
2751 4723 2990 4782 terram
