3319 5249
1849 317 1981 382 224

777 527 924 574 nem
960 508 1249 577 eiusdem
1280 509 1457 577 Petri
1489 511 1824 595 Parcrauij
1870 512 2063 596 Daag
2093 520 2390 579 vocatam
2414 563 2430 595 ‚
2480 519 2612 579 tam
2667 514 3034 599 empticiam

776 636 971 699 quam
1006 618 1424 704 acquisitam,
1486 640 1599 688 seu
1649 619 1781 687 alio
1833 639 2214 704 quocunque
2266 621 2456 689 titulo
2488 620 2779 705 legitime
2814 629 3033 708 opten-

770 733 930 811 tam,
980 726 1046 791 in
1081 725 1401 793 Comitatu
1434 727 1866 815 Supruniensi
1901 726 2306 816 existentem,
2352 736 2614 815 propter
2644 727 3038 814 multiplicia

775 833 1090 917 obsequia
1121 842 1181 901 et
1216 833 1440 902 fideles
1492 835 1849 902 famulatus
1887 834 2186 919 Magistri
2221 835 2501 922 Dionisij
2556 836 2672 922 filij
2727 837 2904 905 Petri
2956 838 3036 905 de

774 961 1008 1026 genere
1041 938 1176 1026 Osl,
1222 962 1346 1026 que
1376 942 1564 1011 nobis
1599 944 1668 1010 in
1701 942 1976 1010 diuersis
2007 944 2212 1027 Regni
2258 944 2462 1012 nostri
2498 945 3032 1031 expedicionibus

775 1048 1197 1117 laudabiliter
1225 1051 1544 1137 inpendit,
1600 1059 1663 1117 et
1713 1051 2088 1137 specialiter
2141 1052 2206 1117 in
2239 1052 2525 1120 exercitu
2556 1059 2795 1135 nostr0,
2841 1074 3032 1136 quem

776 1167 1003 1224 contra
1035 1160 1278 1244 Regem
1311 1158 1573 1225 Boemie
1606 1158 1814 1244 pridie
1846 1180 2276 1246 moueramuS,
2332 1160 2399 1226 in
2433 1180 2558 1244 quo
2594 1159 2858 1244 quidem
2891 1181 3034 1227 con-

774 1265 949 1332 flictu
983 1266 1151 1333 idem
1184 1268 1325 1333 Rex
1356 1267 1619 1335 Boemie
1650 1267 1867 1335 extitit
1909 1268 2369 1335 miserabiliter
2402 1269 2846 1356 interemptus,
2895 1268 3032 1354 glo·

774 1375 1013 1441 riosum
1069 1374 1360 1442 exhibuit
1411 1373 1838 1458 famulatum3
1904 1374 1970 1440 in
2013 1397 2087 1443 eo
2122 1375 2448 1461 uidelicet,
2499 1374 2670 1459 quod
2700 1375 3029 1442 Matheum

772 1481 1146 1548 Palatinum
1179 1482 1535 1569 predictum
1586 1483 1917 1549 dominum
1951 1503 2135 1550 suum
2156 1533 2175 1566 ‚
2234 1482 2595 1568 principem
2638 1490 2790 1548 tunc
2824 1483 3030 1566 ipsius

773 1592 1013 1660 milicie
1044 1597 1302 1677 nostre,
1370 1589 1452 1656 de
1501 1609 1666 1674 equo
1717 1610 1834 1658 suo
1890 1588 2164 1658 eiectum
2198 1591 2283 1656 ab
2315 1592 2454 1657 acie
2487 1591 2832 1675 opposita,
2896 1610 3025 1655 non

773 1702 916 1768 sine
945 1699 1044 1769 sui
1076 1698 1321 1766 cruoris
1356 1698 1648 1765 efusione
1669 1696 2076 1782 defensauit;
2117 1697 2323 1766 eidem
2356 1698 2670 1781 Magistro
2691 1696 3028 1784 Dyonisi0‚

774 1812 839 1874 et
886 1828 1003 1892 per
1049 1829 1194 1875 eum
1229 1807 1363 1875 suis
1396 1805 1744 1874 heredibus
1775 1806 2214 1891 heredumque
2248 1826 2508 1873 suorum
2544 1805 3027 1871 successoribus

773 1935 914 1980 cum
967 1915 1263 1981 omnibus
1313 1912 1704 1980 vtilitatibus
1753 1919 1819 1980 et
1866 1912 2292 1999 pertinencijs
2325 1911 2483 1997 suis,
2523 1910 2933 1997 appendiciis
2966 1921 3028 1977 et

771 2023 1132 2106 austancijs
1185 2019 1548 2105 vniuersis,
1612 2025 1803 2106 prout
1854 2040 1970 2105 per
2023 2022 2270 2105 pridem
2314 2022 2573 2086 Petrum
2605 2020 3028 2086 Parcrauium

774 2135 868 2195 est
919 2148 1229 2213 possessa
1280 2129 1364 2194 ab
1415 2130 1707 2215 antiquo,
1761 2127 2077 2210 dedimus,
2122 2126 2510 2195 contulimus
2541 2130 2607 2193 et
2635 2127 3025 2194 tradidimus

769 2236 908 2302 iure
958 2235 1366 2303 irreuocabili
1418 2242 1730 2322 perpetuo
1781 2235 2265 2321 possidendam.
2316 2233 2514 2301 cuius
2554 2234 2814 2318 quidem
2848 2244 3025 2303 terre

780 2348 972 2428 mete,
1025 2348 1213 2427 prout
1262 2341 1328 2406 in
1382 2342 1616 2409 litteris
1648 2341 2331 2410 fideliumnostrorum
2384 2342 2696 2410 contineri
2724 2343 3028 2429 uidimus,

772 2451 894 2517 hoc
924 2450 1150 2518 ordine
1184 2449 1664 2534 distinguntur:
1699 2451 1920 2518 Prima
1951 2456 2126 2518 meta
2156 2449 2387 2537 incipit
2418 2471 2563 2519 cum
2596 2449 2804 2518 tribus
2837 2450 3025 2517 metis

769 2560 953 2627 iuxta
983 2558 1158 2626 uiam
1193 2558 1401 2624 crucis
1439 2579 1480 2623 a
1512 2564 1700 2644 parte
1732 2557 2296 2646 septemtrionali,
2344 2577 2466 2642 quc
2508 2556 2869 2641 distingunt
2903 2564 3023 2626 ter-

767 2686 905 2731 ram
940 2665 1415 2733 cruciferorum
1469 2664 1551 2732 de
1602 2665 1924 2751 Suprunio
1976 2672 2039 2732 et
2080 2673 2315 2732 terram
2356 2665 2560 2752 ipsius
2590 2667 2766 2733 Petri
2799 2667 3023 2752 empti-

771 2775 941 2842 ciam
978 2780 1042 2841 et
1073 2773 1453 2858 acquisitam
1502 2775 1696 2858 Daag
1728 2780 2048 2860 uocatam,
2099 2779 2164 2840 et
2195 2773 2285 2840 ibi
2316 2772 2491 2841 facta
2523 2782 2621 2842 est
2650 2793 2819 2841 noua
2850 2781 3025 2840 meta

767 2882 991 2969 tercia,
1039 2901 1165 2965 que
1202 2899 1375 2947 nunc
1413 2878 1648 2947 dicitur
1681 2901 1826 2949 esse
1855 2881 2149 2967 Magistri
2179 2880 2459 2967 Dionisij
2493 2880 2830 2965 antedicti,
2875 2900 3021 2947 cum

768 2988 1197 3056 diuisionibus
1229 2994 1540 3055 terrarum
1572 2990 1767 3074 Daag
1798 2993 2311 3074 nuncupatarum
2351 2993 2415 3056 et
2447 2986 2919 3057 cruciferorum
2941 2985 3021 3054 de

765 3097 1123 3183 Supruni03
1170 3095 1405 3164 deinde
1438 3095 1730 3181 procedit
1763 3117 1882 3182 per
1914 3096 2186 3163 eandem
2223 3094 2394 3163 uiam‘
2434 3095 2519 3162 ad
2557 3094 2907 3179 meridiem,
2957 3103 3022 3161 et

765 3204 1063 3274 desendit
1095 3204 1162 3270 in
1193 3205 1364 3271 bona
1400 3201 1801 3291 quantitate,
1851 3202 2059 3270 tendit
2110 3222 2309 3286 usque
2351 3203 2435 3270 ad
2471 3204 2638 3270 duas
2672 3209 2876 3269 metas
2907 3221 3018 3268 an-

763 3314 1045 3399 gulares,
1092 3332 1216 3396 que
1247 3317 1560 3396 separant
1590 3317 1829 3377 terram
1864 3295 2220 3378 eorundem
2253 3309 2720 3379 cruciferorum
2756 3332 2799 3377 a
2829 3313 3019 3379 terris

764 3421 963 3504 Daag
1000 3419 1408 3503 memoratis,
1461 3418 1682 3502 ibique
1735 3424 1832 3483 est
1879 3418 2082 3486 tercia
2134 3425 2307 3485 meta
2369 3438 2577 3504 noua;
2645 3426 2709 3487 et
2748 3420 3020 3506 posthac

763 3549 880 3614 per
911 3532 1118 3594 metas
1168 3525 1505 3596 descendit
1551 3526 1740 3591 iuxta
1794 3525 1964 3592 uiam
1998 3546 2304 3611 magnam
2339 3526 2423 3593 ad
2454 3533 2708 3612 partem
2742 3527 3019 3594 orienta-

762 3635 887 3701 lem
936 3654 1140 3719 usque
1190 3634 1362 3701 uiam
1396 3633 1925 3720 Supruniensem,
1971 3633 2081 3701 ubi
2132 3641 2285 3701 sunt
2333 3632 2457 3700 due
2491 3642 2700 3720 mete,
2767 3656 2891 3718 que
2922 3634 3020 3702 die

761 3744 1054 3826 stingunt
1091 3749 1337 3808 terram
1375 3741 1659 3827 ipsorum
1693 3739 2170 3810 cruciferorum
2211 3761 2253 3807 a
2284 3742 2472 3808 terris
2504 3743 2731 3828 Daag;
2779 3742 3018 3808 deinde

762 3850 948 3918 uadit
998 3848 1084 3918 ad
1136 3849 1655 3932 septemtrionem
1708 3847 1792 3915 ad
1832 3870 2028 3917 unum
2067 3847 2505 3934 monticulum,
2555 3870 2780 3918 uersus
2814 3850 3014 3918 eccle-

760 3957 926 4025 siam
960 3956 1183 4024 Sancti
1212 3955 1510 4042 Martini,
1588 3957 1701 4023 ubi
1750 3963 1906 4025 sunt
1953 3961 2084 4025 tres
2135 3964 2341 4043 mete,
2410 3977 2535 4041 que
2586 3965 2898 4044 separant
2951 3965 3019 4022 et

758 4066 1110 4133 terminant
1165 4071 1404 4131 terram
1462 4063 1937 4132 cruciferorum
1988 4071 2051 4131 et
2099 4065 2292 4150 Daag
2320 4065 2722 4134 antedictam
2754 4085 2796 4132 a
2826 4064 3017 4134 terris

760 4173 1001 4242 Mathei
1054 4173 1173 4259 filij
1225 4172 1413 4259 Jule;
1463 4179 1528 4239 et
1557 4172 1827 4259 posthec
1881 4172 2218 4241 descendit
2266 4174 2455 4243 iuxta
2485 4180 2694 4242 terras
2725 4173 3014 4242 eiusdem

759 4278 1000 4347 Mathei
1051 4279 1133 4346 de
1181 4277 1410 4346 Sullan
1443 4276 1528 4345 ad
1561 4279 1871 4348 orientem
1924 4299 2130 4364 usque
2180 4279 2269 4346 ad
2307 4280 2470 4349 duas
2503 4286 2709 4350 metas
2741 4281 3013 4366 angula-

759 4405 883 4474 res,
932 4407 1059 4469 que
1090 4385 1452 4473 distingunt
1493 4392 1731 4456 terram
1781 4387 2068 4456 eiusdem
2120 4387 2364 4458 Mathei
2404 4397 2468 4457 et
2507 4389 3013 4474 generacionum

758 4513 1020 4562 suarum
1041 4545 1061 4576 ‚
1109 4502 1175 4562 et
1223 4493 1315 4563 ibi
1365 4494 1581 4564 fecere
1632 4515 1868 4563 nouam
1918 4503 2195 4583 metam3
2247 4495 2732 4584 procedensque
2780 4494 3014 4565 exinde

760 4601 826 4670 in
860 4599 1125 4670 meridie
1156 4621 1359 4687 usque
1389 4600 1478 4669 ad
1509 4609 1641 4671 tres
1674 4610 1880 4672 metas
1913 4605 2284 4692 angulares,
2340 4626 2466 4691 que
2499 4603 2858 4689 distingunt
2889 4612 3013 4675 ter·
