3319 5249
1392 255 1525 321 423

318 443 642 532 dupplieis
674 447 882 534 sigilli
914 449 1116 516 nostri
1149 451 1497 517 munimine
1531 453 1888 521 roboratas.
1924 453 2164 521 Datum
2196 474 2309 538 per
2332 473 2568 523 manus

321 554 713 623 venerabilis
744 556 947 643 patris
994 557 1242 624 Thome
1293 557 1720 627 miseracione
1783 562 2028 628 Diuina
2083 561 2404 649 Episcopi
2452 562 2577 629 Va-

319 662 560 732 ciensis
579 717 600 752 ,
654 666 805 735 aule
861 677 1080 735 nostre
1112 667 1270 736 Viee
1302 668 1689 754 Cancellarij
1728 670 1952 739 dilecti
2007 677 2069 737 et
2104 670 2318 738 fidelis
2349 670 2573 749 nostri,

314 791 489 840 anno
520 774 784 842 Domini
804 775 1146 843 millesimo
1166 776 1612 845 ducentesimo
1634 779 2073 863 octuagesimo
2097 779 2338 862 quinto.
2361 779 2573 865 Regni

316 884 537 948 autem
567 881 773 950 nostri
802 902 973 950 anno
1004 883 1253 952 decimo
1285 890 1538 968 quarto.

318 1072 445 1140 (ΙΙΙ.
470 1078 655 1132 Endte
702 1077 997 1147 kiralynak
1061 1082 1217 1135 1297.
1272 1082 1599 1147 megerb'sito'
1661 1078 2028 1149 okmanyabol
2082 1083 2245 1137 nebai
2282 1079 2597 1153 Rajesfinyi

1088 1154 1264 1224 Adam
1292 1170 1825 1238 gyiijtemenyebeu.)

1232 1454 1658 1464 —-—-—--——--

1367 1879 1521 1946 301.

315 2078 440 2142 IV.
479 2078 713 2142 Ldszld
740 2077 955 2162 kira‘ly
988 2079 1175 2144 Pons.
1208 2089 1428 2143 comest
1459 2078 1806 2143 Mersa'nak
1824 2080 1953 2161 fia't
2004 2103 2046 2142 a
2079 2080 2296 2143 Batur
2348 2081 2574 2163 helyse-

306 2196 414 2271 9⁰²
452 2187 764 2271 ta'ryyazd
796 2186 1071 2250 1283-ki
1104 2186 1253 2249 250.
1276 2208 1356 2249 σε.
1380 2210 1440 2250 a.
1463 2185 1953 2270 czdonzdnydban
1977 2186 2351 2270 meyerc'isiti.
2377 2185 2569 2249 1285.

530 2380 883 2447 Ladizlaus
945 2379 1069 2445 Dei
1130 2381 1356 2463 gracia
1421 2380 1784 2465 Hungarie‚
1851 2381 2211 2466 Dalmacie,
2279 2382 2571 2466 Croacie,

304 2490 543 2572 Rame‚
591 2486 838 2569 Seruie,
909 2486 1198 2570 Gallicie,
1266 2487 1674 2572 Lodomeric,
1730 2486 2061 2571 Cumanie,
2131 2489 2572 2573 Bulgarieque

303 2597 452 2662 Rex
502 2594 797 2663 omnibus
844 2592 1083 2661 Christi
1138 2592 1439 2661 fidelibus
1494 2601 1625 2661 tam
1659 2597 2070 2681 presentibus
2108 2616 2301 2679 quam
2335 2595 2571 2662 suturis

302 2702 716 2794 presencium
768 2700 1079 2768 noticiam
1130 2702 1453 2769 habituris
1508 2705 1786 2770 salutem
1831 2704 1894 2768 in
1929 2704 2206 2770 Domino
2240 2705 2572 2790 sempiter-

306 2833 490 2877 nam.
527 2811 608 2874 Vt
640 2808 1032 2875 collaciones
1065 2809 1314 2892 Regum
1336 2817 1646 2893 perpetuo
1684 2812 1916 2876 robore
1932 2810 2303 2895 fulciantur,
2335 2810 2573 2877 debent

302 2940 441 2986 non
492 2914 789 2982 inmerito
854 2914 1211 2982 litterarum
1263 2915 1624 2999 patrocinio
1691 2916 2090 2982 communiri.
2152 2914 2431 2982 Proinde
2486 2917 2572 2982 ad

303 3025 759 3094 vniuetserum
794 3029 929 3087 tam
962 3021 1366 3106 presencium
1387 3043 1581 3106 quam
1604 3024 1965 3088 futurorum
2001 3024 2311 3091 noticiam
2346 3031 2569 3092 tenore

305 3130 723 3220 presencium
756 3132 1057 3198 volumus
1089 3132 1451 3215 peruenire,
1486 3129 1662 3215 quod
1694 3131 1923 3196 Comes
1956 3131 2127 3197 Pous
2159 3131 2330 3196 filius
2364 3132 2571 3198 Merse

301 3239 394 3308 ad
428 3247 717 3307 nostram
768 3238 1086 3305 accedens
1139 3238 1552 3324 presenciam
1618 3238 1806 3303 nobis
1850 3238 2017 3304 dixit
2080 3237 2569 3320 conquerendo:

303 3347 487 3434 quod
539 3367 679 3414 cum
744 3366 863 3412 nos
928 3346 1255 3428 quandam
1306 3352 1548 3411 terram
1599 3344 2141 3412 drauchariorum
2205 3354 2569 3415 nostrornm

302 3460 521 3524 Batur
553 3461 847 3522 vocatam
881 3460 1177 3538 respectu
1209 3452 1628 3519 seruieierum
1665 3471 1947 3537 suorum,
1983 3461 2047 3519 et
2081 3451 2346 3519 duorum
2381 3475 2568 3538 equo-

300 3585 452 3632 rum
486 3582 750 3630 suorum
782 3564 1097 3628 bonorum
1130 3580 1246 3643 pro
1278 3567 1503 3625 nostra
1554 3578 1838 3643 persona
1869 3560 2258 3646 valencium,
2293 3580 2412 3627 nee
2440 3582 2569 3627 non

307 3669 795 3756 quinquaginta
826 3688 1137 3752 equarum
1179 3685 1441 3733 suarum
1475 3667 1556 3732 de
1586 3666 1862 3749 equacia
1911 3685 2051 3747 sua,
2115 3667 2241 3733 sibi
2272 3668 2570 3736 contulis-

312 3798 567 3863 semus,
599 3783 794 3860 prout
853 3774 919 3841 in
950 3779 1167 3840 nostro
1200 3773 1552 3858 priuilegio
1590 3772 1825 3840 exinde
1857 3773 2155 3840 confecto
2186 3773 2444 3858 plenius
2478 3775 2566 3839 vi·

303 3890 532 3957 dimus
566 3883 921 3964 contineri;
986 3882 1129 3964 ipse
1190 3881 1507 3966 quosdam
1559 3879 1810 3946 incolas
1842 3879 2011 3946 dicte
2041 3887 2229 3965 terre,
2264 3882 2573 3948 videlicet

299 3991 697 4064 Fareasium
729 3994 795 4058 et
823 3989 1010 4073 surh,
1045 3990 1193 4073 Isep
1229 4008 1307 4055 ac
1334 3987 1504 4055 filios
1535 4005 1687 4054 suos
1706 4038 1725 4072 ,
1754 3985 2099 4054 Nicolaum
2133 3988 2332 4054 filium
2366 3988 2566 4074 Syke,

298 4124 433 4170 nec
465 4081 597 4167 non
651 4099 939 4183 Symoun
967 4096 1169 4163 filium
1202 4096 1425 4183 Cheet,
1458 4114 1537 4162 ac
1598 4099 1912 4179 cognatos
1964 4096 2266 4181 ipsorum,
2300 4103 2561 4184 propter

298 4207 622 4293 temporis
655 4205 944 4291 inpacati
963 4202 1379 4271 turbaeiones
1411 4210 1475 4270 et
1505 4202 1715 4287 Regni
1737 4203 1944 4270 nostri
1975 4203 2161 4270 varia
2191 4203 2572 4271 discrimina

300 4319 394 4385 de
430 4317 583 4401 ipsa
630 4321 806 4381 terra
853 4313 1176 4397 deponere
1225 4331 1341 4379 sen
1381 4311 1713 4395 expellere
1775 4311 2215 4396 nequiuisset3
2267 4318 2496 4396 petens
2531 4334 2572 4377 a

298 4425 507 4493 nobis
542 4442 685 4489 cum
719 4419 1061 4506 instancia,
1112 4426 1184 4487 vt
1212 4440 1331 4487 nos
1378 4418 1809 4486 collacionem
1859 4418 1984 4486 sibi
2034 4437 2150 4503 per
2179 4437 2297 4484 nos
2328 4417 2568 4484 factam

300 4549 721 4616 conseruare,
754 4533 821 4597 et
850 4526 1297 4599 conseruando
1338 4525 1674 4615 insonare,
1693 4545 1774 4592 ac
1791 4525 2168 4597 innouando
2188 4524 2571 4600 confirmare
