3319 5249
1362 303 1492 382 ‘335

295 519 448 580 tare.
479 509 719 581 Datum
751 510 925 599 apud
957 513 1195 582 Urbem
1229 513 1522 582 Veterem
1559 515 1642 581 11.
1678 509 1829 583 idus
1858 500 2075 580 Martii
2110 503 2535 580 Pontificatus

293 624 499 690 nostri
533 645 702 690 anno
736 625 958 708 primo.

293 837 394 903 (Th
408 843 561 891 einer
585 816 849 907 Agostom
879 841 1078 893 Vetera
1097 841 1449 891 Monumenta
1467 841 1751 892 Slavorum
1777 840 2216 892 Meridioualium
2246 842 2540 892 Historiam

1149 932 1488 983 illustrantia
1515 934 1598 988 98,
1627 931 1688 998 l.)

1349 1797 1505 1864 239.

297 2009 412 2083 IV.
481 2018 753 2084 Mdrtan
790 2019 978 2102 pdpa
1028 2015 1308 2100 Mihcilyt
1359 2018 1640 2081 cattaroi
1686 2015 2069 2094 kanonokot‚
2108 2015 2179 2079 ki
2210 2014 2554 2081 απιίυανί-τῖ

690 2125 976 2190 ἐνεεΙιηεΙο
995 2125 1499 2211 postalciltatott,
1534 2128 1912 2211 myerdsz'ti.
1969 2126 2162 2190 1282.

520 2358 838 2426 Martinus
868 2358 1224 2445 Episcopus
1255 2381 1481 2427 servus
1515 2380 1848 2429 servorum
1882 2357 2006 2425 Dei
2036 2353 2395 2423 venerabili
2416 2353 2543 2421 fra-

301 2467 379 2533 tri
428 2465 743 2533 Michaeli
789 2466 1293 2552 Archiepiscopo
1341 2465 1786 2550 Antibarensi,
1819 2466 2097 2532 salutem
2130 2471 2192 2530 et
2222 2461 2542 2548 Apostoli-

301 2597 445 2644 cam
478 2575 1019 2643 benedictionem.
1054 2577 1154 2643 Ex
1187 2583 1483 2661 suscepte
1517 2576 1851 2643 servitutis
1886 2573 2099 2652 officio
2121 2571 2555 2642 sollicitudine

302 2686 650 2773 pulsamur
679 2684 991 2771 assidiua,
1045 2693 1114 2751 ut
1145 2685 1479 2752 Ecclesiae
1513 2684 1966 2770 spiritualibus
1999 2691 2061 2750 et
2093 2683 2555 2769 temporalibus

303 2793 663 2862 commodis
702 2814 1072 2877 augeamuS,
1107 2803 1171 2861 et
1206 2815 1426 2860 earum
1460 2795 1738 2861 maxime
1771 2813 1888 2880 per
1927 2793 2141 2861 debite
2173 2791 2560 2877 provisionis

303 2902 735 2970 ministerium
785 2902 1284 2970 necessitatibus
1335 2902 1750 2970 consulamus
1795 2902 2160 2988 salubriter,
2196 2922 2318 2986 que
2350 2901 2561 2968 dinos-

305 3019 547 3079 cuntur
580 3014 859 3098 pastoris
884 3014 1114 3079 solatio
1150 3012 1467 3079 destitute.
1503 3013 1767 3079 Dudum
1801 3009 2134 3096 siquidem,
2169 3031 2309 3076 cum
2332 3011 2400 3078 in
2431 3011 2561 3076 An·

305 3122 624 3188 tibarensi
685 3122 981 3190 Ecclesia
1013 3142 1127 3209 per
1175 3122 1413 3189 obitum
1465 3123 1632 3190 bone
1673 3122 1979 3190 memorie
2009 3122 2085 3189 T.
2116 3121 2560 3188 Antibarensis

305 3229 802 3316 Arcbiepiscopi
835 3237 1106 3296 vacante
1139 3233 1422 3315 pastoris
1454 3231 1730 3298 diversis
1766 3231 2159 3316 temporibus
2212 3228 2559 3294 electiones

308 3340 585 3407 fuissent
616 3340 975 3407 successive
995 3340 1074 3406 de
1096 3342 1255 3425 ipsis
1288 3342 1488 3407 variis
1519 3339 1908 3425 multiplices
1944 3338 2285 3423 celebrate,
2305 3337 2563 3402 tandem

311 3447 644 3514 nonnullis
667 3468 747 3514 ex
770 3448 993 3514 electis
1015 3447 1377 3514 huiusmodi
1401 3455 1554 3516 ante
1575 3445 2081 3514 confirmationis
2104 3464 2297 3531 super
2316 3444 2437 3510 hoc
2455 3443 2562 3510 ob-

316 3562 569 3622 tentum
600 3555 977 3622 beneficium
1010 3557 1182 3623 viam
1200 3559 1496 3624 vniverse
1528 3558 1739 3623 carnis
1760 3555 2110 3643 ingressis‚}
2129 3553 2396 3638 reliquis
2417 3574 2566 3621 vero

316 3663 835 3730 renuntiantibus
867 3662 1009 3749 iuri,
1033 3664 1085 3730 si
1109 3665 1282 3748 quod
1316 3673 1458 3731 erat
1488 3664 1581 3732 eis
1613 3685 1697 3730 ex
1748 3663 2170 3731 electionibus
2202 3660 2567 3729 huiusmodi

319 3772 722 3855 acquisitum,
745 3770 1108 3857 Capitulum
1132 3773 1424 3840 Ecclesie
1445 3774 1730 3859 predicte
1754 3792 1869 3859 pro
1889 3772 2089 3839 futuri
2110 3771 2565 3838 substitutione

317 3880 660 3966 pontificiS,
695 3878 946 3945 vocatio
978 3879 1291 3965 omnibus,
1322 3883 1434 3965 qui
1473 3882 1836 3965 voluerunt,
1872 3880 2227 3947 debuerunt
2258 3886 2319 3945 et
2348 3886 2569 3964 potue-

316 3992 458 4054 runt
488 3987 820 4055 commode
848 3988 1175 4074 interesse,
1210 3988 1316 4054 die
1351 3990 1437 4055 ad
1469 3989 1592 4055 hoc
1643 3989 1887 4075 prefixa
1918 3990 1987 4054 in
2019 3989 2316 4073 Capitulo
2370 3988 2571 4073 ipsius

321 4096 606 4163 Ecclesie
626 4099 1080 4164 convenientes
1106 4100 1173 4164 in
1207 4119 1425 4184 unum,
1448 4120 1525 4165 ac
1546 4098 1807 4166 tandem
1838 4097 1925 4165 ad
1946 4098 2333 4165 electionem
2353 4096 2568 4164 huius-

323 4205 488 4271 modi
524 4226 639 4290 per
671 4205 841 4273 viam
875 4207 1313 4293 compromissi
1357 4208 1709 4293 procedere
1740 4208 2097 4291 cupientes,
2132 4207 2286 4274 Zete
2336 4227 2413 4273 ac
2443 4207 2574 4274 Na·

323 4313 478 4380 thali
495 4313 836 4381 canonicis
861 4315 1068 4399 ipsius
1079 4315 1372 4383 Ecclesie
1394 4315 1780 4401 providendi
1803 4335 1883 4382 ea
1901 4317 2044 4380 vice
2065 4313 2145 4379 de
2164 4320 2427 4398 pastore
2449 4314 2575 4399 ipsi

328 4420 612 4490 Ecclesie
642 4432 1098 4491 concesseruut
1129 4425 1524 4492 unanimiter
1544 4429 1972 4512 potestatem;
2012 4424 2455 4507 promittentes
2503 4423 2575 4487 il-

327 4529 451 4596 lum
473 4530 537 4598 in
565 4532 1136 4619 Archiepiscopum
1155 4533 1464 4621 recipere,
1487 4553 1674 4616 quem
1697 4532 1824 4618 ipsi
1845 4532 2152 4598 ducerent
2172 4530 2570 4615 eligendum.

329 4636 447 4715 Qui
476 4642 838 4711 huiusmodi
870 4649 1187 4728 potestate
1239 4651 1519 4730 recepta,
1557 4642 1929 4711 secedentes
1965 4642 2035 4711 in
2069 4650 2337 4727 partem,
2374 4647 2437 4708 et
2468 4639 2574 4708 de·
