3319 5249
1367 330 1496 394 299

1355 997 1504 1067 215.

309 1222 351 1284 1
362 1218 427 1283 V.
463 1220 693 1286 Ldezlo'
741 1218 1080 1306 kirdlynak
1122 1242 1444 1304 par-anem
1482 1242 1526 1283 a
1557 1218 2075 1301 sze'kessehe'rmiri
2102 1218 2548 1304 kdptalanhoz,

307 1331 465 1414 hoqy
495 1329 694 1393 Kenes
718 1330 967 1417 Berejny
996 1329 1299 1413 helysdqet
1326 1330 1630 1413 ιάνῃῃαεό
1652 1326 1925 1393 1232-102·
1955 1325 2336 1394 valldlevelet
2366 1329 2547 1416 ujbdl

1198 1436 1436 1521 kiadja.
1469 1438 1665 1502 1281.

515 1652 864 1737 Ladizlaus
917 1670 1040 1737 Dei
1071 1669 1294 1756 gracia
1324 1671 1461 1735 Rex
1493 1668 1824 1753 Hungarie
1855 1667 2153 1736 fidelibus
2185 1669 2323 1736 suis
2356 1669 2549 1755 Capi-

304 1778 441 1844 tulo
495 1778 765 1845 Albensi
812 1780 1087 1846 salutem
1122 1789 1189 1847 et
1220 1777 1531 1865 graciam.
1566 1778 1806 1844 Dilecti
1839 1783 1904 1844 et
1932 1777 2160 1845 fideles
2190 1777 2393 1844 nostri
2428 1776 2549 1844 Ca-

302 1885 576 1971 pitulum
609 1887 895 1968 Ecclesie
923 1886 1454 1974 wesprimiensis
1487 1887 1707 1952 dicunt
1738 1886 1946 1973 nobie,
2015 1885 2183 1970 quod
2216 1885 2541 1970 quoddam

304 1993 722 2079 priuilegium
756 2003 1036 2062 vestrum
1072 1997 1345 2063 incisum
1380 1995 1591 2062 medio
1624 1993 1977 2079 alphabeto
2000 2015 2195 2079 super
2214 1994 2550 2079 empcione

306 2102 630 2187 porcionis
681 2101 1019 2171 Michaelis
1064 2103 1181 2190 filij
1216 2102 1427 2170 Balad
1466 2103 1530 2169 in
1564 2101 1885 2169 territorio
1915 2102 2072 2168 ville
2103 2104 2312 2171 Kinus
2343 2105 2552 2169 Beren

303 2216 535 2277 vocate
566 2209 898 2279 existentis
931 2213 1049 2279 sub
1081 2218 1295 2278 vestro
1326 2210 1545 2297 sigillo
1580 2233 1698 2297 pro
1738 2210 1832 2277 cis
1868 2209 2247 2297 confectum,
2270 2212 2338 2277 in
2360 2218 2548 2279 vastu

309 2326 371 2385 et
429 2319 643 2405 spolio
702 2320 879 2387 Petri
938 2319 1225 2387 Palatini
1286 2319 1456 2386 inter
1516 2319 1652 2385 alia
1703 2321 1874 2386 bona
1926 2319 2211 2386 eiusdem
2256 2319 2548 2387 Ecclesie

303 2427 827 2514 wesprimiensis
858 2428 1248 2514 amisissent,
1284 2428 1465 2496 cuius
1508 2427 1691 2495 aliud
1724 2449 1844 2513 par
1875 2427 2174 2495 similiter
2198 2428 2549 2514 alphabeto

306 2534 578 2602 incisum
626 2537 695 2601 in
725 2554 984 2603 camera
1015 2535 1303 2603 Ecclesie
1334 2542 1549 2603 vestre
1580 2536 1768 2603 iuxta
1803 2535 2102 2602 Ecclesie
2135 2533 2543 2602 consuetudi-

302 2664 446 2711 nem
495 2651 672 2711 esset
720 2652 1140 2711 reseruatum.
1192 2645 1378 2711 Vnde
1429 2665 1572 2711 cum
1623 2646 1860 2711 nemini
1894 2644 1959 2710 in
1993 2665 2110 2712 suo
2133 2644 2284 2729 jure
2318 2642 2548 2710 deesse

306 2753 675 2839 debeamus,
728 2751 1026 2820 fidelitati
1076 2758 1294 2821 vestre
1341 2753 1758 2840 precipiendo
1792 2754 2191 2839 mandamus,
2228 2756 2547 2835 quatenus

306 2859 489 2929 aliud
518 2882 641 2947 par
671 2862 824 2928 dicti
854 2861 1182 2948 priuilegij
1219 2864 1286 2928 in
1321 2884 1587 2930 camera
1626 2863 1919 2930 Ecclesie
1953 2871 2166 2930 vestre
2201 2862 2548 2945 diligenter

305 2975 370 3036 et
416 2969 696 3037 fideliter
743 2969 982 3054 inquiri
1032 2969 1308 3054 faciatis,
1358 2977 1424 3036 et
1455 2972 1791 3037 inuentum
1818 2977 2033 3037 vestro
2064 2970 2385 3037 renouetis
2422 2969 2548 3055 pri-

302 3077 542 3162 vilegio
582 3100 597 3163 ;
674 3085 980 3145 canentes
1042 3083 1260 3145 tamen
1282 3130 1302 3165 ,
1365 3099 1447 3145 ne
1514 3081 1580 3144 in
1649 3080 1772 3145 hoc
1841 3080 2021 3145 fraus
2071 3078 2378 3144 committi
2435 3098 2544 3143 va·

300 3186 436 3252 leat
500 3185 641 3251 siue
706 3184 913 3252 dolus.
981 3187 1220 3252 Datum
1288 3185 1474 3254 Bude
1517 3185 1585 3252 in
1632 3184 1795 3253 festo
1842 3185 2254 3252 Inucncionis
2306 3186 2541 3252 Sancte

303 3290 544 3360 Crucis,

299 3506 376 3575 (A
421 3506 879 3564 szekesfehervdri
912 3507 1289 3578 kaptalannak
1316 3526 1502 3578 ugyan
1534 3512 1754 3564 1281-ki
1783 3507 2188 3577 kiadninyabbl
2216 3512 2354 3561 mint
2380 3505 2545 3560 alabb

1250 3603 1371 3652 222.
1409 3619 1483 3654 ss.
1522 3603 1594 3662 a.)

1210 3925 1625 3936 --——-—-———.
