3319 5249
1350 390 1478 458 145

1365 1074 1473 1143 97.

286 1265 399 1337 IV.
438 1271 673 1337 Ιάεεῐό
701 1273 920 1358 kira'ly
967 1277 1322 1359 ‘meyero'sz'ti
1370 1275 1488 1341 IV.
1522 1276 1686 1341 Be'la
1716 1276 2072 1363 kirdlynak
2130 1276 2557 1344 Ζαῐοηία-Ζω

285 1382 470 1447 kala-s
501 1382 806 1466 helyse'qet
841 1384 1152 1468 tcirqyazo
1190 1381 1584 1468 adomdnydt
1614 1408 1656 1448 a
1686 1386 2066 1470 nyz'dsziqeti
2095 1388 2551 1472 apdczazdrda

1147 1494 1461 1557 szdmcim.
1496 1493 1691 1560 1276.

501 1666 854 1736 Ladizlaus
917 1667 1044 1735 Dei
1102 1668 1329 1752 gracia
1388 1668 1726 1753 Hungarie
1745 1721 1766 1757 ,
1820 1672 2195 1759 Dalmacie,
2245 1674 2538 1757 Croacie,

282 1778 532 1864 Rame,
579 1777 846 1863 Seruis,
894 1777 1213 1863 Gallicis,
1260 1778 1680 1865 Lodomerie,
1730 1778 2061 1867 Cumanis,
2112 1782 2549 1867 Bulgarieque

282 1885 420 1949 Rex
475 1886 776 1952 omnibus
832 1883 1071 1952 Christi
1102 1883 1396 1953 fidelibus
1459 1895 1794 1972 presentes
1844 1887 2103 1956 litteras
2156 1888 2550 1976 inspecturis

283 1994 567 2059 salutem
618 1994 687 2059 in
741 2013 855 2081 eo,
924 1994 1035 2076 qui
1083 1993 1371 2080 Regibus
1432 1993 1548 2061 dat
1597 1995 1894 2064 salutem.
1941 1996 2046 2062 Ad
2097 1995 2549 2064 vniuersorum

282 2108 417 2166 tam
453 2100 859 2186 presencium
893 2121 1087 2185 quam
1107 2101 1463 2170 futurorum
1498 2103 1808 2169 noticiam
1842 2103 2139 2172 volumus
2171 2104 2548 2190 peruenire3

281 2209 457 2290 quod
494 2208 698 2276 frater
728 2207 1048 2277 Ricardus
1079 2210 1267 2276 Prior
1300 2209 1382 2276 de
1416 2209 1663 2276 Ordine
1715 2210 2016 2277 Fratrum
2054 2212 2545 2279 Predicatorum

280 2317 360 2382 de
393 2316 627 2383 Insula
657 2318 858 2384 Beate
897 2316 1226 2402 Virginis3
1278 2326 1344 2384 et
1377 2318 1601 2384 Comes
1636 2319 1873 2385 Petrus
1924 2318 2228 2387 officialis
2259 2320 2547 2387 eiusdem

281 2423 582 2490 Ecclesie
612 2421 698 2490 ad
729 2431 1017 2492 nostram
1068 2424 1454 2492 accedentes
1509 2426 1923 2512 presenciam
1977 2426 2408 2496 exhibuerunt
2440 2450 2548 2496 no-

281 2530 376 2597 bis
408 2532 829 2618 priuilegium
881 2534 1295 2602 Serenissimi
1348 2534 1670 2619 Principis
1723 2534 1972 2604 domini
2009 2535 2171 2602 Bele
2206 2536 2419 2605 felicis
2452 2558 2546 2603 re·

281 2638 685 2708 cordaeionis
703 2693 723 2729 ,
802 2641 956 2709 olim
1018 2642 1303 2710 Illustris
1373 2642 1573 2728 Regis
1633 2644 1972 2729 Hungarie
2032 2644 2368 2714 karissimi
2430 2648 2541 2713 aui

280 2747 508 2830 nostri,
543 2750 892 2836 priuilegio
917 2750 1159 2818 domini
1180 2751 1501 2838 Stephani
1535 2751 1762 2830 inclite
1801 2753 2105 2820 memorie
2136 2755 2334 2838 Regis
2365 2756 2545 2838 geni·

280 2856 444 2925 toris
474 2859 682 2925 nostri
716 2858 1045 2926 karissimi
1086 2859 1552 2945 confirmatum,
1584 2880 1781 2945 super
1821 2860 2178 2929 collacione
2210 2860 2541 2930 cuiusdam

277 2967 431 3033 ville
463 2967 745 3034 Zolunta
774 2967 1065 3035 Zakalas
1098 2973 1366 3054 uocate,
1416 2966 1592 3035 facta
1646 2987 1765 3052 per
1815 2967 2176 3054 predictum
2210 2968 2541 3037 dominum

278 3077 350 3142 B.
384 3078 632 3161 Regem
667 3095 863 3142 auum
914 3080 1205 3143 nostrum
1268 3075 1560 3144 Ecclesie
1610 3076 1816 3143 Beate
1867 3075 2159 3161 Virginis
2199 3076 2281 3143 de
2312 3075 2542 3144 Insula

278 3191 639 3251 memorata
672 3183 1034 3252 consectum
1055 3235 1072 3269 ,
1124 3191 1422 3271 petentes
1453 3186 1652 3253 uerbo
1688 3184 1947 3253 domine
1993 3185 2335 3254 Elisabeth
2366 3207 2540 3253 soro·

194 3303 203 3314 ·
277 3293 362 3358 ris
395 3298 627 3359 nostre
657 3292 1028 3378 karissime,
1060 3299 1126 3360 et
1174 3292 1451 3360 aliarum
1492 3311 1783 3360 sororum
1817 3293 2004 3361 nobis
2037 3293 2104 3359 in
2138 3293 2393 3361 Christo
2426 3295 2539 3360 ka·

276 3402 702 3485 rissimarum‚
750 3401 819 3466 in
850 3397 1140 3486 predicta
1177 3400 1477 3468 Ecclesia
1505 3403 1710 3469 Beate
1741 3401 2032 3485 Virginis
2063 3401 2342 3469 Domino
2375 3402 2540 3487 iugi-

274 3515 372 3574 ter
401 3507 913 3595 famulancium,
963 3515 1034 3575 ut
1063 3507 1235 3575 idem
1286 3507 1702 3594 priuilegium
1752 3510 2117 3597 ratificare‚
2165 3518 2230 3576 et
2271 3511 2357 3578 ad
2389 3512 2536 3578 vbe-

273 3618 514 3683 riorem
577 3615 898 3683 cautelam
964 3623 1187 3684 nostro
1257 3614 1673 3700 dignaremur
1732 3617 2078 3704 priuilegio
2142 3619 2539 3686 confirmare.

272 3725 473 3791 Cuius
504 3731 695 3794 tenor
724 3725 877 3793 talis
899 3732 1033 3794 est:

491 3832 657 3898 Bela
686 3831 768 3898 D.
804 3853 898 3917 gr.
936 3833 1271 3919 Hungarie
1302 3833 1428 3901 stb.
1461 3832 1602 3900 Rex
1631 3833 1755 3900 stb.
1794 3831 2216 3920 (kovetkezik
2238 3833 2346 3899 IV.
2372 3831 2537 3901 Bela

273 3940 640 4025 kiralynak
677 3941 946 4009 1267-ki
981 3938 1538 4028 adomanylevele‚
1573 3940 1737 4007 mint
1757 3942 2314 4029 gyujtemenyunk
2336 3939 2535 4027 VIII.,

272 4046 511 4134 vagyis
544 4066 588 4112 a
619 4046 923 4114 masodik
956 4046 1201 4133 folyam
1233 4048 1354 4114 111.
1390 4047 1770 4135 koteteben,
1810 4050 1955 4116 167.
1992 4046 2067 4134 1.)

489 4153 629 4220 Nos
659 4154 858 4238 igitur
889 4155 1078 4223 iustis
1108 4154 1540 4242 peticionibus
1590 4155 1941 4223 eorundem
1980 4154 2105 4221 hac
2137 4161 2321 4242 parte
2353 4154 2534 4223 incli-

271 4263 408 4329 nati
428 4313 448 4346 ‚
496 4260 1182 4349 dictumpriuilegium
1238 4261 1487 4336 domini
1513 4260 1675 4329 Bele
1710 4262 1906 4346 Regis
1938 4261 2048 4330 aui
2077 4263 2298 4349 nostri,
2329 4263 2524 4349 priui-

268 4369 446 4454 legio
500 4369 748 4438 domini
795 4371 993 4455 Regis
1048 4368 1364 4456 Stephani
1414 4367 1726 4453 genitoris
1776 4369 1979 4437 nostri
2028 4369 2396 4454 karissimi,
2465 4378 2534 4438 ut

271 4478 705 4565 premisimus,
739 4477 1207 4565 confirmatum,
1256 4483 1468 4544 ratum
1531 4476 1845 4544 habentes
1909 4483 1972 4543 et
2034 4484 2368 4562 acceptum
2389 4529 2407 4565 ,
2469 4485 2533 4543 et

273 4585 351 4653 de
383 4587 590 4654 uerbo
620 4584 705 4652 ad
735 4586 1008 4653 uerbum
1061 4587 1372 4653 insertum
1431 4586 1841 4671 presentibus
1882 4584 2371 4671 confirmamus,
2422 4583 2532 4651 du-

272 4693 468 4778 plicis
500 4693 708 4780 sigilli
758 4694 959 4764 nostri
1008 4695 1362 4762 munimine
1413 4693 1807 4764 roborando.
1874 4695 2112 4763 Datum
2152 4715 2270 4781 per
2302 4712 2532 4760 manus

357 4831 569 4872 norrun.
597 4829 760 4870 mc.
793 4830 932 4872 msr.
958 4831 1176 4872 menon.
1214 4840 1301 4855 --
1336 4824 1407 4872 17.
2125 4806 2208 4869 10
