3319 5249
1412 385 1497 448 99

321 577 543 642 niente
595 576 705 643 die
757 577 1164 663 probacionis
1182 630 1202 663 ,
1272 584 1423 646 ante
1484 579 1749 646 testium
1812 578 2303 663 produccionem
2366 585 2584 663 partes

321 680 409 748 ad
443 691 730 749 nostram
766 684 1154 751 accedentes
1204 685 1608 770 presenciam
1661 688 2036 771 retulerunt,
2088 686 2262 768 quod
2295 704 2407 771 per
2440 706 2585 753 sen-

321 790 608 857 tenciam
663 798 725 860 et
759 792 1099 858 arbitrium
1141 793 1421 860 virorum
1457 792 1794 880 nobilium,
1841 798 2102 878 propter
2136 793 2372 860 bonum
2404 792 2586 878 pacis

321 905 384 963 et
419 899 719 966 amicicie
766 899 1332 984 perseueranciam
1366 899 1581 966 taliter
1614 900 2121 968 concordassent
2157 925 2171 965 :
2221 898 2407 978 Quod
2435 921 2583 987 pre-

315 1005 497 1073 fatus
527 1007 844 1090 Magister
877 1005 1205 1074 Omodeus
1258 1007 1436 1074 nullo
1473 1028 1755 1091 unquam
1797 1013 2089 1093 tempore
2141 1007 2224 1072 ab
2265 1006 2391 1074 hac
2420 1006 2584 1075 hora

324 1114 392 1179 in
427 1123 631 1180 antea
661 1136 858 1201 super
893 1115 1226 1201 premissis
1259 1116 1472 1183 causis
1506 1116 1746 1200 poterit
1775 1116 2160 1200 Magistrum
2184 1114 2583 1198 Gregorium,

319 1222 590 1287 Petrum
624 1221 826 1288 filium
863 1223 1180 1309 Nycolay,
1232 1229 1296 1289 et
1345 1225 1606 1291 Petrum
1655 1222 1859 1290 filium
1898 1222 2222 1290 Dominici
2258 1222 2585 1308 predictos

221 1347 240 1364 ⁸
321 1330 389 1393 in
447 1348 711 1395 causam
768 1330 1022 1396 trahere
1072 1333 1177 1398 uel
1231 1330 1616 1415 inquietare,
1685 1351 1805 1399 nec
1856 1330 2339 1414 quomodolibet
2388 1329 2579 1395 mole-

319 1444 536 1521 stare3
588 1458 713 1502 nec
746 1438 913 1504 idem
950 1441 1276 1524 Magister·
1297 1439 1674 1526 Gregorius,
1701 1446 1765 1506 et
1796 1441 2024 1508 Petrus
2058 1440 2231 1507 filius
2264 1437 2585 1524 Nycolay,

323 1565 403 1609 ac
435 1546 671 1611 Petrus
706 1546 883 1611 filius
916 1546 1261 1634 Dominici,
1309 1547 1576 1613 racione
1608 1546 2037 1633 possessionis
2069 1546 2301 1630 Gogan
2332 1551 2583 1625 uocate,

324 1652 585 1720 nomine
617 1652 721 1719 sui
752 1652 934 1743 iuris,
987 1655 1044 1721 si
1077 1654 1248 1737 quod
1280 1656 1375 1723 eis
1409 1653 1681 1723 forsitan
1720 1654 1789 1721 in
1820 1655 1967 1740 ipsa
1999 1653 2410 1740 possessione
2440 1672 2585 1718 con·

320 1761 608 1845 petebat,
657 1764 857 1830 ullam
910 1770 1212 1849 poterunt
1272 1765 1344 1831 in
1394 1771 1775 1849 perpetuum
1826 1770 2050 1831 contra
2088 1762 2471 1846 Magistrum
2508 1761 2581 1827 Ο.

322 1874 386 1934 et
417 1889 573 1936 suos
624 1869 897 1938 heredes
948 1870 1132 1937 litem
1186 1870 1461 1959 ingredi,
1511 1871 1617 1938 vel
1672 1870 1956 1954 aliquam
1996 1870 2352 1936 susscitare
2385 1876 2583 1934 matc-

321 1977 488 2042 riam
541 1976 925 2061 questionis.
993 1977 1078 2043 Et
1109 1978 1203 2044 sic
1235 1986 1454 2064 partes
1507 1977 1786 2045 cassatis
1833 1976 2131 2044 omnibus
2167 1975 2421 2063 litteris,
2458 1995 2584 2058 que

321 2085 632 2152 hincinde
682 2106 872 2172 super
903 2086 1123 2152 causis
1175 2086 1306 2152 iam
1348 2087 1676 2172 preteritis
1731 2093 2219 2173 emanauerant‚
2271 2084 2354 2150 ad
2393 2084 2583 2170 plene

320 2194 507 2278 pacis
559 2201 624 2259 et
678 2191 1016 2261 concordie
1069 2193 1471 2261 deuenerunt
1518 2196 1842 2262 vnionem.
1910 2193 2306 2260 Adiecerunt
2354 2192 2583 2275 eciam,

315 2301 493 2383 quod
525 2302 585 2366 si
623 2301 898 2368 Alexius
932 2301 1101 2369 filius
1134 2301 1375 2369 Jacinti
1410 2303 1490 2371 de
1525 2305 1664 2388 Sul,
1701 2324 1821 2369 nec
1853 2324 1977 2369 non
2011 2303 2182 2368 Bala
2211 2300 2295 2367 de
2327 2299 2579 2383 Gogari‚

320 2410 684 2476 seruientes
738 2409 1014 2494 predicti
1067 2410 1362 2494 Magistri
1415 2413 1511 2496 0.,
1569 2429 1692 2477 nec
1741 2432 1867 2479 non
1912 2410 2303 2496 jobagiones
2352 2407 2452 2474 sui
2507 2406 2587 2472 de

320 2515 552 2582 eadem
591 2517 753 2582 villa
807 2517 1037 2601 Gogan
1087 2537 1285 2602 super
1335 2518 1825 2605 captiuacione‚
1875 2515 2116 2604 pudore
2166 2525 2229 2582 et
2281 2515 2585 2599 dampnis

317 2622 633 2708 irrogatis
697 2626 824 2692 sibi
891 2646 1007 2711 per
1067 2627 1453 2711 Magistrum
1516 2627 1895 2711 Gregorium
1921 2679 1937 2711 ,
2000 2635 2071 2693 ut
2133 2626 2453 2710 dixerunt,
2518 2623 2586 2689 iu

322 2731 547 2813 aliquo
601 2733 951 2800 molestare
1004 2735 1536 2820 presumpserint,
1583 2734 1898 2821 Magister
1943 2735 2019 2803 Ο.
2072 2741 2329 2801 tenetur
2376 2733 2585 2818 ipsum

321 2839 709 2922 Magistrum
743 2841 1125 2925 Gregorium
1179 2842 1388 2910 modis
1440 2842 1741 2909 omnibus
1784 2843 2146 2909 defensare.
2195 2840 2330 2908 Nos
2364 2848 2583 2906 autem

320 2945 405 3009 ad
440 2947 834 3013 instanciam
888 2956 953 3015 et
985 2948 1373 3034 peticionem
1424 2948 1719 3036 parcium
1772 2956 2101 3034 presentes
2154 2948 2404 3015 litteras
2436 2967 2581 3013 cou-

322 3053 636 3121 cessimus
667 3055 877 3140 sigilli
928 3056 1136 3122 nostri
1185 3056 1538 3124 munimine
1591 3058 1944 3123 roboratas.
1993 3057 2237 3121 Datum
2289 3076 2406 3141 pei·
2458 3077 2587 3119 ma-

318 3180 442 3227 nus
496 3162 797 3245 Magistri
829 3163 1149 3230 Hermani
1184 3163 1472 3231 Lector-is
1505 3164 1805 3231 Ecclesie
1854 3170 2069 3229 nostre
2124 3183 2294 3231 anno
2326 3162 2585 3230 Domini

315 3268 761 3335 M⁰CC⁰LXX⁰
793 3270 1445 3353 quartorVenerabili
1483 3271 1546 3335 in
1575 3269 1834 3336 Christo
1869 3278 2049 3356 patre
2084 3270 2344 3337 domino
2377 3270 2583 3335 Paulo

320 3374 655 3462 Episcopo
706 3385 965 3461 nostr03
1012 3377 1328 3462 Magistro
1378 3378 1582 3444 Paulo
1621 3376 1981 3463 Reposito,
2033 3377 2239 3444 Paulo
2282 3375 2582 3463 Cantore‚

325 3482 545 3563 liugas
585 3483 869 3550 Custode
912 3483 1356 3551 existentibus.

325 3662 340 3715 εξ
354 3662 610 3712 Erodotie
653 3660 945 3729 b6rliartya
967 3702 979 3725 ‚
1019 3681 1051 3715 a
1076 3661 1529 3730 hartyazsinegen
1554 3667 1773 3731 fiiggbtt
1816 3661 2000 3730 pecset
2042 3662 2339 3724 elvcfzett3
2367 3679 2397 3713 n
2427 3664 2586 3713 budai

1065 3756 1165 3805 kir.
1196 3757 1440 3805 kamarai
1466 3752 1848 3821 leveltz'irban.)
