3319 5249
1319 407 1322 416 ·
1357 379 1486 454 385

297 575 381 646 lis
415 578 724 645 memorie
752 596 947 665 super
977 581 1493 665 possessionibus
1544 584 1681 653 suis
1713 584 2160 674 hereditarijs,
2223 585 2569 672 donatiuis,

299 685 643 771 acquisitis
691 694 756 755 et
798 707 1014 755 earum
1048 688 1436 758 vtilitatibus
1470 699 1858 781 emanatum,
1892 693 1960 761 in
1992 695 2429 764 comitatibus
2464 696 2558 764 vi·

293 793 528 862 delicet
563 793 929 882 Orodiensi,
965 796 1423 883 Ohanadicnsi,
1455 799 1890 884 Tymissiensi
1922 809 1985 868 et
2016 803 2417 890 Syrmiensi3
2450 824 2563 890 pe·

289 909 440 970 tens
490 923 534 970 a
563 901 750 970 nobis
781 922 925 970 cum
976 903 1326 991 instancia,
1356 913 1426 973 vt
1477 907 1692 993 ipsum
1740 909 2150 995 priuilegium
2203 918 2416 978 ratum
2449 911 2560 978 ha-

290 1012 465 1096 bere,
498 1018 564 1076 et
592 1017 813 1078 nostro
843 1011 1193 1098 priuilegio
1224 1012 1309 1080 de
1359 1015 1568 1099 Regia
1606 1017 2006 1101 benignitate
2039 1018 2443 1102 confirmare,
2479 1038 2559 1085 ac

288 1116 731 1205 possessiones
781 1119 850 1185 in
899 1118 1127 1187 eodem
1174 1120 1522 1210 priuilegio
1572 1122 1939 1192 nominatas
1981 1144 2099 1210 per
2131 1143 2550 1209 quoscunque

287 1226 580 1297 indebite
613 1234 980 1317 occupatas,
1027 1229 1132 1297 vel
1171 1227 1435 1298 habitas
1488 1252 1570 1297 cx
1600 1231 1878 1315 aliquali
1910 1231 2267 1300 collacione
2296 1233 2548 1320 Regali,

285 1357 368 1403 ex
401 1344 580 1404 certa
613 1334 898 1404 sciencia
947 1358 1276 1424 reuocare,
1330 1346 1394 1406 et
1447 1339 1788 1407 restituere
1838 1339 2048 1408 eidem
2098 1360 2177 1407 ac
2219 1340 2355 1407 suis
2386 1336 2548 1407 'suc-

285 1444 658 1513 cessoribus
690 1443 1126 1530 dignaremur.
1152 1447 1348 1514 Cuius
1383 1447 1643 1532 quidem
1678 1448 2005 1535 priuilegij
2034 1455 2218 1516 tenor
2237 1447 2391 1515 talis
2412 1455 2509 1515 est
2538 1475 2552 1514 ε

501 1554 665 1620 Bela
687 1553 766 1618 D.
799 1573 894 1638 gr.
922 1552 1253 1638 Hungarie
1284 1554 1405 1621 stb.
1436 1555 1575 1621 Rex
1606 1556 1729 1622 stb.
1764 1554 2194 1639 (kovetkezik
2225 1555 2336 1622 IV.
2372 1553 2536 1622 Bela

282 1661 649 1749 kiralynak
672 1661 950 1730 1247·ki
972 1661 1324 1748 okmanya,
1346 1663 1508 1729 mint
1540 1663 2103 1750 gyujtemenyunk
2132 1660 2272 1729 VII.
2305 1661 2541 1749 vagyis

282 1790 326 1838 a
353 1769 664 1838 masodik
693 1768 941 1857 folyam
975 1769 1058 1835 II.
1091 1769 1442 1839 koteteben
1478 1774 1630 1840 221.
1665 1771 1745 1855 1.)

498 1877 629 1946 Sed
666 1878 817 1961 quia
848 1878 1136 1964 sigillum
1170 1877 1501 1966 pi'iuilcgij
1539 1879 1700 1946 Bele
1732 1880 1928 1966 Regis
1963 1882 2152 1949 nobis
2189 1879 2544 1966 presentati

279 2007 395 2071 per
428 1985 744 2055 Comitem
779 1987 1094 2055 'rhomam
1128 1987 1331 2054 filium
1369 1990 1740 2075 Pangracij,
1776 1987 1952 2074 quod
1984 1989 2248 2079 petebat
2281 2008 2322 2054 a
2353 1990 2541 2056 nobis

279 2097 601 2163 instanter
632 2093 1020 2183 confirmari,
1061 2117 1103 2161 a
1135 2103 1321 2182 parte
1355 2094 1658 2181 inferiori,
1692 2096 1999 2164 videlicet
2031 2117 2073 2162 a
2105 2097 2335 2181 gennis
2370 2095 2542 2163 infra

278 2209 343 2268 et
394 2201 561 2269 nihil
615 2223 811 2288 supra
861 2224 1004 2270 cum
1060 2204 1269 2284 scrico
1320 2211 1593 2271 exeunte
1645 2203 1725 2271 de
1761 2204 1978 2289 sigillo
2013 2203 2137 2271 fnit
2168 2204 2444 2272 scissum
2479 2211 2543 2270 et

275 2311 536 2397 penitus
586 2319 942 2396 resectum;
994 2315 1090 2377 ita
1124 2310 1296 2394 quod
1328 2311 1492 2378 nihil
1527 2312 1618 2380 ibi
1652 2313 1979 2397 pendebat
2008 2316 2222 2398 preter
2254 2311 2538 2397 superio-

276 2439 411 2484 rem
433 2424 688 2503 partem
712 2418 935 2502 sigilli,
971 2426 1036 2486 et
1068 2419 1256 2501 quasi
1293 2418 1675 2504 apparebat,
1714 2419 1883 2502 quod
1916 2425 2056 2484 crat
2086 2419 2485 2486 combustum
2516 2442 2531 2502 3

270 2546 468 2613 super
486 2526 671 2593 cuius
693 2526 1183 2594 confirmacione
1207 2547 1338 2593 vna
1359 2547 1499 2593 cum
1519 2528 1730 2613 Regni
1764 2526 1973 2594 no'stri
2007 2526 2286 2594 Prelatis
2321 2535 2383 2594 et
2405 2527 2540 2594 Ba·

267 2636 539 2704 ronibus
571 2635 904 2704 nobiscum
937 2634 1396 2722 assidentibus,
1416 2632 1717 2702 videlicet
1739 2635 1929 2702 Petro
1952 2637 2276 2722 Episcopo
2296 2638 2531 2703 Trans-

272 2744 555 2828 siluano,
580 2744 784 2810 Paulo
805 2740 1505 2829 Quinqueecclesiensi,
1538 2743 1789 2810 Thomu
1814 2742 2165 2831 Waciensi,
2197 2743 2531 2810 Bartholo-

269 2874 418 2920 meo
469 2850 962 2937 Wesprimiensi
999 2856 1064 2918 et
1097 2850 1410 2935 Gregorio
1444 2850 1924 2934 Chanadieusi3
1961 2852 2292 2937 Stephano
2326 2851 2526 2917 Pala-

267 2962 413 3028 tino
445 2959 844 3046 filioJI'ekus,
886 2955 1171 3025 Mattheo
1203 2958 1516 3042 Magistro
1551 2957 2083 3045 Tauarnicorum,
2117 2959 2293 3045 Opor
2335 2960 2533 3044 Way·

269 3069 465 3155 noda,
499 3066 794 3135 Jobanne
827 3067 1007 3133 Bano
1040 3066 1170 3133 filio
1201 3066 1486 3151 Henrici,
1523 3072 1587 3133 et
1619 3067 1929 3150 Magistro
1963 3066 2151 3133 Petro
2185 3068 2358 3134 dicto
2388 3067 2532 3134 Bw-

269 3197 462 3266 rynu‚
487 3183 728 3244 attente
749 3174 831 3241 de
851 3174 1139 3241 falsitate
1161 3195 1242 3241 ex
1255 3185 1455 3242 causa
1466 3175 1801 3241 verisimili
1820 3174 2126 3241 ruminari
2139 3174 2529 3260 incipiendo,

269 3305 353 3352 ne
378 3284 620 3351 falsum
654 3283 721 3348 in
754 3281 1161 3366 dispendium
1193 3281 1459 3349 honoris
1495 3282 1694 3348 nostri
1731 3289 1795 3348 et
1828 3282 2043 3349 anime
2074 3281 2530 3348 detrimentum

269 3418 388 3482 pro
413 3415 566 3462 vero
589 3392 955 3480 recipiatur,
980 3397 1322 3476 querentes
1357 3390 1440 3456 ab
1476 3389 1718 3475 eodem,
1755 3390 1910 3473 quid
1944 3389 2161 3475 sigillo
2194 3387 2523 3477 priuilegij

267 3503 428 3572 Bele
463 3502 663 3587 Regis
696 3500 882 3567 nobis
915 3498 1274 3593 presentati
1328 3497 1711 3583 accidisset;
1745 3499 1889 3584 ipso
1925 3502 2137 3564 autem
2172 3503 2527 3579 asserente,

268 3610 444 3697 quod
496 3608 769 3675 Cumani
819 3628 1014 3694 super
1063 3606 1556 3674 domum'suam
1592 3607 1923 3674 venientes
1959 3608 2023 3674 in
2056 3604 2525 3693 Egyhazasker

270 3717 548 3790 eundem
571 3714 861 3784 occidere
894 3713 1270 3801 voluissent,
1307 3714 1550 3783 curiam
1584 3736 1767 3782 suam
1804 3736 1945 3782 cum
1981 3720 2120 3782 tota
2152 3712 2315 3781 villa
2358 3734 2522 3780 com-

265 3827 748 3908 bussissent,ac
765 3824 935 3891 alias
957 3821 1400 3910 possessiones
1423 3842 1579 3890 suas
1602 3821 1667 3887 in
1700 3824 1914 3890 vicino
1945 3824 2192 3908 positas
2225 3822 2523 3890 omnibus

265 3935 456 4003 bonis
506 3932 915 4020 spoliassent,
964 3931 1216 3999 scilicet
1264 3931 1499 4015 Pasan,
1553 3930 1803 4017 Chaka,
1837 3931 2000 3998 Zent
2031 3930 2273 4000 Miklos
2307 3937 2372 3997 et
2402 3929 2523 3995 Bo-

265 4030 563 4126 rumlak3
596 4049 662 4109 et
721 4060 863 4107 cum
896 4038 1051 4105 inde
1086 4038 1240 4123 suge
1273 4038 1557 4123 presidio
1592 4037 1656 4104 in
1689 4037 2016 4120 quandam
2051 4039 2527 4124 possessiouem

265 4171 454 4220 suam
494 4149 859 4216 Temerkeu
892 4154 1191 4215 vocatam
1224 4147 1627 4231 accessisset,
1658 4153 1723 4214 et
1754 4146 1821 4212 in
1853 4147 2201 4214 ecclesiam
2236 4145 2522 4213 eiusdem

264 4259 424 4328 ville
473 4258 729 4325 intrans
788 4257 1108 4343 plurimas
1159 4255 1411 4323 litteras
1462 4261 1527 4321 et
1576 4254 1925 4340 priuilegia
1976 4256 2043 4321 in
2093 4253 2522 4323 foraminibus

265 4366 623 4452 sanctuarij
648 4364 1125 4450 abscondisset,
1147 4363 1411 4431 tandem
1434 4363 1710 4430 Cumani
1748 4370 2209 4449 persequentes
2227 4363 2520 4450 eundem,

262 4474 599 4543 credcntes
650 4473 719 4540 in
769 4471 1049 4541 ecclesia
1101 4471 1508 4557 absconsum,
1564 4470 1923 4555 predictam
1957 4470 2297 4537 ecclesiam
2350 4492 2515 4538 com·

265 4583 646 4671 bussissent,
700 4581 951 4649 duobus
984 4578 1292 4647 fratribus
1327 4579 1462 4646 suis
1493 4579 1902 4663 patruelibus
1936 4585 2002 4648 et
2032 4578 2184 4665 alijs
2216 4579 2513 4664 pluribus

272 4690 662 4777 pauperibus
693 4692 828 4758 suis
870 4686 1339 4772 jobagionibus
1391 4684 1631 4753 ibidem
1684 4685 2108 4772 interemptis3
2165 4686 2303 4771 ipsc
2337 4686 2515 4754 solus

357 4826 556 4864 nom.
589 4826 754 4862 nuno.
787 4824 925 4861 ms'r.
964 4833 1040 4845 -
1077 4824 1296 4859 numos«.
1356 4816 1426 4859 ¹7.
2106 4797 2189 4863 25
