3319 5249
1363 237 1449 302 59

284 429 510 513 quiosa
541 429 772 496 merita
804 432 935 497 iam
991 431 1304 498 dictorum
1355 430 1665 497 nobilium
1719 429 1796 495 de
1832 430 2326 498 mansuetudine
2356 431 2534 497 beni-

286 541 554 624 gnitatis
603 541 808 625 Regie
881 540 1310 622 attendendo,
1366 541 1728 626 predictam
1781 547 2018 606 terram
2070 539 2346 625 Koachy
2395 557 2538 604 cum

287 647 669 714 utilitatibus
717 648 852 715 suis
900 649 1197 715 omuibus
1251 653 1316 712 et
1365 647 1783 733 pertinenciis
1837 650 2162 717 uniuersis
2201 646 2288 714 ad
2320 666 2536 715 exem-

288 755 428 840 plar
456 755 820 822 litterarum
856 756 1094 841 prefati
1126 756 1327 840 Regis
1377 756 1584 841 patris
1624 756 1827 823 nostri
1869 756 2290 824 collacionem
2323 754 2537 822 huius-

286 861 453 930 modi
486 865 1014 949 exprimencium,
1070 870 1132 929 et
1166 865 1375 930 eciam
1430 861 1518 928 ad
1549 865 1875 929 racionem
1927 884 2041 930 seu
2092 883 2538 948 recompensa-

287 972 530 1036 cionem
593 973 903 1056 pecunie,
976 991 1171 1054 quam
1234 970 1505 1061 predicti
1556 971 1938 1056 Reynoldus
1990 979 2053 1037 et
2106 972 2240 1038 Jak
2301 970 2538 1037 habere

286 1085 575 1161 poteraut
615 1081 709 1146 de
760 1077 1041 1162 quodam
1092 1080 1355 1163 captiuo
1408 1078 1597 1146 nobis
1654 1079 2027 1160 assignato,
2095 1099 2285 1162 quem
2337 1077 2535 1161 ijdem

285 1194 589 1269 ceperant
619 1187 740 1251 sub
773 1193 984 1253 castro
1019 1186 1264 1253 Detreh
1305 1187 1385 1251 de
1430 1186 1747 1253 militibus
1779 1186 1980 1269 Regis
2018 1188 2395 1253 Boemorum
2431 1205 2533 1251 ca-

288 1290 506 1375 pitalis
544 1292 750 1360 hostis
799 1295 1020 1377 nostri,
1070 1295 1155 1359 de
1188 1292 1633 1362 iurisdictione
1685 1292 1974 1360 eiusdem
2026 1294 2221 1361 castri
2261 1298 2325 1360 et
2362 1301 2537 1378 pote-

287 1405 448 1465 state
482 1403 745 1484 penitus
777 1402 1152 1486 eximentes,
1194 1402 1278 1466 de
1331 1405 1649 1469 Baronum
1700 1410 2064 1469 nostrorum
2101 1403 2372 1468 consilio
2404 1403 2535 1467 iam

283 1505 468 1572 dictis
520 1508 853 1576 nobilibus
905 1509 1226 1594 dedimus,
1278 1509 1664 1575 donauimus
1724 1515 1918 1592 atque
1965 1508 2349 1575 tradidimus
2398 1530 2536 1592 per·

282 1622 470 1699 petuo
507 1614 782 1698 pacifice
829 1615 1312 1702 possidendam,
1363 1618 1458 1681 ita
1492 1617 1663 1698 quod
1707 1637 1974 1702 presens
2005 1624 2226 1684 nostra
2258 1616 2536 1685 donacio

280 1743 391 1789 seu
422 1724 767 1790 concessio
817 1723 1052 1808 prioris
1101 1723 1483 1791 collacionis
1535 1723 1740 1808 patris
1796 1724 1998 1791 nostri
2043 1732 2417 1809 perpetuum
2450 1723 2537 1789 sit

282 1832 645 1912 munimen3
701 1843 768 1898 et
816 1832 1091 1898 eandem
1144 1852 1257 1916 per
1293 1830 1603 1898 Comitem
1657 1831 1863 1898 Belud
1895 1831 2097 1896 filium
2139 1831 2304 1899 Both
2336 1830 2533 1897 homi-

280 1959 420 2003 uem
451 1944 751 2005 nostrum
800 1940 920 2005 sub
971 1939 1337 2006 testimonio
1391 1939 1674 2022 Capituli
1710 1940 1919 2006 Castri
1953 1940 2173 2005 Ferrei
2216 1938 2394 2004 nullo
2424 1958 2532 2021 pe·

281 2046 448 2111 nitus
503 2045 984 2112 contradictore
1033 2053 1428 2131 apparente,
1494 2048 1844 2112 secundum
1898 2048 2071 2130 quod
2121 2049 2187 2112 in
2242 2044 2530 2114 eiusdem

284 2150 560 2237 Capituli
612 2153 847 2220 litteris
898 2154 1020 2219 hoc
1073 2155 1380 2220 contineri
1422 2152 1699 2220 uidimus
1724 2207 1740 2237 ,
1789 2155 1855 2219 iu
1890 2156 2084 2222 metis
2114 2154 2436 2240 prioribus
2472 2159 2535 2219 et

283 2261 564 2343 antiquis
616 2261 1031 2326 terminorum
1084 2259 1652 2343 distinccionibus,
1707 2261 1772 2326 in
1825 2245 2056 2344 quibus
2109 2282 2226 2346 per
2276 2259 2526 2343 priores

284 2366 686 2434 habitatores
738 2369 877 2434 siue
929 2369 1176 2434 incolas
1247 2368 1391 2435 eius*
1438 2368 1666 2436 eadem
1717 2377 1886 2434 terra
1939 2369 2161 2435 habita
2212 2367 2421 2433 fuerat
2472 2373 2535 2431 et

284 2494 602 2560 possessa,
656 2474 963 2557 predictis
1020 2475 1341 2544 nobilibus
1392 2476 1659 2542 fecimus
1698 2476 2062 2559 assignari3
2113 2473 2427 2558 volentes,
2465 2481 2534 2538 ut

283 2591 408 2648 tam
440 2583 591 2668 ipsi,
629 2603 820 2666 quam
853 2584 1134 2670 ipsorum
1187 2585 1457 2652 heredes
1492 2584 1931 2667 heredumque
1965 2604 2223 2651 suorum
2256 2582 2533 2666 inposte-

285 2712 415 2757 rum
487 2711 939 2775 successores,
989 2700 1411 2758 memoratam
1462 2699 1700 2757 terram
1763 2712 1904 2758 cum
1957 2692 2346 2758 utilitatibus
2396 2688 2531 2755 suis

283 2800 575 2865 omnibus
608 2806 672 2865 et
705 2798 1126 2884 pertinencijs
1175 2800 1501 2866 vniuersis
1554 2808 1862 2885 perpetuo
1898 2800 2163 2883 pacifice
2198 2797 2532 2883 possidere

285 2908 542 2971 valeant
593 2913 660 2971 et
710 2907 972 2975 habere.
1022 2911 1103 2974 Et
1151 2930 1232 2975 ne
1272 2929 1465 2992 super
1516 2907 1976 2973 distribucione
2027 2907 2166 2972 siue
2209 2904 2531 2970 diuisione

281 3012 479 3096 ipsius
534 3022 704 3079 terre
758 3021 1134 3100 prenotatos
1184 3016 1438 3080 nobiles
1489 3023 1806 3079 eteorum
1856 3020 2145 3097 posteros
2200 3013 2532 3093 contingat

280 3120 552 3186 forsitan
615 3123 683 3186 iu
746 3127 1075 3206 posterum
1140 3120 1553 3203 discordare,
1629 3120 2036 3205 presentibus
2100 3119 2528 3202 declaramus,

277 3228 444 3309 quod
493 3234 626 3292 tres
659 3236 879 3312 partes
912 3228 1117 3313 ipsius
1169 3235 1334 3291 terre
1384 3227 1517 3291 iam
1570 3225 1725 3292 dicti
1760 3226 2137 3311 Reynoldus
2172 3233 2236 3291 et
2267 3224 2417 3311 Jak,
2452 3247 2533 3291 ac

277 3335 517 3401 Kemen
565 3335 739 3401 filius
788 3335 1039 3400 Kemen
1088 3334 1306 3399 fratris
1353 3354 1593 3413 eorum,
1647 3340 1783 3400 tam
1827 3333 1895 3397 in
1944 3332 2230 3418 precium
2280 3334 2531 3418 captiui

277 3443 653 3528 supradicti,
687 3462 880 3525 quam
912 3441 980 3506 in
1024 3443 1694 3527 recompensacionem
1746 3441 2029 3508 fidelium
2071 3440 2528 3521 obsequiorum
2652 3464 2655 3467 ¹

277 3568 536 3614 suorum
570 3555 878 3629 tanquam
913 3551 1289 3635 empticiam
1321 3558 1556 3615 terram
1593 3570 1812 3616 eorum
1846 3555 1910 3613 et
1929 3546 2150 3614 multis
2186 3545 2531 3613 uirtutibus

277 3657 678 3739 acquisitam,
711 3654 1090 3740 possideant
1121 3657 1428 3743 pacifice;
1475 3664 1706 3745 quarta
1746 3661 1930 3739 parte
1963 3653 2138 3719 illius
2174 3653 2531 3738 prenotatis

279 3766 468 3849 Myke
502 3770 568 3828 et
599 3763 917 3849 Dyonisio
947 3771 1342 3831 remanente.
1392 3766 1477 3830 Vt
1509 3763 1707 3846 igitur
1752 3759 2118 3830 huiusmodi
2148 3762 2529 3828 collacionis

280 3872 471 3938 series
528 3872 726 3938 robur
776 3879 1088 3958 perpetue
1139 3872 1460 3938 firmitatis
1513 3872 1835 3951 obtineat,
1896 3876 2230 3955 presentes
2283 3869 2525 3937 eisdem

256 3979 709 4044 'concessimus
744 3979 999 4046 litteras
1043 3976 1365 4064 dupplicis
1405 3979 1610 4060 sigilli
1643 3978 1844 4044 nostri
1883 3976 2234 4043 munimine
2275 3974 2531 4040 robora-

279 4092 391 4150 tas.
437 4086 685 4150 Datum
718 4107 835 4170 per
855 4107 1085 4153 manus
1118 4087 1409 4170 Magistri
1432 4084 1770 4152 Benedicti
1792 4086 2031 4151 Sancte
2064 4083 2531 4166 strigoniensis

283 4191 571 4258 Ecclesie
605 4193 810 4259 Electi
831 4245 847 4275 ,
899 4193 1053 4259 aule
1085 4201 1298 4260 nostre
1333 4192 1913 4278 Uice-cancellarii
1959 4198 2023 4258 et
2053 4192 2374 4278 Prepositi
2411 4190 2531 4254 Bu-

281 4298 532 4383 deusis,
589 4296 807 4364 dilecti
850 4305 914 4364 et
973 4299 1187 4366 fidelis
1237 4300 1477 4385 nostri,
1542 4320 1714 4365 anno
1762 4298 2024 4364 Domini
2074 4297 2529 4365 M⁰CC⁰LXX⁰

281 4414 525 4489 quarto,
581 4405 793 4491 pridie
845 4406 1168 4475 kalendas
1204 4406 1406 4492 Junij‚
1459 4406 1830 4474 Indiccioue
1862 4404 2146 4474 secunda
2184 4406 2393 4490 Regni
2423 4425 2530 4472 au-

279 4519 401 4577 tem
455 4513 659 4580 nostri
710 4534 881 4579 anno
929 4516 1234 4581 secundo.
1302 4514 1800 4582 venerabilibus
1847 4515 2148 4603 patribus
2199 4514 2533 4601 Stephano
