3319 5249
1323 340 1455 424 409

289 555 479 641 ijdem
524 555 811 624 dicerent
857 555 947 621 ad
997 575 1069 624 se
1117 556 1481 642 pertinere3
1536 558 1930 640 protestatus
1980 551 2190 636 nobis,
2241 548 2409 634 quod
2447 550 2510 617 si‘

287 663 532 748 aliquas
562 670 769 732 terras
800 663 1119 732 hactenus
1175 662 1621 732 uendidissent
1651 662 1761 730 uel
1792 659 2359 748 impignorassent‚
2393 666 2508 726 aut

288 771 364 839 de
414 780 621 839 cetero
669 774 1023 841 uenderent
1069 793 1184 842 seu
1215 774 1723 859 impignorarent
1771 771 1912 859 ipso
1945 769 2286 856 ignorante
2318 776 2384 836 et
2417 769 2506 834 in·

285 880 585 966 requisito
614 879 1099 969 distr-exissent5
1130 881 1390 951 easdem
1442 888 1507 949 et
1535 882 1678 968 ipse
1709 881 1795 949 ad
1827 876 2162 948 emendum
2194 897 2309 945 seu
2345 878 2507 946 reci·

284 988 583 1077 piendum
632 1011 750 1077 pro
797 991 1089 1078 pignore,
1139 989 1196 1059 si
1245 1009 1409 1074 quas
1459 988 1655 1075 ijdem
1690 988 1932 1056 uellent
1963 986 2253 1055 alienare
2285 993 2513 1071 terras,

288 1107 618 1187 promptus
631 1106 805 1168 esset
821 1108 885 1166 et
895 1106 1179 1187 paratus,
1195 1098 1648 1166 nichilominus
1671 1099 1887 1166 alium.
1912 1096 2259 1167 Terrarum
2274 1101 2511 1180 empto·

286 1208 477 1293 ribus,
527 1214 593 1278 et
639 1202 1011 1294 specialiter
1062 1209 1308 1275 Thome
1364 1207 1497 1274 filio
1545 1208 1831 1275 Abraam
1850 1257 1870 1292 ‚
1922 1212 1987 1274 et
2029 1205 2327 1292 Nycolao
2377 1202 2510 1269 filio
2590 1295 2593 1298 q

286 1314 597 1402 MauriciJ,
630 1312 941 1384 adiiciens
974 1338 1198 1386 uocem
1232 1315 1787 1385 contradiccionis.
1821 1315 2060 1383 Datum
2092 1321 2163 1382 ut
2194 1332 2411 1399 supra.

284 1513 553 1585 (Eredetie
578 1514 923 1585 Βὸτὴόῐιγᾶη,
947 1535 984 1569 a.
1008 1515 1161 1570 hatul
1189 1519 1293 1570 oda
1316 1523 1558 1583 nyomott
1582 1514 1768 1584 pecset
1795 1516 2086 1581 elveszett;
2122 1529 2157 1564 a
2184 1529 2362 1566 nemes
2387 1509 2514 1564 Kel-

976 1609 1068 1675 lay
1092 1607 1386 1661 csalz'tdnak
1411 1604 1825 1674 leveltairfiban.)

1192 1896 1611 1908 ——--——--.

1334 2364 1485 2431 292.

288 2567 345 2634 A
375 2569 641 2635 vasvdri
669 2564 1109 2656 kdptalannak
1138 2567 1688 2656 bizonysciqlevele,
1720 2571 1886 2656 hoqy
1907 2568 2215 2634 Purbusei
2239 2565 2522 2631 Benedek

289 2679 575 2745 Purbuse
602 2679 993 2744 birtokdnak
1026 2701 1141 2766 eyy
1170 2681 1367 2745 reszdt
1415 2678 1626 2758 Sebee,
1664 2680 1920 2744 deidn
1952 2682 2013 2744 62
2050 2669 2299 2763 Mikdly
2331 2701 2520 2742 come-

1052 2787 1269 2852 selemia
1298 2787 1535 2852 eladta.
1571 2788 1762 2852 1284.

712 3003 772 3067 A
1149 3001 1202 3065 B
1436 3090 1442 3095 q
1596 3002 1647 3068 c
2038 3002 2099 3066 D

504 3183 642 3252 Nos
676 3183 1037 3270 Capitulum
1069 3184 1359 3252 Ecclesie
1389 3184 1613 3253 Sancti
1645 3183 1987 3251 Micnaelis
2017 3183 2099 3250 de
2128 3184 2359 3252 Castro
2381 3183 2526 3251 Fer-

292 3313 402 3362 reo
453 3301 677 3363 notum
727 3294 998 3363 facimus
1049 3302 1272 3362 tenore
1321 3296 1727 3382 presencium
1760 3292 2094 3378 vniuersis,
2125 3293 2298 3376 quod
2330 3292 2525 3360 Bene-

291 3400 496 3470 dictus
546 3402 720 3470 filius
771 3403 1060 3470 Turloud
1108 3424 1226 3489 pro
1277 3424 1350 3471 se
1400 3411 1465 3472 et
1496 3425 1612 3490 pro
1642 3401 2003 3472 Laurencio
2037 3420 2114 3469 ac
2143 3401 2523 3487 Bogomerio

292 3511 601 3602 fratribus·
644 3513 799 3597 suis,
849 3512 1153 3580 Timodin
1205 3514 1380 3581 filius
1431 3516 1688 3599 Tumpa
1734 3531 1852 3597 pro
1882 3530 1955 3578 se
1986 3508 2285 3577 similiter
2315 3517 2383 3577 et
2410 3528 2528 3597 pro

292 3623 657 3690 Markalius
716 3622 914 3689 fratre
961 3642 1078 3691 suo
1100 3674 1119 3708 ,
1172 3621 1501 3690 Gothardo
1549 3621 1686 3689 filio
1735 3619 1989 3705 Philpe‚
2040 3638 2121 3689 ac
2168 3618 2333 3685 Jurk
2385 3618 2522 3686 filio

294 3731 556 3816 Georgij
612 3729 1146 3815 generacionibus
1199 3730 1349 3814 suis,
1384 3732 1549 3798 Bela
1580 3730 1751 3798 filius
1782 3727 2113 3813 Farkasij‚
2148 3725 2521 3794 Herrandus

294 3839 461 3907 filius
511 3840 696 3907 Pauli
745 3859 866 3926 pro
915 3859 985 3907 se
1033 3846 1098 3907 et
1143 3861 1275 3927 pro¹
1308 3840 1517 3907 Paulo
1573 3839 1704 3907 filio
1755 3837 2096 3924 Nicholay,
2149 3836 2401 3903 nobiles
2445 3834 2528 3901 de

297 3947 585 4016 Purbuse
633 3968 846 4016 coram
896 3949 1087 4018 nobis
1134 3949 1482 4036 constituti,
1535 3950 1618 4016 de
1648 3953 1826 4015 terra
1854 3965 2072 4013 eorum
2106 3946 2394 4013 Purbuse
2423 3966 2529 4013 vo·

298 4065 444 4127 cata
491 4057 815 4143 quandam
866 4059 1255 4145 particulam
1309 4065 1497 4143 terre,
1529 4057 1835 4125 videlicet
1867 4056 2147 4139 quinque
2181 4054 2525 4138 funiculos,

299 4188 441 4235 cum
472 4168 758 4234 funiculo
789 4166 1156 4252 quindecim
1188 4166 1620 4252 amplexuum,
1670 4163 2119 4249 continentem,
2151 4162 2529 4229 existentem

288 4276 478 4361 juxta
528 4280 767 4343 terram
815 4275 1046 4344 Jacobi
1095 4274 1210 4361 filij
1266 4275 1529 4358 Georgij
1581 4274 1661 4341 de
1710 4270 1938 4340 eadem
1990 4270 2303 4354 Purbuse‚
2338 4277 2532 4355 prout

301 4386 526 4473 incipit
554 4385 674 4453 illa
702 4393 878 4453 terra
905 4405 948 4450 a
977 4385 1173 4452 fluuio
1202 4386 1521 4452 Izturmen
1552 4389 1618 4450 et
1644 4381 1855 4450 tendit
1883 4399 2084 4465 vsque
2113 4378 2338 4446 villam
2370 4377 2533 4445 Kul·

302 4493 431 4560 ked
458 4500 774 4578 vocatam,
805 4493 1236 4562 vendiderunt
1266 4494 1492 4579 Sebee,
1528 4489 1817 4560 Fabiano
1851 4497 1916 4558 et
1949 4486 2248 4557 Michaeli
2269 4486 2531 4553 Comiti-

305 4603 421 4671 bus
466 4624 583 4690 pro
632 4603 968 4671 duodecim
1018 4605 1271 4691 marcis,
1304 4604 1540 4689 partim
1571 4601 1640 4667 in
1673 4599 1961 4685 denarijs
1993 4599 2166 4685 latis,
2200 4599 2435 4683 partim
2465 4596 2533 4662 in

305 4714 714 4783 estimacione
761 4713 1102 4800 condigna,
1153 4711 1429 4799 receptis
1460 4730 1676 4780 coram
1708 4708 1914 4779 nobis.
1949 4706 2231 4787 Quorum
2263 4704 2519 4791 quidem
