<?xml version="1.0" encoding="UTF-8"?>
<!DOCTYPE html PUBLIC "-//W3C//DTD XHTML 1.0 Transitional//EN"
    "http://www.w3.org/TR/xhtml1/DTD/xhtml1-transitional.dtd">
<html xmlns="http://www.w3.org/1999/xhtml" xml:lang="en" lang="en">
 <head>
  <title>
</title>
<meta http-equiv="Content-Type" content="text/html;charset=utf-8" />
  <meta name='ocr-system' content='tesseract 3.04.00' />
  <meta name='ocr-capabilities' content='ocr_page ocr_carea ocr_par ocr_line ocrx_word'/>
</head>
<body>
  <div class='ocr_page' id='page_1' title='image "./rpdkorijokmnytr00wenzgoog_0191.png"; bbox 0 0 3319 5249; ppageno 0'>
   <div class='ocr_carea' id='block_1_1' title="bbox 1424 271 1549 337">
    <p class='ocr_par' dir='ltr' id='par_1_1' title="bbox 1424 271 1549 337">
     <span class='ocr_line' id='line_1_1' title="bbox 1424 271 1549 337; baseline 0.016 -2"><span class='ocrx_word' id='word_1_1' title='bbox 1424 271 1549 337; x_wconf 80' lang='lat'><strong>137</strong></span> 
     </span>
    </p>
   </div>
   <div class='ocr_carea' id='block_1_2' title="bbox 1315 361 1635 371">
    <p class='ocr_par' dir='ltr' id='par_1_2' title="bbox 1315 361 1635 371">
     <span class='ocr_line' id='line_1_2' title="bbox 1315 361 1635 371; baseline 0 0"><span class='ocrx_word' id='word_1_2' title='bbox 1315 361 1635 371; x_wconf 95' lang='lat' dir='ltr'><strong> </strong></span> 
     </span>
    </p>
   </div>
   <div class='ocr_carea' id='block_1_3' title="bbox 340 465 2611 2053">
    <p class='ocr_par' dir='ltr' id='par_1_3' title="bbox 340 465 2611 2053">
     <span class='ocr_line' id='line_1_3' title="bbox 341 465 2606 553; baseline -0 -19"><span class='ocrx_word' id='word_1_3' title='bbox 341 465 755 535; x_wconf 90' lang='lat' dir='ltr'><strong>occidentem</strong></span> <span class='ocrx_word' id='word_1_4' title='bbox 806 466 894 533; x_wconf 86' lang='lat' dir='ltr'><strong>ad</strong></span> <span class='ocrx_word' id='word_1_5' title='bbox 928 465 1094 533; x_wconf 87' lang='lat' dir='ltr'><strong>duas</strong></span> <span class='ocrx_word' id='word_1_6' title='bbox 1146 474 1352 534; x_wconf 86' lang='lat' dir='ltr'><strong>metas</strong></span> <span class='ocrx_word' id='word_1_7' title='bbox 1400 467 1470 532; x_wconf 92' lang='lat' dir='ltr'><strong>in</strong></span> <span class='ocrx_word' id='word_1_8' title='bbox 1520 472 1698 535; x_wconf 85' lang='lat' dir='ltr'><strong>terra</strong></span> <span class='ocrx_word' id='word_1_9' title='bbox 1734 466 1951 534; x_wconf 88' lang='lat' dir='ltr'><strong>Teluk</strong></span> <span class='ocrx_word' id='word_1_10' title='bbox 2000 468 2169 534; x_wconf 88' lang='lat' dir='ltr'><strong>inter</strong></span> <span class='ocrx_word' id='word_1_11' title='bbox 2217 487 2455 553; x_wconf 84' lang='lat' dir='ltr'><strong>paruas</strong></span> <span class='ocrx_word' id='word_1_12' title='bbox 2504 488 2606 534; x_wconf 88' lang='lat' dir='ltr'><strong>ar-</strong></span> 
     </span>
     <span class='ocr_line' id='line_1_4' title="bbox 340 574 2609 661; baseline -0 -19"><span class='ocrx_word' id='word_1_13' title='bbox 340 579 538 644; x_wconf 88' lang='lat' dir='ltr'><strong>bores</strong></span> <span class='ocrx_word' id='word_1_14' title='bbox 570 577 761 661; x_wconf 90' lang='lat' dir='ltr'><strong>pruni</strong></span> <span class='ocrx_word' id='word_1_15' title='bbox 796 583 1085 660; x_wconf 83' lang='lat' dir='ltr'><strong>erectas3</strong></span> <span class='ocrx_word' id='word_1_16' title='bbox 1132 582 1203 641; x_wconf 82' lang='lat' dir='ltr'><strong>et</strong></span> <span class='ocrx_word' id='word_1_17' title='bbox 1253 575 1336 641; x_wconf 93' lang='lat' dir='ltr'><strong>de</strong></span> <span class='ocrx_word' id='word_1_18' title='bbox 1367 574 1609 642; x_wconf 90' lang='lat' dir='ltr'><strong>eisdem</strong></span> <span class='ocrx_word' id='word_1_19' title='bbox 1645 574 1889 642; x_wconf 88' lang='lat' dir='ltr'><strong>directe</strong></span> <span class='ocrx_word' id='word_1_20' title='bbox 1927 578 2163 644; x_wconf 83' lang='lat' dir='ltr'><strong>transit</strong></span> <span class='ocrx_word' id='word_1_21' title='bbox 2202 577 2287 643; x_wconf 82' lang='lat' dir='ltr'><strong>ad</strong></span> <span class='ocrx_word' id='word_1_22' title='bbox 2321 575 2609 644; x_wconf 88' lang='lat' dir='ltr'><strong>occiden-</strong></span> 
     </span>
     <span class='ocr_line' id='line_1_5' title="bbox 341 684 2607 767; baseline -0 -17"><span class='ocrx_word' id='word_1_23' title='bbox 341 692 472 750; x_wconf 85' lang='lat' dir='ltr'><strong>tem</strong></span> <span class='ocrx_word' id='word_1_24' title='bbox 525 685 615 749; x_wconf 87' lang='lat' dir='ltr'><strong>ad</strong></span> <span class='ocrx_word' id='word_1_25' title='bbox 667 684 832 751; x_wconf 84' lang='lat' dir='ltr'><strong>duas</strong></span> <span class='ocrx_word' id='word_1_26' title='bbox 880 690 1128 767; x_wconf 83' lang='lat' dir='ltr'><strong>metas,</strong></span> <span class='ocrx_word' id='word_1_27' title='bbox 1179 704 1447 767; x_wconf 88' lang='lat' dir='ltr'><strong>quarum</strong></span> <span class='ocrx_word' id='word_1_28' title='bbox 1500 703 1631 750; x_wconf 89' lang='lat' dir='ltr'><strong>una</strong></span> <span class='ocrx_word' id='word_1_29' title='bbox 1652 691 1752 751; x_wconf 87' lang='lat' dir='ltr'><strong>est</strong></span> <span class='ocrx_word' id='word_1_30' title='bbox 1802 686 1920 752; x_wconf 92' lang='lat' dir='ltr'><strong>sub</strong></span> <span class='ocrx_word' id='word_1_31' title='bbox 1971 687 2205 752; x_wconf 85' lang='lat' dir='ltr'><strong>arbore</strong></span> <span class='ocrx_word' id='word_1_32' title='bbox 2245 684 2506 751; x_wconf 78' lang='lat' dir='ltr'><strong>cher-asi</strong></span> <span class='ocrx_word' id='word_1_33' title='bbox 2540 685 2607 749; x_wconf 90' lang='lat' dir='ltr'><strong>in</strong></span> 
     </span>
     <span class='ocr_line' id='line_1_6' title="bbox 343 789 2610 877; baseline -0 -19"><span class='ocrx_word' id='word_1_34' title='bbox 343 793 656 877; x_wconf 84' lang='lat' dir='ltr'><strong>uirgulto,</strong></span> <span class='ocrx_word' id='word_1_35' title='bbox 709 792 844 859; x_wconf 87' lang='lat' dir='ltr'><strong>alia</strong></span> <span class='ocrx_word' id='word_1_36' title='bbox 875 797 977 859; x_wconf 90' lang='lat' dir='ltr'><strong>est</strong></span> <span class='ocrx_word' id='word_1_37' title='bbox 1004 797 1253 877; x_wconf 84' lang='lat' dir='ltr'><strong>terrea3</strong></span> <span class='ocrx_word' id='word_1_38' title='bbox 1304 789 1543 859; x_wconf 79' lang='lat' dir='ltr'>abhinc</span> <span class='ocrx_word' id='word_1_39' title='bbox 1594 791 1841 860; x_wconf 79' lang='lat' dir='ltr'><strong>directe</strong></span> <span class='ocrx_word' id='word_1_40' title='bbox 1873 792 2087 859; x_wconf 88' lang='lat' dir='ltr'><strong>adhuc</strong></span> <span class='ocrx_word' id='word_1_41' title='bbox 2119 791 2299 862; x_wconf 86' lang='lat' dir='ltr'><strong>uadit</strong></span> <span class='ocrx_word' id='word_1_42' title='bbox 2332 794 2417 860; x_wconf 88' lang='lat' dir='ltr'><strong>ad</strong></span> <span class='ocrx_word' id='word_1_43' title='bbox 2450 792 2610 860; x_wconf 86' lang='lat' dir='ltr'><strong>occi-</strong></span> 
     </span>
     <span class='ocr_line' id='line_1_7' title="bbox 344 899 2609 969; baseline -0.001 -2"><span class='ocrx_word' id='word_1_44' title='bbox 344 900 612 967; x_wconf 81' lang='lat' dir='ltr'>dentem</span> <span class='ocrx_word' id='word_1_45' title='bbox 645 899 732 966; x_wconf 86' lang='lat' dir='ltr'><strong>ad</strong></span> <span class='ocrx_word' id='word_1_46' title='bbox 766 899 930 965; x_wconf 85' lang='lat' dir='ltr'><strong>duas</strong></span> <span class='ocrx_word' id='word_1_47' title='bbox 984 906 1191 966; x_wconf 85' lang='lat' dir='ltr'><strong>metas</strong></span> <span class='ocrx_word' id='word_1_48' title='bbox 1241 901 1360 966; x_wconf 89' lang='lat' dir='ltr'><strong>sub</strong></span> <span class='ocrx_word' id='word_1_49' title='bbox 1394 901 1570 967; x_wconf 87' lang='lat' dir='ltr'><strong>silua</strong></span> <span class='ocrx_word' id='word_1_50' title='bbox 1601 899 1758 965; x_wconf 90' lang='lat' dir='ltr'><strong>dicti</strong></span> <span class='ocrx_word' id='word_1_51' title='bbox 1791 902 1966 969; x_wconf 89' lang='lat' dir='ltr'><strong>Onth</strong></span> <span class='ocrx_word' id='word_1_52' title='bbox 1998 903 2337 968; x_wconf 89' lang='lat' dir='ltr'><strong>Zunurous</strong></span> <span class='ocrx_word' id='word_1_53' title='bbox 2367 907 2609 967; x_wconf 86' lang='lat' dir='ltr'><strong>uocata</strong></span> 
     </span>
     <span class='ocr_line' id='line_1_8' title="bbox 346 1008 2609 1092; baseline -0.002 -16"><span class='ocrx_word' id='word_1_54' title='bbox 346 1010 413 1076; x_wconf 93' lang='lat' dir='ltr'><strong>in</strong></span> <span class='ocrx_word' id='word_1_55' title='bbox 445 1016 627 1076; x_wconf 87' lang='lat' dir='ltr'><strong>terra</strong></span> <span class='ocrx_word' id='word_1_56' title='bbox 680 1015 951 1092; x_wconf 86' lang='lat' dir='ltr'><strong>erectas,</strong></span> <span class='ocrx_word' id='word_1_57' title='bbox 1000 1012 1065 1073; x_wconf 89' lang='lat' dir='ltr'><strong>et</strong></span> <span class='ocrx_word' id='word_1_58' title='bbox 1115 1008 1205 1073; x_wconf 93' lang='lat' dir='ltr'><strong>ibi</strong></span> <span class='ocrx_word' id='word_1_59' title='bbox 1241 1008 1643 1075; x_wconf 87' lang='lat' dir='ltr'><strong>terminatur.</strong></span> <span class='ocrx_word' id='word_1_60' title='bbox 1693 1011 1776 1074; x_wconf 89' lang='lat' dir='ltr'><strong>Et</strong></span> <span class='ocrx_word' id='word_1_61' title='bbox 1828 1009 1921 1075; x_wconf 92' lang='lat' dir='ltr'><strong>sic</strong></span> <span class='ocrx_word' id='word_1_62' title='bbox 1970 1010 2192 1076; x_wconf 83' lang='lat' dir='ltr'><strong>existit</strong></span> <span class='ocrx_word' id='word_1_63' title='bbox 2243 1016 2419 1075; x_wconf 87' lang='lat' dir='ltr'><strong>terra</strong></span> <span class='ocrx_word' id='word_1_64' title='bbox 2452 1008 2609 1075; x_wconf 86' lang='lat' dir='ltr'><strong>dicti</strong></span> 
     </span>
     <span class='ocr_line' id='line_1_9' title="bbox 346 1115 2607 1202; baseline 0 -20"><span class='ocrx_word' id='word_1_65' title='bbox 346 1115 522 1182; x_wconf 89' lang='lat' dir='ltr'><strong>Onth</strong></span> <span class='ocrx_word' id='word_1_66' title='bbox 574 1118 661 1183; x_wconf 87' lang='lat' dir='ltr'><strong>ab</strong></span> <span class='ocrx_word' id='word_1_67' title='bbox 715 1116 1052 1200; x_wconf 87' lang='lat' dir='ltr'><strong>aquilone,</strong></span> <span class='ocrx_word' id='word_1_68' title='bbox 1102 1122 1278 1182; x_wconf 87' lang='lat' dir='ltr'><strong>terra</strong></span> <span class='ocrx_word' id='word_1_69' title='bbox 1328 1136 1479 1184; x_wconf 89' lang='lat' dir='ltr'><strong>uero</strong></span> <span class='ocrx_word' id='word_1_70' title='bbox 1531 1116 1967 1202; x_wconf 90' lang='lat' dir='ltr'><strong>predictorum</strong></span> <span class='ocrx_word' id='word_1_71' title='bbox 2016 1116 2294 1184; x_wconf 90' lang='lat' dir='ltr'><strong>filiorum</strong></span> <span class='ocrx_word' id='word_1_72' title='bbox 2334 1117 2607 1183; x_wconf 88' lang='lat' dir='ltr'><strong>Comitis</strong></span> 
     </span>
     <span class='ocr_line' id='line_1_10' title="bbox 353 1223 2610 1310; baseline -0.001 -19"><span class='ocrx_word' id='word_1_73' title='bbox 353 1224 653 1309; x_wconf 86' lang='lat' dir='ltr'><strong>Chepani</strong></span> <span class='ocrx_word' id='word_1_74' title='bbox 683 1223 1016 1290; x_wconf 90' lang='lat' dir='ltr'><strong>ameridie</strong></span> <span class='ocrx_word' id='word_1_75' title='bbox 1036 1230 1426 1291; x_wconf 83' lang='lat' dir='ltr'><strong>remanente.</strong></span> <span class='ocrx_word' id='word_1_76' title='bbox 1474 1226 1556 1289; x_wconf 90' lang='lat' dir='ltr'><strong>Et</strong></span> <span class='ocrx_word' id='word_1_77' title='bbox 1588 1224 1759 1307; x_wconf 92' lang='lat' dir='ltr'><strong>quod</strong></span> <span class='ocrx_word' id='word_1_78' title='bbox 1811 1224 1980 1290; x_wconf 90' lang='lat' dir='ltr'><strong>inter</strong></span> <span class='ocrx_word' id='word_1_79' title='bbox 2017 1228 2234 1310; x_wconf 87' lang='lat' dir='ltr'><strong>partes</strong></span> <span class='ocrx_word' id='word_1_80' title='bbox 2285 1230 2350 1290; x_wconf 88' lang='lat' dir='ltr'><strong>et</strong></span> <span class='ocrx_word' id='word_1_81' title='bbox 2391 1242 2610 1291; x_wconf 89' lang='lat' dir='ltr'><strong>eorum</strong></span> 
     </span>
     <span class='ocr_line' id='line_1_11' title="bbox 346 1331 2611 1418; baseline 0.001 -21"><span class='ocrx_word' id='word_1_82' title='bbox 346 1334 513 1399; x_wconf 87' lang='lat' dir='ltr'><strong>inter</strong></span> <span class='ocrx_word' id='word_1_83' title='bbox 543 1332 820 1399; x_wconf 89' lang='lat' dir='ltr'><strong>heredes</strong></span> <span class='ocrx_word' id='word_1_84' title='bbox 869 1331 1108 1415; x_wconf 89' lang='lat' dir='ltr'><strong>aliquis</strong></span> <span class='ocrx_word' id='word_1_85' title='bbox 1166 1332 1506 1417; x_wconf 88' lang='lat' dir='ltr'><strong>scrupulus</strong></span> <span class='ocrx_word' id='word_1_86' title='bbox 1560 1333 1919 1414; x_wconf 83' lang='lat' dir='ltr'><strong>questionis</strong></span> <span class='ocrx_word' id='word_1_87' title='bbox 1970 1331 2036 1397; x_wconf 91' lang='lat' dir='ltr'><strong>in</strong></span> <span class='ocrx_word' id='word_1_88' title='bbox 2089 1334 2371 1400; x_wconf 89' lang='lat' dir='ltr'><strong>futurum</strong></span> <span class='ocrx_word' id='word_1_89' title='bbox 2413 1353 2611 1418; x_wconf 88' lang='lat' dir='ltr'><strong>super</strong></span> 
     </span>
     <span class='ocr_line' id='line_1_12' title="bbox 348 1439 2611 1527; baseline -0 -21"><span class='ocrx_word' id='word_1_90' title='bbox 348 1440 676 1508; x_wconf 90' lang='lat' dir='ltr'><strong>diuisione</strong></span> <span class='ocrx_word' id='word_1_91' title='bbox 726 1440 1016 1527; x_wconf 82' lang='lat' dir='ltr'><strong>predicte</strong></span> <span class='ocrx_word' id='word_1_92' title='bbox 1067 1447 1241 1508; x_wconf 86' lang='lat' dir='ltr'><strong>terre</strong></span> <span class='ocrx_word' id='word_1_93' title='bbox 1289 1461 1418 1507; x_wconf 93' lang='lat' dir='ltr'><strong>non</strong></span> <span class='ocrx_word' id='word_1_94' title='bbox 1469 1440 1678 1525; x_wconf 87' lang='lat' dir='ltr'><strong>possit</strong></span> <span class='ocrx_word' id='word_1_95' title='bbox 1726 1439 2084 1526; x_wconf 83' lang='lat' dir='ltr'><strong>susscitari,</strong></span> <span class='ocrx_word' id='word_1_96' title='bbox 2136 1449 2475 1526; x_wconf 87' lang='lat' dir='ltr'><strong>presentes</strong></span> <span class='ocrx_word' id='word_1_97' title='bbox 2524 1441 2611 1507; x_wconf 91' lang='lat' dir='ltr'><strong>ad</strong></span> 
     </span>
     <span class='ocr_line' id='line_1_13' title="bbox 347 1547 2602 1635; baseline 0 -19"><span class='ocrx_word' id='word_1_98' title='bbox 347 1549 736 1635; x_wconf 82' lang='lat' dir='ltr'><strong>peticionem</strong></span> <span class='ocrx_word' id='word_1_99' title='bbox 799 1548 1086 1635; x_wconf 84' lang='lat' dir='ltr'><strong>parcium</strong></span> <span class='ocrx_word' id='word_1_100' title='bbox 1135 1550 1203 1615; x_wconf 90' lang='lat' dir='ltr'><strong>in</strong></span> <span class='ocrx_word' id='word_1_101' title='bbox 1254 1547 1690 1616; x_wconf 88' lang='lat' dir='ltr'><strong>testimonium</strong></span> <span class='ocrx_word' id='word_1_102' title='bbox 1770 1549 2088 1634; x_wconf 87' lang='lat' dir='ltr'><strong>premisse</strong></span> <span class='ocrx_word' id='word_1_103' title='bbox 2156 1550 2250 1615; x_wconf 88' lang='lat' dir='ltr'><strong>rei</strong></span> <span class='ocrx_word' id='word_1_104' title='bbox 2304 1549 2602 1617; x_wconf 86' lang='lat' dir='ltr'><strong>dedimus</strong></span> 
     </span>
     <span class='ocr_line' id='line_1_14' title="bbox 348 1656 2605 1744; baseline 0.001 -21"><span class='ocrx_word' id='word_1_105' title='bbox 348 1658 638 1743; x_wconf 78' lang='lat' dir='ltr'><strong>utrisque</strong></span> <span class='ocrx_word' id='word_1_106' title='bbox 668 1657 963 1744; x_wconf 85' lang='lat' dir='ltr'><strong>partibus</strong></span> <span class='ocrx_word' id='word_1_107' title='bbox 995 1656 1498 1724; x_wconf 59' lang='lat' dir='ltr'><strong>litteras”nostro</strong></span> <span class='ocrx_word' id='word_1_108' title='bbox 1530 1657 1752 1741; x_wconf 86' lang='lat' dir='ltr'><strong>sigillo</strong></span> <span class='ocrx_word' id='word_1_109' title='bbox 1786 1656 2224 1734; x_wconf 88' lang='lat' dir='ltr'><strong>communitas,</strong></span> <span class='ocrx_word' id='word_1_110' title='bbox 2266 1677 2437 1724; x_wconf 89' lang='lat' dir='ltr'><strong>anno</strong></span> <span class='ocrx_word' id='word_1_111' title='bbox 2469 1660 2605 1725; x_wconf 92' lang='lat' dir='ltr'><strong>Do-</strong></span> 
     </span>
     <span class='ocr_line' id='line_1_15' title="bbox 350 1766 2610 1854; baseline 0 -22"><span class='ocrx_word' id='word_1_112' title='bbox 350 1766 507 1833; x_wconf 90' lang='lat' dir='ltr'><strong>mini</strong></span> <span class='ocrx_word' id='word_1_113' title='bbox 538 1766 768 1836; x_wconf 79' lang='lat' dir='ltr'>M⁰CC⁰</span> <span class='ocrx_word' id='word_1_114' title='bbox 800 1768 1282 1854; x_wconf 85' lang='lat' dir='ltr'><strong>septuagesimo</strong></span> <span class='ocrx_word' id='word_1_115' title='bbox 1314 1767 1554 1850; x_wconf 90' lang='lat' dir='ltr'><strong>quinto.</strong></span> <span class='ocrx_word' id='word_1_116' title='bbox 1604 1768 1918 1850; x_wconf 82' lang='lat' dir='ltr'><strong>Magistro</strong></span> <span class='ocrx_word' id='word_1_117' title='bbox 1950 1767 2286 1833; x_wconf 89' lang='lat' dir='ltr'><strong>Demetrio</strong></span> <span class='ocrx_word' id='word_1_118' title='bbox 2320 1767 2610 1833; x_wconf 84' lang='lat' dir='ltr'><strong>Ecclesie</strong></span> 
     </span>
     <span class='ocr_line' id='line_1_16' title="bbox 352 1873 2608 1963; baseline -0.001 -22"><span class='ocrx_word' id='word_1_119' title='bbox 352 1884 571 1944; x_wconf 90' lang='lat' dir='ltr'><strong>nostre</strong></span> <span class='ocrx_word' id='word_1_120' title='bbox 604 1875 965 1963; x_wconf 88' lang='lat' dir='ltr'><strong>Preposito,</strong></span> <span class='ocrx_word' id='word_1_121' title='bbox 1008 1876 1210 1962; x_wconf 84' lang='lat' dir='ltr'><strong>Myke</strong></span> <span class='ocrx_word' id='word_1_122' title='bbox 1244 1877 1538 1962; x_wconf 87' lang='lat' dir='ltr'><strong>Cantore,</strong></span> <span class='ocrx_word' id='word_1_123' title='bbox 1584 1874 1921 1942; x_wconf 87' lang='lat' dir='ltr'><strong>Felieiano</strong></span> <span class='ocrx_word' id='word_1_124' title='bbox 1955 1873 2256 1958; x_wconf 84' lang='lat' dir='ltr'><strong>Custode,</strong></span> <span class='ocrx_word' id='word_1_125' title='bbox 2304 1874 2453 1941; x_wconf 86' lang='lat' dir='ltr'><strong>Hah</strong></span> <span class='ocrx_word' id='word_1_126' title='bbox 2484 1876 2608 1940; x_wconf 92' lang='lat' dir='ltr'><strong>De-</strong></span> 
     </span>
     <span class='ocr_line' id='line_1_17' title="bbox 353 1983 1007 2053; baseline 0.003 -4"><span class='ocrx_word' id='word_1_127' title='bbox 353 2003 514 2050; x_wconf 87' lang='lat' dir='ltr'><strong>cano</strong></span> <span class='ocrx_word' id='word_1_128' title='bbox 548 1983 1007 2053; x_wconf 85' lang='lat' dir='ltr'><strong>existentibus.</strong></span> 
     </span>
    </p>
   </div>
   <div class='ocr_carea' id='block_1_4' title="bbox 361 2162 2611 2324">
    <p class='ocr_par' dir='ltr' id='par_1_4' title="bbox 361 2162 2611 2324">
     <span class='ocr_line' id='line_1_18' title="bbox 361 2162 2611 2234; baseline -0.003 -14"><span class='ocrx_word' id='word_1_129' title='bbox 361 2168 630 2234; x_wconf 72' lang='lat' dir='ltr'><strong>(Eredetie</strong></span> <span class='ocrx_word' id='word_1_130' title='bbox 658 2162 1014 2233; x_wconf 64' lang='lat' dir='ltr'><strong>bb&#39;rhz&#39;trtyzin,</strong></span> <span class='ocrx_word' id='word_1_131' title='bbox 1051 2182 1087 2217; x_wconf 80' lang='lat' dir='ltr'><strong>a</strong></span> <span class='ocrx_word' id='word_1_132' title='bbox 1112 2166 1283 2232; x_wconf 74' lang='lat' dir='ltr'><strong>siiggb’</strong></span> <span class='ocrx_word' id='word_1_133' title='bbox 1314 2165 1498 2233; x_wconf 67' lang='lat' dir='ltr'><strong>peeset</strong></span> <span class='ocrx_word' id='word_1_134' title='bbox 1536 2166 1822 2229; x_wconf 85' lang='lat' dir='ltr'><strong>elveszett,</strong></span> <span class='ocrx_word' id='word_1_135' title='bbox 1859 2182 1894 2217; x_wconf 81' lang='lat' dir='ltr'><strong>a</strong></span> <span class='ocrx_word' id='word_1_136' title='bbox 1929 2165 2094 2217; x_wconf 83' lang='lat' dir='ltr'><strong>budai</strong></span> <span class='ocrx_word' id='word_1_137' title='bbox 2133 2165 2237 2215; x_wconf 85' lang='lat' dir='ltr'><strong>kir.</strong></span> <span class='ocrx_word' id='word_1_138' title='bbox 2263 2164 2511 2216; x_wconf 82' lang='lat' dir='ltr'><strong>kamarai</strong></span> <span class='ocrx_word' id='word_1_139' title='bbox 2535 2164 2611 2214; x_wconf 90' lang='lat' dir='ltr'><strong>le—</strong></span> 
     </span>
     <span class='ocr_line' id='line_1_19' title="bbox 1322 2253 1655 2324; baseline 0.009 -17"><span class='ocrx_word' id='word_1_140' title='bbox 1322 2253 1655 2324; x_wconf 64' lang='lat' dir='ltr'><strong>voltarban.)</strong></span> 
     </span>
    </p>
   </div>
   <div class='ocr_carea' id='block_1_5' title="bbox 1425 2863 1534 2930">
    <p class='ocr_par' dir='ltr' id='par_1_5' title="bbox 1425 2863 1534 2930">
     <span class='ocr_line' id='line_1_20' title="bbox 1425 2863 1534 2930; baseline 0.018 -3"><span class='ocrx_word' id='word_1_141' title='bbox 1425 2863 1534 2930; x_wconf 76' lang='lat'><strong>91.</strong></span> 
     </span>
    </p>
   </div>
   <div class='ocr_carea' id='block_1_6' title="bbox 354 3061 2614 3346">
    <p class='ocr_par' dir='ltr' id='par_1_6' title="bbox 354 3061 2614 3346">
     <span class='ocr_line' id='line_1_21' title="bbox 354 3061 2614 3155; baseline -0.004 -22"><span class='ocrx_word' id='word_1_142' title='bbox 354 3068 412 3133; x_wconf 82' lang='lat' dir='ltr'><strong><em>A</em></strong></span> <span class='ocrx_word' id='word_1_143' title='bbox 436 3071 753 3155; x_wconf 73' lang='lat' dir='ltr'><strong>pozsonyi</strong></span> <span class='ocrx_word' id='word_1_144' title='bbox 803 3068 1244 3153; x_wconf 75' lang='lat' dir='ltr'><strong>kdptalannak</strong></span> <span class='ocrx_word' id='word_1_145' title='bbox 1294 3066 1840 3150; x_wconf 73' lang='lat' dir='ltr'><strong>bizonysdylevele,</strong></span> <span class='ocrx_word' id='word_1_146' title='bbox 1888 3068 2053 3149; x_wconf 69' lang='lat' dir='ltr'><strong>hoqy</strong></span> <span class='ocrx_word' id='word_1_147' title='bbox 2094 3061 2452 3130; x_wconf 65' lang='lat' dir='ltr'><strong>Csallo&#39;kbzz&#39;</strong></span> <span class='ocrx_word' id='word_1_148' title='bbox 2500 3062 2614 3124; x_wconf 78' lang='lat' dir='ltr'><strong>Ist-</strong></span> 
     </span>
     <span class='ocr_line' id='line_1_22' title="bbox 358 3169 2613 3259; baseline -0.003 -20"><span class='ocrx_word' id='word_1_149' title='bbox 358 3179 612 3241; x_wconf 74' lang='lat' dir='ltr'><strong>va&#39;nnak</strong></span> <span class='ocrx_word' id='word_1_150' title='bbox 644 3177 785 3257; x_wconf 77' lang='lat' dir='ltr'><strong>fiai</strong></span> <span class='ocrx_word' id='word_1_151' title='bbox 812 3176 1045 3259; x_wconf 70' lang='lat' dir='ltr'><strong>mayuk</strong></span> <span class='ocrx_word' id='word_1_152' title='bbox 1075 3176 1215 3238; x_wconf 64' lang='lat' dir='ltr'><strong>kozt</strong></span> <span class='ocrx_word' id='word_1_153' title='bbox 1246 3172 1421 3238; x_wconf 76' lang='lat' dir='ltr'><strong>Arus</strong></span> <span class='ocrx_word' id='word_1_154' title='bbox 1453 3181 1610 3236; x_wconf 70' lang='lat' dir='ltr'><strong>nevit</strong></span> <span class='ocrx_word' id='word_1_155' title='bbox 1643 3173 2160 3237; x_wconf 72' lang='lat' dir='ltr'><strong>b&#39;rb‘kbirtokwkat</strong></span> <span class='ocrx_word' id='word_1_156' title='bbox 2175 3169 2613 3256; x_wconf 75' lang='lat' dir='ltr'><strong>felosztottcik·</strong></span> 
     </span>
     <span class='ocr_line' id='line_1_23' title="bbox 1390 3283 1581 3346; baseline -0.01 -2"><span class='ocrx_word' id='word_1_157' title='bbox 1390 3283 1581 3346; x_wconf 81' lang='lat'><strong>1275.</strong></span> 
     </span>
    </p>
   </div>
   <div class='ocr_carea' id='block_1_7' title="bbox 352 3474 2704 4641">
    <p class='ocr_par' dir='ltr' id='par_1_7' title="bbox 352 3474 2704 4641">
     <span class='ocr_line' id='line_1_24' title="bbox 570 3474 2704 3564; baseline -0 -22"><span class='ocrx_word' id='word_1_158' title='bbox 570 3476 942 3564; x_wconf 82' lang='lat' dir='ltr'><strong>Capitulum</strong></span> <span class='ocrx_word' id='word_1_159' title='bbox 1004 3474 1295 3542; x_wconf 87' lang='lat' dir='ltr'><strong>Ecclesie</strong></span> <span class='ocrx_word' id='word_1_160' title='bbox 1364 3474 1780 3541; x_wconf 89' lang='lat' dir='ltr'><strong>Posoniensis</strong></span> <span class='ocrx_word' id='word_1_161' title='bbox 1861 3474 2303 3558; x_wconf 84' lang='lat' dir='ltr'><strong>significamus</strong></span> <span class='ocrx_word' id='word_1_162' title='bbox 2383 3476 2614 3557; x_wconf 91' lang='lat' dir='ltr'><strong>quibus</strong></span> <span class='ocrx_word' id='word_1_163' title='bbox 2701 3513 2704 3514; x_wconf 28' lang='grc' dir='ltr'><em>ν</em></span> 
     </span>
     <span class='ocr_line' id='line_1_25' title="bbox 354 3581 2611 3674; baseline -0.004 -19"><span class='ocrx_word' id='word_1_164' title='bbox 354 3586 623 3674; x_wconf 87' lang='lat' dir='ltr'><strong>expedit</strong></span> <span class='ocrx_word' id='word_1_165' title='bbox 652 3586 997 3670; x_wconf 80' lang='lat' dir='ltr'><strong>vniuersiS,</strong></span> <span class='ocrx_word' id='word_1_166' title='bbox 1052 3584 1225 3668; x_wconf 89' lang='lat' dir='ltr'><strong>quod</strong></span> <span class='ocrx_word' id='word_1_167' title='bbox 1276 3581 1591 3650; x_wconf 86' lang='lat' dir='ltr'><strong>accedens</strong></span> <span class='ocrx_word' id='word_1_168' title='bbox 1623 3582 1711 3648; x_wconf 86' lang='lat' dir='ltr'><strong>ad</strong></span> <span class='ocrx_word' id='word_1_169' title='bbox 1742 3591 2034 3651; x_wconf 87' lang='lat' dir='ltr'><strong>nostram</strong></span> <span class='ocrx_word' id='word_1_170' title='bbox 2066 3585 2468 3669; x_wconf 86' lang='lat' dir='ltr'><strong>presenciam</strong></span> <span class='ocrx_word' id='word_1_171' title='bbox 2504 3581 2611 3646; x_wconf 85' lang='lat' dir='ltr'><strong>Ja-</strong></span> 
     </span>
     <span class='ocr_line' id='line_1_26' title="bbox 354 3691 2617 3777; baseline -0.004 -15"><span class='ocrx_word' id='word_1_172' title='bbox 354 3699 557 3763; x_wconf 87' lang='lat' dir='ltr'><strong>cobus</strong></span> <span class='ocrx_word' id='word_1_173' title='bbox 595 3704 659 3762; x_wconf 87' lang='lat' dir='ltr'><strong>et</strong></span> <span class='ocrx_word' id='word_1_174' title='bbox 691 3693 1039 3760; x_wconf 83' lang='lat' dir='ltr'><strong>Ladislaus</strong></span> <span class='ocrx_word' id='word_1_175' title='bbox 1072 3691 1191 3774; x_wconf 91' lang='lat' dir='ltr'><strong>filij</strong></span> <span class='ocrx_word' id='word_1_176' title='bbox 1229 3692 1541 3776; x_wconf 84' lang='lat' dir='ltr'><strong>Stephani</strong></span> <span class='ocrx_word' id='word_1_177' title='bbox 1575 3691 1656 3756; x_wconf 88' lang='lat' dir='ltr'><strong>dc</strong></span> <span class='ocrx_word' id='word_1_178' title='bbox 1688 3691 2066 3777; x_wconf 79' lang='lat' dir='ltr'><strong>Challokuz,</strong></span> <span class='ocrx_word' id='word_1_179' title='bbox 2101 3696 2517 3758; x_wconf 85' lang='lat' dir='ltr'><strong>asseruerunt</strong></span> <span class='ocrx_word' id='word_1_180' title='bbox 2555 3697 2617 3754; x_wconf 89' lang='lat' dir='ltr'><strong>et</strong></span> 
     </span>
     <span class='ocr_line' id='line_1_27' title="bbox 354 3798 2611 3888; baseline -0.003 -18"><span class='ocrx_word' id='word_1_181' title='bbox 354 3805 679 3887; x_wconf 90' lang='lat' dir='ltr'><strong>dixerunt,</strong></span> <span class='ocrx_word' id='word_1_182' title='bbox 724 3801 897 3887; x_wconf 90' lang='lat' dir='ltr'><strong>quod</strong></span> <span class='ocrx_word' id='word_1_183' title='bbox 928 3800 1257 3882; x_wconf 89' lang='lat' dir='ltr'><strong>quandam</strong></span> <span class='ocrx_word' id='word_1_184' title='bbox 1288 3799 1509 3866; x_wconf 86' lang='lat' dir='ltr'><strong>villam</strong></span> <span class='ocrx_word' id='word_1_185' title='bbox 1547 3798 1833 3883; x_wconf 85' lang='lat' dir='ltr'><strong>ipsorum</strong></span> <span class='ocrx_word' id='word_1_186' title='bbox 1863 3799 2034 3864; x_wconf 89' lang='lat' dir='ltr'><strong>Arns</strong></span> <span class='ocrx_word' id='word_1_187' title='bbox 2067 3805 2386 3888; x_wconf 72' lang='lat' dir='ltr'><strong>uocatam,</strong></span> <span class='ocrx_word' id='word_1_188' title='bbox 2436 3798 2611 3863; x_wconf 82' lang='lat' dir='ltr'><strong>circa</strong></span> 
     </span>
     <span class='ocr_line' id='line_1_28' title="bbox 353 3903 2618 3991; baseline -0.002 -16"><span class='ocrx_word' id='word_1_189' title='bbox 353 3912 703 3979; x_wconf 81' lang='lat' dir='ltr'><strong>Homorow</strong></span> <span class='ocrx_word' id='word_1_190' title='bbox 735 3909 1139 3991; x_wconf 82' lang='lat' dir='ltr'><strong>existentem,</strong></span> <span class='ocrx_word' id='word_1_191' title='bbox 1175 3906 1591 3989; x_wconf 87' lang='lat' dir='ltr'><strong>diuisissent,</strong></span> <span class='ocrx_word' id='word_1_192' title='bbox 1640 3926 1723 3972; x_wconf 92' lang='lat' dir='ltr'><strong>ne</strong></span> <span class='ocrx_word' id='word_1_193' title='bbox 1758 3905 2003 3990; x_wconf 88' lang='lat' dir='ltr'><strong>pluries</strong></span> <span class='ocrx_word' id='word_1_194' title='bbox 2044 3906 2216 3970; x_wconf 81' lang='lat' dir='ltr'><strong>inter</strong></span> <span class='ocrx_word' id='word_1_195' title='bbox 2264 3903 2443 3989; x_wconf 87' lang='lat' dir='ltr'><strong>ipsos</strong></span> <span class='ocrx_word' id='word_1_196' title='bbox 2480 3903 2618 3971; x_wconf 87' lang='lat' dir='ltr'><strong>rixe</strong></span> 
     </span>
     <span class='ocr_line' id='line_1_29' title="bbox 353 4012 2612 4101; baseline -0.003 -16"><span class='ocrx_word' id='word_1_197' title='bbox 353 4024 703 4086; x_wconf 84' lang='lat' dir='ltr'><strong>emaneant</strong></span> <span class='ocrx_word' id='word_1_198' title='bbox 753 4014 959 4101; x_wconf 77' lang='lat' dir='ltr'><strong>(igy);</strong></span> <span class='ocrx_word' id='word_1_199' title='bbox 1019 4013 1136 4081; x_wconf 87' lang='lat' dir='ltr'><strong>tali</strong></span> <span class='ocrx_word' id='word_1_200' title='bbox 1188 4014 1395 4100; x_wconf 86' lang='lat' dir='ltr'><strong>mod0,</strong></span> <span class='ocrx_word' id='word_1_201' title='bbox 1450 4015 1626 4097; x_wconf 89' lang='lat' dir='ltr'><strong>quod</strong></span> <span class='ocrx_word' id='word_1_202' title='bbox 1679 4013 1762 4081; x_wconf 90' lang='lat' dir='ltr'><strong>de</strong></span> <span class='ocrx_word' id='word_1_203' title='bbox 1812 4013 1996 4079; x_wconf 87' lang='lat' dir='ltr'><strong>curia</strong></span> <span class='ocrx_word' id='word_1_204' title='bbox 2046 4012 2134 4077; x_wconf 89' lang='lat' dir='ltr'><strong>ad</strong></span> <span class='ocrx_word' id='word_1_205' title='bbox 2184 4013 2428 4078; x_wconf 88' lang='lat' dir='ltr'><strong>curiam</strong></span> <span class='ocrx_word' id='word_1_206' title='bbox 2479 4033 2612 4078; x_wconf 88' lang='lat' dir='ltr'><strong>me·</strong></span> 
     </span>
     <span class='ocr_line' id='line_1_30' title="bbox 354 4119 2613 4203; baseline -0.003 -13"><span class='ocrx_word' id='word_1_207' title='bbox 354 4127 567 4192; x_wconf 86' lang='lat' dir='ltr'><strong>dietas</strong></span> <span class='ocrx_word' id='word_1_208' title='bbox 617 4127 751 4191; x_wconf 86' lang='lat' dir='ltr'><strong>iam</strong></span> <span class='ocrx_word' id='word_1_209' title='bbox 802 4124 973 4190; x_wconf 89' lang='lat' dir='ltr'><strong>dicto</strong></span> <span class='ocrx_word' id='word_1_210' title='bbox 1005 4123 1165 4190; x_wconf 84' lang='lat' dir='ltr'><strong>ville</strong></span> <span class='ocrx_word' id='word_1_211' title='bbox 1216 4124 1414 4188; x_wconf 85' lang='lat' dir='ltr'><strong>cessit</strong></span> <span class='ocrx_word' id='word_1_212' title='bbox 1448 4123 1698 4189; x_wconf 86' lang='lat' dir='ltr'><strong>Jacobo</strong></span> <span class='ocrx_word' id='word_1_213' title='bbox 1749 4127 1820 4190; x_wconf 82' lang='lat' dir='ltr'><strong>et</strong></span> <span class='ocrx_word' id='word_1_214' title='bbox 1865 4122 2000 4187; x_wconf 89' lang='lat' dir='ltr'><strong>suis</strong></span> <span class='ocrx_word' id='word_1_215' title='bbox 2053 4119 2422 4203; x_wconf 83' lang='lat' dir='ltr'><strong>heredibuS,</strong></span> <span class='ocrx_word' id='word_1_216' title='bbox 2477 4119 2613 4185; x_wconf 86' lang='lat' dir='ltr'><strong>alia</strong></span> 
     </span>
     <span class='ocr_line' id='line_1_31' title="bbox 353 4227 2616 4319; baseline -0.005 -18"><span class='ocrx_word' id='word_1_217' title='bbox 353 4257 509 4302; x_wconf 79' lang='lat' dir='ltr'><strong>vero</strong></span> <span class='ocrx_word' id='word_1_218' title='bbox 562 4253 714 4319; x_wconf 88' lang='lat' dir='ltr'><strong>pars</strong></span> <span class='ocrx_word' id='word_1_219' title='bbox 767 4231 962 4299; x_wconf 85' lang='lat' dir='ltr'><strong>cessit</strong></span> <span class='ocrx_word' id='word_1_220' title='bbox 1009 4229 1319 4297; x_wconf 84' lang='lat' dir='ltr'><strong>Ladislao</strong></span> <span class='ocrx_word' id='word_1_221' title='bbox 1354 4250 1529 4295; x_wconf 91' lang='lat' dir='ltr'><strong>nunc</strong></span> <span class='ocrx_word' id='word_1_222' title='bbox 1573 4231 1771 4314; x_wconf 77' lang='lat' dir='ltr'><strong>dicto,</strong></span> <span class='ocrx_word' id='word_1_223' title='bbox 1824 4237 1888 4297; x_wconf 86' lang='lat' dir='ltr'><strong>et</strong></span> <span class='ocrx_word' id='word_1_224' title='bbox 1919 4248 2036 4316; x_wconf 87' lang='lat' dir='ltr'><strong>per</strong></span> <span class='ocrx_word' id='word_1_225' title='bbox 2067 4248 2212 4295; x_wconf 89' lang='lat' dir='ltr'><strong>eum</strong></span> <span class='ocrx_word' id='word_1_226' title='bbox 2263 4228 2400 4294; x_wconf 90' lang='lat' dir='ltr'><strong>suis</strong></span> <span class='ocrx_word' id='word_1_227' title='bbox 2432 4227 2616 4292; x_wconf 88' lang='lat' dir='ltr'><strong>here-</strong></span> 
     </span>
     <span class='ocr_line' id='line_1_32' title="bbox 352 4337 2616 4426; baseline -0.003 -18"><span class='ocrx_word' id='word_1_228' title='bbox 352 4343 568 4426; x_wconf 82' lang='lat' dir='ltr'><strong>dibus,</strong></span> <span class='ocrx_word' id='word_1_229' title='bbox 617 4340 1052 4425; x_wconf 88' lang='lat' dir='ltr'><strong>heredumque</strong></span> <span class='ocrx_word' id='word_1_230' title='bbox 1102 4360 1360 4407; x_wconf 89' lang='lat' dir='ltr'><strong>suorum</strong></span> <span class='ocrx_word' id='word_1_231' title='bbox 1396 4338 1900 4406; x_wconf 79' lang='lat' dir='ltr'><strong>successoribus.</strong></span> <span class='ocrx_word' id='word_1_232' title='bbox 1960 4337 2357 4423; x_wconf 85' lang='lat' dir='ltr'><strong>Obligarunt</strong></span> <span class='ocrx_word' id='word_1_233' title='bbox 2394 4344 2616 4404; x_wconf 84' lang='lat' dir='ltr'><strong>tamen</strong></span> 
     </span>
     <span class='ocr_line' id='line_1_33' title="bbox 352 4443 2610 4535; baseline -0.004 -17"><span class='ocrx_word' id='word_1_234' title='bbox 352 4472 423 4518; x_wconf 87' lang='lat' dir='ltr'><strong>se</strong></span> <span class='ocrx_word' id='word_1_235' title='bbox 456 4450 639 4535; x_wconf 88' lang='lat' dir='ltr'><strong>ipsos</strong></span> <span class='ocrx_word' id='word_1_236' title='bbox 669 4449 786 4515; x_wconf 86' lang='lat' dir='ltr'><strong>tali</strong></span> <span class='ocrx_word' id='word_1_237' title='bbox 819 4449 1030 4535; x_wconf 87' lang='lat' dir='ltr'><strong>mod0,</strong></span> <span class='ocrx_word' id='word_1_238' title='bbox 1062 4448 1236 4532; x_wconf 90' lang='lat' dir='ltr'><strong>quod</strong></span> <span class='ocrx_word' id='word_1_239' title='bbox 1267 4448 1784 4531; x_wconf 87' lang='lat' dir='ltr'><strong>quandocunque</strong></span> <span class='ocrx_word' id='word_1_240' title='bbox 1817 4448 2095 4514; x_wconf 86' lang='lat' dir='ltr'><strong>Jacobus</strong></span> <span class='ocrx_word' id='word_1_241' title='bbox 2129 4446 2231 4513; x_wconf 84' lang='lat' dir='ltr'><strong>vel</strong></span> <span class='ocrx_word' id='word_1_242' title='bbox 2263 4443 2610 4512; x_wconf 89' lang='lat' dir='ltr'><strong>Ladislaus</strong></span> 
     </span>
     <span class='ocr_line' id='line_1_34' title="bbox 357 4551 2615 4641; baseline -0.003 -19"><span class='ocrx_word' id='word_1_243' title='bbox 357 4564 470 4623; x_wconf 86' lang='lat' dir='ltr'><strong>aut</strong></span> <span class='ocrx_word' id='word_1_244' title='bbox 520 4556 811 4641; x_wconf 87' lang='lat' dir='ltr'><strong>ipsorum</strong></span> <span class='ocrx_word' id='word_1_245' title='bbox 862 4556 1133 4626; x_wconf 89' lang='lat' dir='ltr'><strong>heredes</strong></span> <span class='ocrx_word' id='word_1_246' title='bbox 1183 4556 1314 4622; x_wconf 88' lang='lat' dir='ltr'><strong>iam</strong></span> <span class='ocrx_word' id='word_1_247' title='bbox 1366 4554 1538 4622; x_wconf 86' lang='lat' dir='ltr'><strong>dicte</strong></span> <span class='ocrx_word' id='word_1_248' title='bbox 1589 4554 1898 4622; x_wconf 88' lang='lat' dir='ltr'><strong>diuisioni</strong></span> <span class='ocrx_word' id='word_1_249' title='bbox 1941 4553 2462 4621; x_wconf 86' lang='lat' dir='ltr'><strong>contradicerent</strong></span> <span class='ocrx_word' id='word_1_250' title='bbox 2508 4551 2615 4626; x_wconf 81' lang='lat' dir='ltr'><strong>vel</strong></span> 
     </span>
    </p>
   </div>
  </div>
 </body>
</html>
