3319 5249
1779 303 1908 370 154

711 501 905 583 aquis
937 507 1001 567 et
1036 496 1441 585 molendinis,
1489 499 1554 565 in
1587 498 1718 585 vijs
1752 505 1817 568 et
1848 499 2118 585 semitis,
2173 503 2237 564 et
2269 497 2567 565 omnibus
2600 497 2749 583 alijs
2782 499 2970 566 liber·

709 609 955 676 tatibus
987 616 1051 676 et
1084 607 1592 674 immunitatibus
1625 607 1783 674 suis.
1831 608 2004 674 Sane
2053 606 2386 673 noualium
2419 614 2796 693 uestrarum,
2849 628 2974 692 que

711 715 997 802 proprijs
1059 716 1423 803 sumptibus
1487 717 1745 803 colitis,
1811 717 1890 783 de
1942 716 2177 801 quibus
2209 715 2452 800 aliquis
2496 713 2809 785 hactenus
2844 740 2972 786 non

711 824 1018 913 percepit,
1068 824 1211 891 siue
1242 825 1322 893 de
1355 829 1713 892 uestrorum
1749 826 2130 893 animalium
2182 823 2592 892 nutrimentis
2618 877 2636 911 ,
2682 825 2899 892 nullus
2932 847 2974 891 a

715 933 902 1001 uobis
936 934 1228 1001 decimas
1277 934 1545 1017 exigere
1586 933 1695 1001 uel
1730 939 2116 1018 extorquere
2166 938 2518 1019 presumat.
2566 932 2787 999 Liceat
2820 952 2972 1015 quo-

713 1062 842 1124 que
873 1043 1061 1109 uobis
1091 1062 1408 1128 personas
1459 1042 1701 1109 liberas
1753 1048 1817 1108 et
1868 1042 2206 1109 absolutas
2258 1038 2339 1107 de
2387 1040 2610 1108 seculo
2650 1039 2974 1123 fugientes

714 1150 802 1217 ad
836 1150 1323 1220 conuersionem
1354 1151 1666 1236 recipere,
1700 1157 1765 1218 et
1799 1170 1909 1217 eas
1955 1153 2202 1233 absque
2224 1147 2732 1217 contradictione
2753 1148 2975 1233 aliqua

712 1257 1012 1324 retinere.
1062 1257 1492 1326 Prohibemus
1542 1257 1847 1344 insuper,
1919 1262 1990 1323 ut
2046 1255 2214 1324 nulli
2264 1274 2555 1323 sororum
2612 1265 2972 1325 uestrarum

710 1373 861 1451 post
891 1366 1132 1432 factam
1184 1366 1250 1431 in
1301 1366 1699 1435 Monasterio
1749 1373 1966 1433 uestro
2016 1365 2486 1451 professionem
2538 1364 2639 1434 fas
2672 1366 2778 1451 sit,
2831 1368 2974 1433 sine

713 1475 1042 1543 Priorisse
1074 1496 1191 1542 sue
1222 1475 1504 1561 licentia,
1536 1474 1663 1542 nisi
1697 1474 1962 1541 artioris
1982 1472 2316 1559 religionis
2336 1474 2604 1540 obtentu
2641 1473 2722 1541 de
2745 1474 2974 1541 eodem

714 1584 853 1651 loeo
886 1581 1257 1667 discedere;
1306 1582 1749 1651 discedentem
1800 1602 1950 1650 uero
1990 1584 2237 1667 absque
2257 1581 2692 1649 communium
2723 1582 2967 1649 littera·

714 1712 854 1760 rum
885 1698 1248 1760 uestrarum
1282 1692 1586 1758 cautione
1638 1692 1861 1759 nullus
1911 1690 2152 1758 audeat
2201 1692 2510 1777 recipere.
2557 1692 2719 1758 Cum
2758 1698 2975 1759 autem

715 1801 1023 1884 generale
1052 1799 1469 1867 interdictum
1502 1805 1675 1868 terre
1709 1799 1923 1886 suerit,
1970 1800 2168 1866 liceat
2219 1798 2406 1865 uobis
2458 1800 2704 1866 clausis
2737 1799 2973 1886 ianuiS‚

716 1908 999 1977 exclusis
1042 1910 1614 1976 excommunicatis
1658 1916 1724 1974 et
1754 1908 2135 1995 interdictis,
2187 1926 2316 1982 non
2369 1907 2652 1992 pulsatis
2706 1928 2968 1994 campa-

712 2017 833 2098 nis,
880 2037 1230 2102 suppressa
1260 2036 1420 2083 uoce
1459 2016 1705 2083 Diuina
1756 2014 1971 2084 officia
2021 2016 2395 2100 celebrare;
2445 2014 2793 2083 dummodo
2824 2036 2974 2083 cau·

716 2144 856 2191 sam
909 2145 1037 2190 non
1078 2123 1389 2191 dederitis
1438 2123 1805 2192 interdicte.
1855 2123 2107 2192 Orisma
2158 2145 2335 2211 uero,
2389 2125 2601 2191 oleum
2653 2132 2976 2209 sanctum,

716 2232 1234 2301 consecrationes
1266 2233 1570 2299 altarium
1600 2254 1717 2300 seu
1750 2231 2193 2317 basilicarum,
2234 2239 2299 2300 et
2331 2230 2815 2301 benedictiones
2848 2254 2973 2299 mo·

714 2341 998 2408 nealium
1029 2361 1072 2407 a
1108 2340 1454 2408 diocesano
1488 2341 1864 2428 suscipiatis
1898 2342 2247 2428 EpiscopO,
2298 2341 2354 2407 si
2388 2341 2650 2425 quidem
2691 2342 2974 2409 Catholi-

717 2469 832 2516 cus
854 2449 1063 2533 suerit,
1090 2457 1155 2516 et
1173 2449 1450 2536 gratiam
1473 2457 1538 2517 et
1556 2451 2203 2517 communicationem
2224 2449 2652 2518 Sacrosancte
2677 2452 2972 2518 Romane

717 2556 906 2626 Sedis
939 2558 1259 2650 habuerit,
1297 2568 1362 2628 et
1393 2580 1472 2629 ea
1503 2560 1689 2627 uobis
1722 2561 2002 2629 uoluerit
2052 2559 2190 2628 sine
2241 2561 2566 2646 prauitate
2599 2562 2826 2646 aliqua
2860 2583 2972 2629 ex-

715 2665 957 2735 hibere.
1001 2669 1424 2736 Prohibemus
1458 2669 1761 2755 insuper,
1814 2676 1884 2735 ut
1934 2670 2103 2736 intra
2156 2671 2315 2736 fines
2355 2671 2694 2755 parrochie
2730 2680 2972 2756 uestro,

717 2776 776 2842 si
832 2795 974 2842 eam
1008 2776 1283 2862 habetis,
1338 2775 1553 2843 nullus
1615 2777 1758 2845 sine
1808 2795 2082 2843 assensu
2145 2778 2501 2844 Diocesani
2558 2777 2865 2866 Episcopi
2913 2786 2979 2848 et

714 2890 936 2951 uestro
967 2886 1293 2970 capellam
1347 2905 1461 2952 seu
1513 2884 1866 2951 oratorium
1921 2885 2004 2952 de
2053 2905 2223 2952 nouo
2274 2891 2655 2952 construere
2691 2886 2974 2971 audeat3

716 2991 921 3059 saluis
974 2993 1344 3078 priuilegijs
1395 2993 1775 3059 Pontificum
1823 2994 2276 3060 Romanorum.
2325 2993 2429 3058 Ad
2485 2993 2606 3059 hec
2654 3014 2860 3062 nouas
2912 3000 2978 3061 et

716 3099 1044 3167 indebitas
1081 3102 1458 3169 exactiones
1510 3101 1596 3168 ab
1651 3102 2174 3187 Archiepiscopis
2215 3109 2282 3168 et
2316 3100 2695 3188 Episcopis,
2746 3102 2974 3170 Archi·

718 3207 1019 3276 diaconis
1050 3231 1165 3277 seu
1197 3211 1502 3296 Decanis,
1554 3209 1839 3293 aliisque
1871 3210 2170 3278 omnibus
2222 3210 2690 3278 ecclesiasticis
2730 3210 2978 3278 secula-

716 3314 1023 3400 ribusque
1055 3318 1352 3404 personis
1401 3340 1443 3386 a
1493 3319 1679 3386 uobis
1714 3321 1974 3387 omnino
2013 3319 2153 3386 fieri
2203 3318 2634 3404 prohibemus.
2681 3319 2977 3404 Sepultu-

718 3443 856 3489 ram
891 3444 1147 3511 quoque
1175 3426 1381 3512 ipsius
1430 3427 1554 3494 loci
1605 3427 1880 3495 liberam
1938 3448 2083 3495 esse
2136 3427 2568 3512 decernimuS,
2626 3436 2697 3493 ut
2748 3447 2969 3493 eorum
3045 3461 3056 3473 ·

718 3530 1048 3599 deuotioni
1100 3540 1165 3602 et
1216 3541 1500 3603 extreme
1531 3536 1877 3615 uoluntati,
1934 3534 2045 3620 qui
2078 3555 2149 3602 se
2180 3534 2322 3601 illic
2355 3534 2615 3622 sepeliri
2650 3533 2973 3602 delibera·

716 3638 947 3722 uerint,
1015 3640 1140 3708 nisi
1205 3640 1368 3709 forte
1417 3639 1959 3708 exeommunicati
2008 3641 2114 3708 uel
2164 3640 2495 3708 interdicti
2552 3641 2811 3725 fuerint,
2863 3647 2978 3707 aut

716 3749 920 3814 eciam
954 3748 1212 3835 publice
1243 3749 1547 3836 usurarij,
1593 3748 1817 3816 nullus
1850 3748 2163 3834 obsistat;
2222 3748 2412 3817 salua
2460 3756 2677 3815 tamen
2728 3749 2980 3817 iustitia

715 3857 979 3924 illarum
1013 3857 1450 3944 ecclesiarum,
1502 3879 1544 3925 a
1585 3859 1819 3942 quibus
1871 3866 2267 3940 mortuorum
2316 3876 2589 3942 corpora
2637 3876 2975 3924 assumun-

652 4005 656 4010 ·
714 3973 838 4033 tur.
885 3967 1195 4035 Decimas
1258 3972 1558 4052 preterea
1619 3975 1685 4034 et
1743 3967 2193 4054 possessiones
2244 3965 2331 4031 ad
2383 3967 2486 4033 ius
2539 3965 2976 4032 Ecclesiarum

720 4080 1076 4139 uestrarum
1125 4080 1540 4161 spectantes,
1594 4095 1722 4158 que
1753 4094 1795 4140 a
1827 4073 2019 4140 laicis
2084 4073 2476 4157 detinentur,
2520 4071 2882 4141 redimendi
2915 4078 2981 4140 et

668 4209 673 4214 ·
716 4179 1003 4261 legitime
1033 4178 1356 4248 liberandi
1420 4181 1501 4247 de
1565 4182 1864 4248 manibus
1926 4200 2168 4264 eorum,
2230 4188 2295 4247 et
2346 4180 2432 4246 ad
2480 4179 2833 4265 Ecclesias‚
2883 4180 2972 4246 ad

720 4305 881 4368 quas
912 4285 1257 4372 pertinent,
1307 4287 1682 4375 reuocandi,
1732 4287 1940 4354 libera
1988 4288 2074 4355 sit
2114 4288 2299 4355 uobis
2331 4284 2426 4373 jue
2458 4291 2679 4355 nostra
2711 4286 2980 4353 auctori-

719 4401 854 4462 tate
886 4393 1184 4461 facultas.
1239 4393 1536 4463 Obeunte
1568 4415 1724 4461 uero
1777 4401 2046 4463 tenunc
2107 4394 2395 4463 eiusdem
2459 4395 2585 4463 loci
2636 4394 2981 4480 Priorissa,

716 4501 822 4567 uel
857 4521 1078 4568 carum
1110 4501 1362 4588 aliqua,
1412 4523 1537 4587 que
1572 4503 1694 4570 tibi
1727 4504 2131 4587 successerit,
2168 4505 2356 4572 nulla
2386 4504 2479 4570 ibi
2513 4501 2807 4586 qualibet
2838 4503 2983 4568 sub·

716 4606 1026 4693 reptionis
1057 4609 1300 4676 astutia
1330 4627 1446 4677 seu
1494 4609 1812 4677 uiolentia
1843 4617 2277 4697 preponatur3
2328 4609 2457 4677 nisi
2496 4629 2692 4694 quam
2730 4628 2983 4676 sorores
