3319 5249
1435 200 1592 263 ,571

1372 290 1687 298 ———-———----—

1456 822 1610 887 425.

400 1020 443 1081 I
454 1014 519 1080 V.
558 1019 785 1081 Ldszlo'
824 1018 1040 1102 kira'ly
1082 1020 1259 1083 Trou,
1291 1022 1617 1086 va'rosnak
1651 1045 1692 1081 a.
1724 1021 1915 1085 hozza'
1965 1023 2303 1084 mansit-ott
2357 1020 2649 1103 hiise'ye'rt

399 1126 734 1191 kbszbnete't
796 1127 1190 1212 kijelentve'u,
1254 1129 1567 1214 biziosae'tjja
1607 1130 1830 1213 joyait
1891 1130 1953 1190 c's
2012 1128 2487 1211 szabadsa'yait.
2555 1104 2652 1190 bffv

1412 1238 1651 1300 ozdlkizl.

611 1425 963 1493 Ladizlaus
995 1427 1116 1494 Dei
1151 1429 1375 1509 gracia
1426 1432 1568 1495 Rex
1599 1428 1934 1511 Hungarie
1983 1426 2284 1494 fidelibus
2337 1430 2474 1494 suis
2522 1430 2646 1495 Po-

397 1535 616 1601 testati
652 1540 717 1598 et
748 1534 1079 1601 Communi
1113 1537 1192 1601 de
1226 1537 1551 1618 Tragurio
1601 1535 1872 1602 salutem
1909 1541 1971 1601 et
2022 1537 2329 1618 graciam.
2385 1537 2638 1619 Signifi-

396 1641 592 1708 castis
625 1642 808 1706 nobis
840 1661 956 1723 per
988 1642 1240 1708 litteras
1274 1648 1531 1708 vestras
1564 1650 1629 1707 et
1664 1642 1962 1707 Cosmam
1995 1642 2299 1708 nuncium
2335 1650 2643 1727 vestrum,

402 1748 570 1831 quod
605 1748 893 1814 debitam
925 1748 1305 1815 fidelitatem
1338 1749 1525 1815 nobis
1557 1750 1844 1833 perfecte
1877 1749 2248 1833 seruaretis²
2300 1754 2363 1815 et
2394 1750 2633 1834 persis-

401 1858 551 1922 tetis
583 1861 889 1941 perpetuo
919 1855 984 1920 in
1020 1856 1268 1923 eadem.
1304 1857 1511 1941 Super
1561 1876 1687 1939 quo
1738 1858 1920 1922 vobis
1983 1863 2046 1923 et
2105 1857 2340 1923 vestris
2404 1857 2637 1922 multas

399 1962 734 2031 referimus
762 1964 1053 2048 gracias;
1090 1971 1547 2031 assecurantes
1580 1970 1643 2029 et
1696 1962 2042 2029 affidantes
2094 1962 2480 2029 fidelitatem
2533 1983 2641 2029 ve·

395 2079 594 2137 stram
627 2090 745 2155 per
777 2077 1130 2157 presente-S,
1165 2072 1339 2154 quod
1371 2091 1486 2138 vos
1519 2071 1584 2134 in
1620 2071 1852 2136 uestris
1903 2070 2319 2135 libertatibus
2371 2077 2436 2135 et
2489 2069 2644 2134 iuri·

395 2182 533 2260 bus,
570 2199 695 2261 que
727 2200 768 2244 a
818 2180 1059 2246 sanctis
1112 2180 1628 2265 progenitoribus
1678 2179 1915 2245 nostris
1967 2178 2289 2257 tenuistis,
2341 2179 2644 2245 volumus

397 2307 512 2372 per
542 2286 762 2353 omnia
797 2288 1165 2354 obseruare.
1201 2288 1442 2353 Datum
1480 2288 1545 2352 in
1580 2287 1798 2354 insula
1848 2286 2045 2353 Sanct
2083 2320 2627 2335 —————

400 2393 486 2459 ΙΙ.
536 2392 703 2458 feria
735 2400 882 2477 post
913 2399 1178 2460 octauas
1213 2393 1433 2459 Sancti
1466 2394 1758 2458 Martini.

904 2606 1149 2675 (Lucius,
1179 2610 1434 2661 Memorio
1462 2611 1698 2661 storichc
1719 2609 1774 2661 di
1796 2610 1960 2661 Trau.
1983 2609 2067 2659 91.
2089 2602 2149 2667 l.)

1416 3482 1421 3487 .
1444 3430 1596 3497 426.

396 3632 684 3695 Erzse'bet
717 3630 930 3715 wahl)
963 3631 1398 3717 kircilyndnak
1432 3636 1663 3701 Ivancs
1696 3637 1864 3697 nevit
1881 3628 2104 3716 fb'ldet
2136 3629 2449 3712 triv-,wazd
2480 3629 2633 3692 ado-

394 3744 637 3825 ma'nya
706 3713 1005 3803 Tivadlzr
1064 3740 1604 3824 szdkesfchdrvdri
1663 3739 2108 3826 naqypraeffpost
2156 3739 2481 3800 szcima'ra.
2543 3711 2641 3797 Ιῗυ

1404 3847 1646 3914 πέΖῙσίὶΖ.

609 4059 746 4125 Nos
778 4058 852 4123 E.
886 4057 1007 4124 Dei
1043 4058 1266 4141 gracia
1298 4060 1553 4142 Regina
1586 4057 1924 4140 Hungarie
1972 4055 2281 4123 memorie
2331 4074 2646 4121 commen-

400 4164 629 4233 damus
660 4165 1103 4248 significantes
1134 4167 1475 4251 vniuersis‚
1541 4165 1712 4250 quod
1773 4163 2086 4249 inspectis
2115 4160 2538 4227 fidelitatibus
2588 4165 2652 4225 et

400 4270 818 4339 seruiciorum
853 4273 1098 4339 meritis
1130 4273 1431 4356 Magistri
1463 4271 1789 4340 Theodori
1822 4268 2027 4336 Electi
2081 4267 2370 4335 Ecclesie
2416 4266 2648 4335 Alben-

398 4379 489 4447 sis
520 4379 672 4444 aule
704 4378 990 4447 Illustris
1034 4377 1230 4461 Regis
1281 4378 1635 4463 Hungurie,
1693 4376 2022 4444 karissimi
2072 4370 2386 4442 consortis
2446 4371 2650 4439 nostri

398 4485 558 4552 Vice
591 4483 959 4555 Cancellari
957 4488 987 4571 j
1023 4486 1209 4554 nobis
1243 4505 1385 4552 cum
1441 4505 1739 4571 sumpma
1789 4482 2103 4551 fidelitate
2151 4480 2480 4566 impensis,
2532 4500 2649 4549 nos
