3319 5249
1270 321 1388 393 .43

1193 411 1327 420 -——·-
1370 413 1429 419 μ..
1446 413 1508 422 --

228 515 370 585 riori
422 522 605 603 parte
657 517 865 603 ipsius
916 516 1107 584 vinee
1178 524 1652 603 percurrentem
1677 567 1696 602 ,
1772 517 1880 585 ubi
1934 525 2081 584 snut
2131 516 2258 583 dne
2307 521 2478 583 mete

225 634 441 709 terree,
486 631 552 692 et
582 624 675 691 ibi
727 625 1140 693 continuatur
1194 630 1366 692 terre
1417 624 1813 694 hereditarie
1844 626 2060 692 Varou
2111 623 2474 710 prenotati;

225 733 453 801 abinde
500 732 569 799 in
621 732 854 800 eadem
905 736 1017 800 uia
1065 732 1344 800 uertitur
1392 732 1479 800 ad
1519 731 1896 818 meridiem,
1948 737 2012 799 et
2045 733 2259 799 eundo
2311 729 2475 799 satis

225 863 331 927 per
358 843 640 929 amplum
675 860 880 925 usque
930 838 1015 906 ad
1047 838 1220 906 uiam
1261 845 1617 929 aqayueuth
1659 847 1958 907 uocatam
2010 837 2352 907 descendit
2399 840 2466 906 in

224 950 470 1035 uallem,
526 947 638 1015 ubi
690 957 791 1016 est
840 953 1048 1033 meta3
1100 947 1338 1015 deinde
1369 947 1583 1016 adhuc
1631 948 1718 1015 ad
1750 947 2088 1015 meridiem
2139 947 2210 1014 in
2244 947 2466 1015 eadem

225 1058 384 1125 ualle
412 1055 746 1141 uergendo
799 1055 1095 1141 peruenit
1135 1055 1221 1122 ad
1253 1063 1455 1124 metas
1490 1054 1762 1123 Comitis
1793 1055 1970 1123 Petri
2005 1056 2085 1122 de
2116 1054 2362 1139 Palab;
2412 1060 2477 1120 ct

224 1166 371 1234 satis
402 1184 517 1251 per
548 1166 820 1249 longum
855 1163 1183 1250 pergendo
1233 1164 1532 1250 peruenit
1573 1164 1661 1231 ad
1693 1163 2021 1249 quandam
2053 1164 2350 1233 semitam
2383 1163 2470 1229 ad

224 1276 504 1341 arborem
537 1274 737 1359 pomi,
787 1275 858 1339 in
889 1292 1018 1357 qua
1066 1281 1165 1342 est
1199 1280 1414 1359 meta3
1460 1274 1701 1341 exinde
1751 1274 2034 1342 flectitur
2066 1271 2152 1340 ad
2183 1271 2474 1340 occiden-

223 1391 340 1449 tem
391 1402 505 1467 per
536 1382 813 1449 eandem
847 1380 1147 1449 semitam
1196 1380 1282 1449 ad
1322 1381 1634 1467 angulum
1687 1381 1877 1449 unius
1913 1383 2120 1449 saltus
2159 1379 2247 1449 ad
2280 1402 2473 1449 unam

222 1498 444 1557 metam
503 1497 822 1574 terream;
873 1489 1019 1557 binc
1053 1489 1299 1558 directe
1349 1511 1465 1577 per
1494 1511 1721 1558 nemus
1772 1489 1859 1585 ad
1909 1489 2311 1560 occidentem
2364 1487 2470 1555 dc-

223 1599 576 1667 scendendo
607 1597 835 1666 incidit
886 1600 957 1664 in
992 1597 1269 1665 eundem
1319 1598 1587 1666 fluuium
1636 1598 2007 1685 Lonkochz,
2040 1605 2105 1667 et
2136 1599 2228 1666 ibi
2261 1598 2474 1665 termi-

222 1713 410 1775 natur.
459 1711 539 1776 In
591 1706 773 1775 cuius
824 1706 1227 1775 vendicionis
1282 1706 1657 1775 memoriam
1706 1707 2208 1793 firmitatemque
2239 1726 2468 1793 perpe·

222 1822 384 1881 tuam
434 1815 520 1882 ad
572 1815 960 1883 instanciam
1013 1815 1301 1900 parcium
1351 1822 1690 1902 presentes
1742 1814 2179 1883 concessimus
2217 1814 2470 1883 litteras

220 1923 409 2006 sigilli
460 1924 667 1992 nostri
721 1922 1075 1990 munimine
1126 1923 1499 2009 roboratas,
1548 1943 1721 1990 anno
1774 1921 2115 1991 Dominice
2166 1921 2468 1991 Incarna·

221 2028 407 2098 cionis
439 2031 529 2096 M⁰
565 2032 695 2100 (30⁰
725 2032 939 2098 LXX⁰
970 2030 1189 2099 terci0.

219 2211 485 2273 (Eredetie
511 2206 865 2277 borbinysm
904 2211 1162 2277 melynek
1188 2205 1635 2277 hartyuzsinegen
1676 2214 1895 2277 fiiggott
1918 2208 2162 2279 poenotje
2189 2212 2471 2271 elveszett,

813 2318 847 2353 a
871 2300 1041 2353 budai
1070 2302 1173 2355 kir.
1202 2301 1447 2353 kamarai
1473 2295 1860 2367 leveltarban.)

1278 2927 1382 2994 25.

221 3125 406 3191 Vrbaz
438 3150 643 3215 meyye
691 3128 1136 3215 hawsdqciuak
1186 3127 1741 3215 bizonysdylevele,
1791 3130 1961 3217 hoyy
2010 3129 2316 3217 Voyknak
2334 3136 2468 3216 fiai

215 3233 510 3321 Lipye‘ben
538 3237 676 3302 Ζέυὸ
705 3235 1069 3302 birtokukat
1122 3233 1390 3325 Gydryy
1425 3233 1612 3304 Chelk
1642 3237 1882 3320 fidnak
1935 3239 2210 3306 eladta'k.
2265 3245 2456 3308 1273.
2496 3299 2507 3314 ,

406 3432 537 3500 Nos
572 3431 965 3501 Cristoforus
1019 3439 1083 3500 et
1133 3432 1320 3501 Vitus
1350 3434 1647 3519 Magistri
1683 3434 1964 3503 Comites
2008 3432 2088 3503 de
2123 3436 2356 3523 Vrbaz,
2408 3445 2473 3505 et

207 3538 686 3610 Bartholomeus
738 3541 971 3610 Comes
1004 3541 1385 3629 Terrestris,
1438 3550 1504 3611 et
1552 3543 1752 3611 ceteri
1788 3543 2058 3612 Judices
2091 3545 2451 3631 Nobilium,

206 3647 494 3715 videlicet
523 3648 880 3716 Pridichna
930 3658 992 3717 et
1042 3647 1241 3717 Jacus
1293 3648 1738 3733 significamus
1789 3657 2013 3720 tenore
2044 3655 2450 3737 presencium

204 3756 423 3838 quibus
455 3755 721 3843 expedit
753 3757 1095 3846 vniuersis,
1128 3757 1300 3841 quod
1328 3759 1717 3827 accedentes
1749 3759 1836 3826 ad
1867 3766 2158 3826 nostram
2190 3780 2452 3845 presen-

201 3862 355 3930 ciam
388 3863 729 3949 Hrouatin,
778 3866 1026 3948 Petrus,
1082 3872 1148 3932 et
1179 3864 1480 3953 Blagoya
1527 3867 1647 3950 filij
1685 3867 1876 3955 Voyk
1928 3869 2016 3935 ab
2077 3887 2207 3933 una
2243 3874 2457 3953 parte,

198 3987 269 4035 ex
298 3973 509 4039 altera
538 3993 695 4040 nero
729 3973 1049 4059 Georgius
1102 3973 1275 4041 filius
1308 3973 1556 4059 Chelk5
1611 3974 1787 4041 idem
1828 3974 2166 4061 Hrouatin,
2221 3976 2450 4042 Petrus

198 4086 254 4144 et
297 4080 597 4167 Blagoya
645 4081 760 4167 filij
818 4081 1008 4167 Voyk
1062 4082 1343 4150 confessi
1413 4092 1563 4150 sunt
1614 4082 1784 4150 viuis
1843 4081 2111 4150 uocibus
2161 4083 2446 4169 ipsorum

196 4188 507 4268 quandam
571 4188 1041 4275 possessionem
1105 4209 1328 4256 eorum
1409 4188 1865 4258 hereditariam
1930 4192 2316 4257 existentem
2377 4191 2445 4256 in

197 4295 395 4363 Vrbaz
446 4296 656 4384 Lipye
687 4305 1008 4384 uocatam,
1062 4318 1207 4364 cum
1259 4296 1554 4365 omnibus
1606 4297 1998 4365 vtilitatibus
2048 4297 2182 4364 suis
2227 4298 2449 4366 uendi·

198 4402 355 4472 disse
388 4424 506 4490 pro
540 4403 1015 4489 quinquaginta
1044 4405 1280 4472 marcis
1305 4404 1586 4489 Georgio
1619 4404 1969 4493 antedicto,
2002 4406 2442 4476 mediantibus

194 4519 391 4579 autem
446 4520 512 4578 et
567 4533 692 4578 non
746 4513 1333 4581 contradicentibus
1384 4512 1616 4581 vicinis
1671 4521 1734 4581 et
1790 4514 2252 4582 commetaneis
2298 4536 2440 4601 per-

195 4627 370 4701 petuo
400 4618 892 4707 possidendam.
943 4619 1142 4692 Cuius
1197 4621 1632 4711 possessionis
1687 4621 1773 4688 ad
1810 4621 2158 4692 uidendam
2190 4624 2441 4706 quanti·
