3319 5249
1941 338 2025 402 62

856 535 1127 600 trionem
1166 532 1464 614 peruenit
1495 531 1580 597 ad
1615 551 1917 614 magnam
1958 540 2252 616 stratam,
2303 556 2506 619 penes
2539 555 2738 617 quam
2761 541 2910 597 sunt
2964 540 3116 597 octo

853 649 1056 726 mete3
1106 658 1367 705 currens
1402 639 1611 704 adhuc
1665 639 1948 705 dierecte
1998 647 2148 705 sunt
2179 648 2456 722 quatuor
2488 650 2674 725 mete,
2729 650 2860 708 tres
2893 650 3113 707 terree

855 758 919 815 et
952 768 1081 813 una
1132 748 1343 812 ilicem
1394 747 1840 832 amplexatur;
1888 748 2126 812 deinde
2166 749 2490 815 reclinans
2542 771 2765 818 versus
2817 750 3114 816 occiden-

854 867 980 922 tem
1015 862 1166 922 sunt
1196 860 1471 938 quatuor
1523 861 1688 919 mete
1722 857 2093 938 angulares,
2151 865 2282 922 tres
2313 865 2525 923 terree
2566 863 2629 923 et
2664 878 2790 924 una
2821 857 3117 923 continet

752 1000 764 1007 ι
853 968 1091 1051 pirum,
1145 983 1269 1046 que
1319 970 1585 1047 separat
1634 983 1677 1026 a
1728 969 1903 1029 terra
1939 964 2255 1031 nobilium
2292 964 2389 1029 de
2423 965 2663 1050 Sygra,
2718 973 2782 1030 et
2822 965 3116 1046 iungitur

854 1083 1020 1140 terre
1051 1069 1361 1137 nobilium
1399 1071 1879 1155 Apatunkaya3
1927 1071 2167 1137 abhinc
2206 1073 2551 1138 reflectitur
2589 1072 2675 1138 ad
2708 1073 3116 1156 septemtrio-

854 1201 1039 1265 nem,
1094 1185 1159 1245 et
1209 1180 1506 1264 peruenit
1574 1179 1661 1243 ad
1717 1183 1859 1244 octo
1911 1186 2159 1264 metas;
2225 1179 2379 1245 hinc
2430 1200 2695 1246 currens
2761 1179 2975 1246 adhuc
3024 1181 3115 1246 ad

854 1287 1399 1372 septemtrionem,
1453 1289 1752 1371 peruenit
1803 1286 1886 1350 ad
1918 1299 2176 1352 =terram
2214 1287 2531 1353 Gothardi
2584 1288 2696 1372 filij
2733 1286 2943 1373 Pauli,
2998 1288 3114 1352 ubi

854 1404 1005 1465 sunt
1053 1403 1332 1481 quatuor
1381 1402 1554 1460 mete
1622 1396 2008 1478 angulares,
2075 1403 2211 1460 tres
2262 1403 2470 1462 terree
2539 1402 2603 1459 et
2652 1416 2781 1461 una
2830 1398 3117 1464 continet

855 1503 1088 1589 pirum,
1140 1522 1267 1587 que
1297 1508 1565 1588 separat
1615 1523 1657 1567 a
1689 1510 1859 1568 terra
1900 1501 2220 1569 dictorum
2272 1502 2587 1569 nobilium
2621 1503 3113 1588 Apatunkaya3

853 1612 1089 1679 deinde
1138 1611 1485 1677 reflectitur
1534 1608 1619 1674 ad
1652 1609 1959 1675 orientem
1982 1659 2000 1689 ,
2052 1610 2370 1676 currendo
2420 1630 2620 1694 penes
2674 1619 2910 1677 terram
2944 1613 3115 1678 eius·

853 1722 1000 1786 dem
1038 1719 1350 1786 Gothardi
1387 1717 1684 1802 peruenit
1722 1717 1809 1782 ad
1842 1738 2147 1800 magnam
2179 1723 2467 1802 stratam,
2502 1738 2699 1802 penes
2730 1739 2924 1802 quam
2959 1729 3117 1787 sunt

854 1836 1128 1913 quatuor
1160 1834 1361 1910 mete3
1410 1827 1651 1891 exinde
1687 1824 1898 1892 adhuc
1931 1844 2193 1893 currens
2228 1826 2473 1892 directe
2507 1824 2591 1891 ad
2622 1827 2932 1893 orientem
2967 1848 3113 1911 per·

855 1938 1032 2002 uenit
1084 1936 1317 2001 iterato
1368 1936 1454 2000 ad
1505 1933 1772 2000 fluuium
1823 1936 2023 2018 Habe,
2075 1932 2188 1999 ubi
2238 1943 2388 2001 sunt
2439 1939 2717 2017 quatuor
2765 1943 2950 2018 mete,
2984 1957 3117 2003 una

853 2054 1089 2126 terrea,
1126 2041 1252 2107 duc
1283 2042 1619 2107 continent
1650 2044 1880 2127 pirum,
1904 2050 1967 2107 et
2001 2063 2133 2109 una
2165 2042 2378 2108 ilicem
2410 2043 2855 2126 amplexatum
2890 2043 3118 2126 ibique

852 2150 1250 2219 terminatur.
1314 2147 1399 2214 Ut
1448 2149 1646 2231 igitur
1696 2149 1885 2215 huius
1951 2156 2167 2216 nostre
2219 2148 2600 2216 collacionis
2658 2152 2861 2218 series
2909 2151 3115 2217 robur

852 2259 1151 2325 obtineat
1198 2263 1513 2339 perpetue
1561 2256 1923 2342 firmitatis,
1977 2275 2096 2321 nec
2143 2277 2449 2341 processu
2491 2265 2847 2342 temporum
2904 2261 3118 2342 possit

852 2367 917 2432 in
953 2366 1203 2432 irritum
1254 2363 1568 2447 reuocari,
1619 2369 1958 2447 presentes
2010 2364 2442 2432 concessimus
2491 2364 2745 2431 litteras
2783 2365 3116 2449 dupplicis

852 2473 1052 2558 sigilli
1086 2473 1288 2538 nostri
1325 2471 1676 2536 munimine
1711 2471 2063 2538 roboratas.
2130 2473 2371 2536 Datum
2406 2492 2518 2556 per
2551 2492 2782 2538 manus
2814 2474 3114 2556 Magistri

853 2581 1186 2650 Benedicti
1239 2580 1477 2646 Sancte
1527 2578 1995 2663 Strigoniensis
2049 2579 2341 2647 Ecclesie
2392 2579 2640 2661 Electi,
2695 2580 3116 2665 eiusdemque

850 2691 978 2757 loci
1012 2688 1279 2755 Comitis
1320 2687 1633 2772 perpetui,
1685 2687 1999 2771 Prepositi
2036 2687 2357 2753 Budensis
2395 2696 2458 2753 et
2496 2689 2646 2753 aule
2675 2696 2896 2755 nostre
2926 2690 3115 2758 Vice-

850 2796 1246 2878 Cancellarij
1301 2794 1525 2860 dilecti
1558 2802 1622 2859 et
1652 2793 1868 2860 fidelis
1922 2797 2125 2862 nostri
2160 2816 2330 2861 anno
2363 2797 2626 2862 Domini
2658 2797 2886 2863 M⁰CC⁰
2899 2799 3116 2863 LXX⁰

851 2912 1118 2990 quarto,
1153 2900 1578 2984 squindecimo
1631 2901 1956 2967 kalendas
2006 2904 2318 2987 Augusti,
2374 2903 2745 2968 Indiecione
2797 2908 3111 2991 secunda,

848 3011 1055 3094 Regni
1109 3017 1323 3076 autem
1394 3009 1597 3073 nostri
1649 3029 1821 3074 anno
1874 3011 2175 3075 secundo.
2267 3011 2766 3078 venerabilibus
2814 3014 3115 3097 patribus

850 3121 1179 3205 Stephano
1231 3117 1571 3185 Colocensi
1643 3126 1706 3183 et
1754 3117 2050 3183 Johanne
2101 3118 2473 3203 Spalatensi
2541 3119 3113 3206 Archiepiscopis3

849 3230 1195 3313 Lamperto
1246 3225 1570 3309 Agriensi,
1626 3226 1880 3291 Briccio
1932 3224 2392 3307 Chanadiensi‚
2441 3227 2564 3292 Job
2614 3224 3111 3311 Quinqueeccle-

851 3338 1070 3420 siensi,
1109 3334 1407 3420 Philippo
1441 3333 1742 3400 Vaciensi
1783 3334 1935 3399 aule
1968 3331 2225 3399 domine
2258 3334 2505 3418 Regine
2543 3335 2862 3401 consortis
2894 3346 3113 3403 nostre

850 3443 1199 3509 karissime
1231 3441 1635 3507 Cancellario
1659 3493 1676 3525 ‚
1727 3438 1934 3506 Paulo
1967 3441 2430 3527 vesprimiensi
2485 3444 2637 3507 aule
2676 3451 2891 3510 nostre
2943 3444 3116 3510 Can·

851 3550 1136 3633 cellario,
1187 3548 1565 3614 Lodomerio
1600 3548 2038 3633 Waradiensi,
2092 3550 2409 3634 Tymoteo
2441 3551 2888 3637 Zagrabiensi,
2941 3552 3114 3637 Dyo—

849 3658 1015 3726 nisio
1065 3657 1435 3738 Jauriensi,
1488 3662 1550 3722 et
1601 3658 1795 3723 Petro
1846 3656 2321 3722 Transsiluano
2384 3656 2722 3742 Episcopis
2774 3660 3113 3726 Ecclesias

848 3767 972 3833 Dei
1012 3766 1289 3831 feliciter
1338 3763 1888 3846 gurbernantibus
1926 3759 2118 3847 (lgy).
2190 3763 2482 3830 Dionisio
2523 3765 2822 3831 Palatino
2860 3765 3117 3834 Comite

848 3876 932 3942 dc
966 3872 1230 3942 Okilich
1271 3880 1334 3937 et
1365 3871 1594 3936 Judice
1629 3869 2058 3938 Cumanorum
2080 3922 2098 3954 ,
2150 3871 2429 3937 Henrico
2463 3872 2647 3937 Bano
2690 3872 2894 3939 tocius
2928 3874 3109 3940 Scla-

851 3985 1064 4067 uonie,
1098 3981 1372 4046 Nicolao
1409 3976 1722 4063 voyuoda
1752 3978 2222 4045 Transsiluano
2258 3977 2507 4045 Gemite
2539 3978 2619 4044 de
2650 3979 2899 4062 Zonuk,
2953 3982 3109 4047 Joa·

848 4089 1042 4156 chino
1109 4086 1421 4169 Magistro
1471 4085 1978 4150 Tauarnicorum
2057 4093 2414 4151 nostrorum
2486 4086 2737 4150 Comite
2789 4084 2870 4151 de
2920 4086 3113 4173 Plys,

847 4192 1141 4261 Renoldo
1174 4194 1484 4275 Magistro
1517 4191 1973 4274 Dapiferorum
2009 4200 2373 4258 nostrorum
2419 4191 2666 4259 Comite
2698 4192 3111 4276 Zulugageu-

848 4299 1082 4377 riensi,
1139 4298 1475 4366 Herbordo
1532 4299 1846 4382 Magistro
1896 4301 2274 4384 Agasonum
2318 4306 2684 4366 nostrorum
2740 4299 2990 4366 Comite
3030 4301 3113 4365 de

847 4407 1142 4493 Barana,
1213 4403 1489 4472 Nicolao
1544 4407 1857 4489 Magistro
1907 4394 2368 4473 Pincernarum
2433 4413 2836 4492 nostrorum,
2899 4407 3112 4472 Paulo

849 4516 1028 4580 Bano
1083 4514 1165 4581 de
1214 4515 1523 4596 Zeurin0,
1601 4513 1873 4580 Nicolao
1923 4513 2153 4580 Judice
2213 4514 2405 4581 Curie
2458 4522 2675 4579 nostre
2729 4516 2980 4581 Comite
3032 4516 3113 4579 de

849 4622 1145 4709 Gechke3
1181 4624 1365 4709 Moys
1399 4620 1708 4704 Magistro
1740 4620 2246 4687 Tauarnicorum
2280 4622 2535 4689 domine
2568 4623 2818 4707 Regine
2851 4643 3105 4689 consor-
