3319 5249
1714 335 1838 399 118

1721 867 1824 935 74.

635 1069 760 1166 [Vt
782 1068 1017 1135 Ldozld
1039 1069 1260 1155 hio-aly
1290 1072 1624 1154 meyer-&sit
1670 1066 1989 1154 bizonyoa,
2020 1067 2243 1132 Istvdn
2272 1077 2490 1133 mester
2535 1066 2716 1132 bani
2729 1065 2903 1152 flii-r·

627 1181 770 1264 prin
831 1180 895 1245 &a
953 1177 1090 1244 tabl>
1139 1177 1521 1263 barsmeyyei
1549 1175 1965 1262 Ἰυάιιῇοόὸάρρ]
2038 1175 2210 1241 kozti
2239 1175 2654 1242 birtokcsere't.
2706 1176 2900 1241 1275.

852 1389 1205 1458 Ladizlaus
1272 1389 1399 1456 Dei
1466 1389 1691 1474 gracia
1740 1388 2113 1475 Hungarie,
2175 1387 2517 1456 Dalmacie
2540 1439 2555 1469 ,
2608 1387 2907 1471 Croacie,

637 1500 862 1584 Rame,
920 1497 1167 1585 Seruie,
1233 1497 1512 1566 Gallicie
1530 1515 1548 1582 ‚·
1612 1497 2015 1583 Lodomerie,
2083 1496 2400 1563 Cumanie
2466 1496 2903 1580 Bulgarieque

637 1607 782 1672 Rex
832 1604 1156 1673 vniuersis
1197 1603 1442 1673 Christi
1494 1603 1800 1672 fidelibus
1852 1610 2192 1689 presentes
2226 1603 2482 1671 litteras
2512 1600 2905 1688 inspecturis

639 1713 921 1780 salutem
952 1713 1022 1779 in
1070 1711 1309 1780 salutis
1341 1710 1672 1795 largitore.
1720 1710 1824 1776 Ad
1857 1711 2303 1777 vniuersorum
2335 1711 2639 1777 noticiam
2670 1710 2905 1777 harum

639 1819 809 1888 serie
859 1820 1161 1887 volumus
1197 1823 1573 1907 peruenirc;
1621 1818 1796 1903 quod
1828 1818 2141 1902 Magister
2170 1818 2541 1904 Stephanus
2571 1818 2741 1886 filius
2772 1818 2907 1883 Ma·

638 1926 832 2012 gistri
881 1924 1148 2009 Mathey
1181 1927 1412 1993 Comes
1444 1925 1812 1992 Borsiensis
1862 1924 2141 1993 dilectus
2195 1931 2260 1990 et
2288 1923 2498 1993 fidelis
2549 1932 2773 1993 noster
2820 1924 2910 1990 ad

540 2015 571 2045 ⁶
641 2037 929 2098 nostram
961 2032 1231 2100 veniens
1282 2034 1708 2119 presenciam,
1757 2031 1838 2099 de
1870 2030 2262 2117 quibusdam
2290 2032 2483 2099 terris
2515 2032 2653 2100 suis
2685 2052 2768 2098 ex
2798 2052 2908 2097 no-

641 2144 786 2205 stra
815 2135 1175 2205 donacione
1226 2140 1352 2206 sibi
1400 2140 1682 2226 collatis,
1733 2159 2008 2222 quarum
2058 2140 2325 2208 nomina
2373 2140 2441 2206 in
2480 2139 2716 2209 litteris
2749 2139 2912 2205 Stri-

643 2244 976 2329 goniensis
1008 2243 1295 2331 Capituli
1344 2247 1773 2332 presentauit,
1823 2267 1968 2314 cum
2019 2246 2403 2330 quibusdam
2432 2245 2908 2334 j0bagionibus

644 2351 857 2418 Castri
887 2350 1272 2437 Borsiensis,
1304 2352 1419 2436 qui
1441 2361 1674 2420 ‘coram
1707 2350 1933 2420 eodem
1965 2352 2267 2439 Capitulo
2301 2351 2706 2436 Srigoniensi
2738 2370 2908 2418 com-

644 2464 1016 2544 paruerant,
1063 2465 1128 2525 et
1179 2479 1399 2526 eorum
1451 2459 1721 2528 nomina
1771 2460 1838 2526 in
1872 2460 2117 2528 eisdem
2151 2460 2383 2527 litteris
2415 2460 2676 2547 plenius
2706 2449 2909 2525 conti·

641 2567 892 2648 nentur,
944 2566 1511 2634 consencientibus
1564 2574 1629 2635 et
1658 2567 2181 2654 permittentibus
2235 2566 2392 2652 alijs
2432 2565 2906 2653 jobagionibus

643 2671 932 2741 eiusdem
967 2671 1199 2760 Castri,
1259 2676 1559 2760 cognatis
1590 2676 1936 2742 eorundem
1989 2682 2053 2742 et
2089 2676 2548 2743 commetaneis
2597 2682 2910 2742 terrarum

627 2778 1085 2866 predictarum
1104 2833 1124 2868 ,
1189 2802 1462 2865 qnorum
1524 2782 1791 2851 nomina
1852 2784 1920 2849 in
1969 2783 2258 2851 eiusdem
2322 2782 2557 2850 litteris
2619 2782 2908 2867 Capituli

646 2894 801 2954 sunt
852 2905 1207 2974 expressa,
1262 2890 1708 2957 concambium
1757 2909 1873 2957 seu
1917 2891 2423 2977 permutacionis
2474 2890 2736 2958 modum
2768 2910 2910 2975 pre·

647 2993 806 3059 satis
845 2994 1312 3079 Jobagionibus
1343 2996 1557 3063 Castri
1607 2995 1976 3066 uolentibus
2029 3003 2093 3063 et
2126 2999 2613 3082 acceptantibus
2646 3005 2909 3084 sponta-

646 3118 774 3166 nea
821 3101 1181 3186 uoluntate,
1237 3121 1381 3168 cum
1413 3104 1866 3190 supplemento
1916 3122 2035 3170 seu
2088 3102 2464 3171 addimento
2512 3101 2688 3190 (igy)
2726 3106 2907 3188 quin-

647 3205 965 3290 quaginta
997 3227 1365 3274 marcarum
1396 3228 1515 3294 per
1548 3208 1872 3294 predictos
1891 3210 2281 3296 jobagioncs
2313 3209 2528 3279 Castri
2562 3213 2644 3278 ab
2678 3213 2912 3279 eodem

649 3313 963 3397 Magistro
996 3313 1329 3400 Stephano
1367 3323 1781 3402 acceptarum
1804 3367 1825 3401 ,
1874 3319 2154 3386 asseruit
2184 3337 2255 3384 se
2289 3317 2563 3401 fecisse3
2612 3326 2841 3404 petens
2870 3339 2913 3385 a

650 3422 864 3507 nobis,
913 3427 985 3486 ut
1015 3420 1144 3506 ipsi
1194 3424 1571 3490 concambio
1623 3444 1739 3492 seu
1790 3426 2294 3510 permutacionis
2346 3427 2538 3494 modo
2571 3447 2910 3494 assensum

650 3548 769 3595 seu
800 3546 1183 3595 consensum
1216 3529 1492 3613 Regium
1522 3532 1974 3618 preberemus;
2021 3539 2314 3600 nostrum
2359 3533 2488 3601 sibi
2521 3541 2588 3600 et
2625 3535 2788 3621 ipsis
2808 3536 2911 3621 jo-

649 3635 1042 3721 bagionibus
1073 3636 1285 3703 Castri
1338 3657 1532 3723 super
1564 3638 1689 3707 hoc
1738 3639 2150 3725 priuilegium
2208 3639 2644 3709 concedendo.
2693 3642 2911 3708 Tenor

649 3751 869 3811 autem
918 3743 1288 3811 litterarum
1340 3744 1470 3811 iam
1521 3744 1681 3813 dicti
1715 3745 2000 3835 Capituli
2042 3748 2509 3833 Strigoniensis
2545 3748 2905 3835 concambij

647 3871 766 3919 seu
797 3850 1297 3937 permutacionis
1327 3855 1686 3939 continens,
1718 3860 2035 3938 quantum
2067 3855 2153 3922 ad
2187 3855 2356 3922 hunc
2390 3856 2738 3923 articulum
2771 3876 2911 3942 per-

649 3958 838 4044 tinet,
885 3957 1043 4025 talis
1072 3966 1175 4026 est
1206 3984 1221 4025 ε

862 4064 1426 4135 Excellentissimo
1478 4066 1735 4135 domino
1787 4068 2098 4136 Ladizlao
2150 4071 2275 4138 stb.
2309 4070 2624 4155 Magister
2656 4070 2727 4137 L.
2761 4070 2912 4136 Pre-

650 4170 897 4257 positus
949 4176 1017 4238 et
1048 4168 1422 4256 Capitulum
1471 4174 1767 4242 Ecclesie
1800 4175 2267 4260 strigoniensis
2301 4177 2426 4244 stb.
2478 4176 2911 4264 (kovetkezik
3022 4266 3029 4267 γ

651 4299 731 4345 az
763 4282 1149 4362 esztergami
1181 4280 1635 4366 kaptalannak
1667 4303 1887 4371 ugyan
1915 4283 2657 4379 1275·kijelentese1v.
2683 4284 2912 4352 Laszlo

652 4384 1022 4474 kiralyhoz,
1055 4388 1222 4454 mint
1250 4388 1503 4475 alabb.)

866 4494 1002 4561 Nos
1066 4493 1288 4580 itaque
1339 4496 1530 4565 iustis
1590 4499 2032 4583 peticionibus
2083 4499 2372 4568 eiusdem
2421 4501 2720 4586 Magistri
2775 4501 2911 4567 stc-

649 4601 857 4686 phani
884 4600 1336 4671 fauorabiliter
1367 4604 1688 4694 inclinati,
1720 4606 1962 4694 prefati
1995 4609 2231 4696 cambij
2268 4629 2381 4677 seu
2410 4610 2915 4695 permutacionis
