3319 5249
1818 282 1951 350 210

1791 798 1944 868 147.

747 994 849 1062 Aa
898 1000 1258 1084 eszteryami
1305 999 1756 1085 kciptalannak
1806 998 2369 1085 bizonysdqlevele,
2416 999 2581 1083 hoyy
2623 993 2812 1064 Chen-i
2850 996 3005 1062 Len-

747 1104 943 1170 denek
978 1106 1111 1189 fiai
1159 1105 1397 1170 re'titket
1447 1103 1714 1191 Godyno
1766 1129 1964 1173 comes
2021 1104 2394 1191 eszterqami
2419 1104 2788 1190 polydrnak
2839 1104 3006 1171 elad-

1695 1216 1822 1283 tcik.
1864 1216 2056 1283 1278.

1284 1413 1345 1479 A
1865 1415 1919 1480 B
2418 1409 2468 1476 O

968 1569 1339 1657 Capitulum
1372 1572 1667 1641 Ecclesie
1699 1572 2166 1659 strigoniensis
2199 1571 2502 1639 omnibus
2534 1570 2770 1640 Christi
2801 1569 3007 1639 fideli·

752 1678 874 1746 bus
906 1686 1235 1764 presentes
1287 1680 1543 1749 litteras
1595 1681 1982 1768 inspecturis
2017 1682 2292 1749 salutem
2341 1682 2411 1747 in
2459 1681 2743 1748 omnium
2793 1682 3009 1748 salua-

753 1792 909 1855 tore.
981 1786 1084 1854 Ad
1135 1789 1583 1858 vniuersorum
1641 1790 1952 1857 noticiam
2006 1797 2229 1857 tenore
2261 1790 2658 1875 presencium
2709 1791 3010 1857 volumus

751 1896 1125 1982 peruenire,
1176 1897 1349 1981 quod
1400 1897 1760 1984 Dyonisius
1812 1905 1875 1965 et
1923 1897 2220 1965 Andreas
2272 1897 2387 1982 filij
2430 1897 2755 1980 quondam
2786 1896 3011 1965 Lende

754 1999 834 2066 de
896 2001 1037 2069 Chu
1097 2024 1313 2071 coram
1365 2004 1552 2072 nobis
1613 2004 2044 2091 personaliter
2104 2005 2437 2072 constituti
2501 2003 2777 2072 confessi
2840 2011 3006 2089 sunt,

754 2107 929 2192 quod
960 2110 1112 2193 quia
1146 2112 1272 2195 ipsi
1307 2112 1626 2198 compulsi
1662 2120 1726 2178 et
1758 2114 1954 2178 artati
1988 2112 2246 2179 fuerant
2295 2112 2520 2179 ordine
2571 2112 2888 2180 iudicatio
2923 2109 3010 2177 ad

754 2215 1139 2284 soluendam
1174 2217 1390 2285 dotem
1423 2206 1647 2288 relicte
1681 2220 1974 2288 Ladizlai
2003 2219 2121 2305 filij
2155 2221 2371 2304 Luget
2403 2221 2667 2304 cognati
2700 2219 3009 2311 ipsorum,

755 2329 817 2391 et
845 2324 1056 2409 ipsam
1090 2323 1304 2392 dotem
1335 2345 1464 2392 non
1483 2333 1783 2412 poterant
1821 2326 1993 2393 alias
2030 2327 2366 2394 commode
2398 2326 2674 2413 soluere,
2724 2333 2795 2391 ut
2826 2326 3007 2393 dixe-

757 2440 946 2515 runt,
991 2434 1281 2499 fenetum
1336 2455 1519 2501 suum
1555 2433 1637 2501 de
1674 2434 2020 2520 Cholnuk,
2090 2436 2262 2519 quod
2311 2435 2380 2500 in
2432 2453 2668 2519 magno
2720 2440 2906 2517 prato
2938 2452 3012 2499 se

756 2537 1067 2607 habuisse
1087 2590 1103 2623 ,
1152 2542 1323 2624 quod
1363 2543 1568 2609 eciam
1622 2543 2081 2611 hereditarium
2121 2564 2307 2611 suum
2340 2542 2543 2611 fuisse
2577 2547 3010 2628 asseruerunt,

757 2648 1189 2717 uendiderunt
1250 2656 1315 2716 et
1375 2653 1834 2719 alienauerunt
1901 2652 2183 2720 totaliter
2245 2650 2477 2718 Comiti
2540 2649 2816 2736 Godyno
2878 2649 3010 2717 ciui

757 2756 1224 2843 strigoniensi,
1272 2764 1337 2824 et
1390 2779 1501 2844 per
1554 2780 1699 2826 eum
1731 2760 1868 2827 suis
1903 2759 2246 2827 heredibus
2282 2758 2719 2842 heredumque
2749 2776 3011 2825 suorum

760 2867 1242 2934 successoribus
1294 2887 1410 2952 pro
1461 2867 1716 2936 duabus
1767 2869 2002 2935 marcis
2040 2869 2206 2935 finiti
2240 2868 2494 2952 argenti
2527 2869 2668 2933 iure
2703 2874 3011 2951 perpetuo

763 2972 1264 3059 possidendum;
1343 2983 1408 3043 et
1468 2976 1650 3061 ipsas
1713 2977 1876 3043 duas
1925 2995 2179 3043 marcas
2230 2975 2391 3043 finiti
2444 2976 2697 3059 argenti
2729 2972 3010 3040 confessi

761 3081 1034 3147 suntab
1066 3081 1290 3148 eodem
1345 3080 1623 3166 Godyno
1679 3083 1924 3149 Comite
1970 3102 2043 3151 se
2092 3081 2385 3168 plenarie
2434 3081 2793 3168 recepisse,
2846 3081 3011 3146 etin

760 3184 973 3252 dotem
1008 3188 1364 3273 predictam
1385 3188 1803 3275 persoluisse.
1845 3191 2150 3258 Preterea
2188 3189 2452 3258 domina
2485 3195 2692 3255 mater
2725 3190 3010 3272 ipsorum

759 3294 1061 3380 Dyonisij
1099 3303 1163 3362 et
1196 3296 1470 3381 Andree,
1507 3295 1738 3364 relicta
1767 3295 2003 3383 Lende,
2057 3303 2121 3365 et
2170 3297 2375 3366 frater
2424 3295 2770 3364 eorundem
2802 3296 3013 3363 iunior

759 3401 1060 3467 Demenk
1090 3402 1383 3488 nomine,
1464 3421 1680 3470 coram
1730 3404 1986 3470 homine
2035 3413 2293 3491 nostro,
2363 3425 2551 3489 quem
2618 3404 2703 3469 ad
2751 3402 3011 3469 eosdem

761 3509 1164 3594 miseramus,
1213 3509 1496 3578 confessi
1548 3519 1700 3578 sunt
1751 3512 1961 3581 eciam
2000 3513 2360 3599 predictum
2391 3511 2675 3578 senetum
2708 3509 2790 3577 de
2822 3508 3012 3576 Chol·

763 3616 900 3683 nuk
932 3617 1015 3684 ob
1045 3618 1433 3702 premissam
1467 3639 1732 3687 causam
1790 3619 1966 3688 dotis
2001 3622 2236 3689 Comiti
2269 3619 2545 3706 Godyno
2580 3625 2643 3683 et
2677 3618 2878 3702 ipsius
2908 3614 3015 3683 he-

762 3723 1024 3792 redibus
1076 3724 1409 3794 uenditum
1462 3725 1658 3796 fuisse
1709 3728 1790 3795 de
1832 3748 2053 3797 eorum
2086 3730 2419 3796 uoluntate
2452 3733 2514 3793 et
2545 3742 2885 3791 consensu.
2939 3724 3013 3789 In

761 3835 944 3903 cuius
993 3833 1089 3901 rei
1139 3834 1574 3903 testimonium
1638 3840 1704 3903 et
1760 3837 2133 3904 memoriam
2175 3834 2259 3905 ad
2298 3833 2685 3922 peticionem
2718 3828 3013 3917 parcium

759 3948 1091 4028 presentes
1125 3943 1561 4010 concessimus
1596 3943 1845 4012 litteras
1894 3943 2100 4027 sigilli
2131 3941 2336 4011 nostri
2368 3940 2720 4008 munimine
2752 3938 3013 4004 robora-

765 4058 888 4119 tas.
936 4051 1176 4116 Datum
1208 4067 1324 4133 per
1355 4069 1581 4116 manus
1612 4051 1909 4135 Magistri
1947 4050 2115 4118 sixti
2148 4050 2444 4119 Ecclesie
2475 4056 2695 4117 nostre
2724 4046 3016 4115 Lectoris

762 4176 935 4226 anno
965 4154 1229 4223 Domini
1258 4152 1608 4226 millesimo
1641 4157 1772 4225 00⁰
1804 4159 2018 4227 LXX⁰
2052 4159 2235 4226 VIII⁰
2267 4159 2332 4225 in
2366 4155 2578 4226 idibus
2608 4154 2798 4240 Julij.

764 4320 1040 4385 (Eredetie
1066 4314 1419 4384 bssrhartysn,
1445 4320 1667 4385 melyriil
1689 4336 1720 4372 a
1739 4318 1925 4389 pecsht
1948 4316 2764 4394 verbs-sarga·zbld3violaszinii
2790 4316 3016 4383 selyem-

1118 4405 1369 4459 zsinoron
1414 4408 1566 4475 sugg,
1602 4425 1635 4461 a
1680 4411 1845 4462 budai
1872 4410 1976 4462 kir.
2003 4411 2251 4462 kamarai
2276 4405 2658 4472 leveltarban.)
