3319 5249
1837 307 1971 384 404

770 514 945 581 Luce
995 512 1080 581 de
1130 514 1360 600 Dessa,
1412 521 1476 581 et
1518 512 1867 581 heredibus
1899 513 2035 581 suis
2070 510 2467 600 masculinis,
2499 509 3007 596 beredorumque

776 621 949 710 (igy)
1003 622 1434 691 masculorum
1465 623 1750 709 ipsorum
1782 623 2245 710 succesoribus,
2277 621 2582 708 quamdin
2615 621 2895 689 uixerint
2947 630 3011 689 et

772 730 1001 824 fideles
1063 730 1298 800 Domui
1349 730 1602 818 Templi
1651 730 1999 819 extiterint,
2053 752 2192 801 cum
2227 731 2526 801 omnibus
2553 729 2807 817 prefate
2839 735 3004 798 terre

776 840 1038 930 iuribus,
1089 841 1509 930 prouentibus
1542 847 1608 909 et
1639 840 2024 910 utilitatibus
2054 841 2326 930 pacifice
2355 836 2858 928 possidendam;
2893 839 3014 906 sub

772 947 889 1017 tali
929 947 1155 1038 forma,
1192 948 1367 1036 quod
1397 969 1601 1034 usque
1633 949 1723 1018 ad
1755 951 2292 1037 complementum
2321 950 2591 1019 duorum
2622 967 2939 1016 annornm
2970 968 3011 1013 a

773 1056 1180 1126 confeccione
1218 1056 1620 1146 presencium
1659 1057 2003 1148 finitorum,
2032 1078 2151 1147 pro
2185 1079 2285 1146 eo,
2316 1057 2486 1145 quod
2516 1064 2692 1125 terra
2722 1055 3015 1142 predicta

774 1167 1022 1235 inutilis
1054 1177 1120 1237 et
1169 1170 1536 1239 inhabitata
1568 1170 2007 1256 permanebat,
2040 1168 2333 1257 prefatus
2364 1170 2437 1235 1..
2461 1174 2577 1237 aut
2615 1165 2891 1237 heredes
2919 1168 3012 1252 ip-

775 1275 914 1345 sius
964 1277 1213 1345 nullum
1263 1297 1525 1349 censum
1574 1280 1812 1367 Domui
1871 1286 2089 1348 nostre
2136 1281 2388 1348 soluere
2416 1278 2821 1365 tenebuntur,
2846 1296 3014 1345 com·

778 1384 971 1472 pletis
1004 1407 1157 1455 uero
1188 1385 1438 1456 duobus
1468 1387 1661 1456 annis
1679 1386 1852 1455 idem
1881 1386 1957 1453 L.
1989 1386 2096 1456 uel
2125 1386 2331 1476 ipsius
2364 1384 2635 1454 heredes
2668 1386 3011 1473 pretaxati‚

774 1492 1009 1579 uiginti
1055 1495 1255 1565 libras
1287 1503 1539 1564 monete
1570 1497 1986 1583 paruulorum
2035 1498 2424 1565 Venetorum
2472 1495 2540 1561 in
2572 1494 2740 1564 festo
2771 1493 3015 1560 Sancte

776 1603 982 1672 Marie
1000 1603 1288 1690 Uirginis
1307 1604 1582 1691 Augusti
1601 1605 1834 1673 Domui
1853 1611 2073 1674 nostre
2099 1604 2183 1673 de
2213 1604 2530 1672 Auramia
2560 1604 2812 1672 soluere
2841 1609 3012 1670 tene-

778 1719 969 1781 antur
998 1713 1353 1781 annuatim.
1387 1713 1527 1782 Hoc
1567 1713 1839 1800 adiecto,
1870 1712 2041 1799 quod
2070 1714 2471 1800 iobagiones,
2507 1732 2669 1798 quos
2699 1711 2876 1779 idem
2907 1710 3015 1778 do-

788 1820 1002 1890 minus
1052 1822 1124 1888 L.
1158 1828 1271 1890 aut
1303 1821 1506 1908 ipsius
1537 1822 1805 1891 heredes
1834 1822 2148 1890 nominati
2175 1843 2369 1909 super
2398 1821 2750 1908 predictam
2783 1826 3016 1887 terram

786 1952 985 1999 causa
1032 1931 1470 2000 commorandi
1522 1931 1938 2019 adduxerint,
1984 1932 2066 1999 de
2095 1932 2297 1999 tribus
2331 1931 2589 2016 magnis
2619 1927 2899 2016 iudicijs,
2928 1929 3019 1996 ui-

782 2038 1015 2106 delicet
1045 2040 1128 2107 de
1157 2038 1528 2128 homicidio,
1559 2039 1860 2108 incendio
1891 2039 1995 2108 uel
2027 2039 2110 2107 de
2140 2039 2557 2107 mutilacione
2589 2039 3014 2105 membrorum

787 2167 902 2215 seu
950 2150 1271 2234 arborum,
1302 2169 1518 2216 coram
1550 2156 1769 2217 nostro
1800 2147 2083 2216 dominio
2115 2148 2390 2216 debeant
2420 2147 2713 2232 iudicari,
2744 2146 3017 2214 terciam

787 2275 939 2323 uero
994 2264 1238 2341 partem
1268 2257 1493 2345 iudicij
1527 2257 1699 2325 idem
1728 2259 1803 2325 1..
1836 2257 2172 2344 optinebit,
2207 2258 2451 2325 Domus
2483 2276 2636 2324 uero
2668 2254 2835 2323 duas
2867 2275 3013 2340 par-

786 2371 905 2432 tes.
922 2362 1022 2433 Ne
1040 2363 1235 2450 igitur
1251 2384 1407 2454 sepe
1425 2367 1793 2435 nominatus
1811 2367 1883 2433 L.
1913 2371 2029 2433 aut
2059 2364 2262 2450 ipsius
2294 2362 2564 2433 heredes
2594 2385 2715 2450 per
2733 2363 3018 2448 aliquem

791 2473 1055 2541 ualeant
1085 2471 1475 2561 inposterum
1505 2474 1839 2544 molestari
1894 2473 1998 2541 uel
2051 2471 2348 2561 inpediri,
2399 2478 2729 2560 presentes
2773 2471 3018 2539 eisdem

789 2580 1168 2651 contulimus
1231 2583 1429 2670 sigilli
1476 2585 1680 2653 nostri
1729 2583 2077 2653 munimine
2128 2583 2480 2652 roboratas.
2550 2581 2784 2648 Actum
2844 2599 3017 2647 anno

793 2691 1050 2761 Domini
1095 2695 1198 2760 Μ0
1229 2692 1367 2762 000
1386 2694 1669 2762 LXXX⁰
1698 2693 1866 2762 11110
1894 2694 1963 2760 in
1995 2692 2159 2761 festo
2190 2691 2379 2758 Beati
2409 2689 2670 2759 Andree
2699 2689 3024 2776 Apostoli.

793 2928 1016 2996 (Marcel
1064 2931 1225 2982 nonai
1250 2930 1462 2997 piispbk
1480 2925 1539 2982 es
1559 2929 1817 2982 Salamon
1836 2943 1870 2980 a
1891 2927 2369 2995 templomrcndiek
2395 2922 2826 2992 magyarorszagi
2854 2931 3020 2978 tarto·

796 3015 1152 3086 many-perjel
1209 3020 1430 3071 1291-ki
1455 3020 1644 3071 hitelcs
1668 3014 2056 3081 masclataboh
2083 3033 2118 3068 a
2141 3017 2370 3072 nemzeti
2396 3031 2638 3068 mazeum
2665 3013 3023 3067 kefin-attari-

1153 3111 1277 3161 ban.
1328 3111 1395 3165 v.
1422 3116 1471 3165 o.
1497 3107 1657 3175 Pejor
1682 3110 1811 3163 cod.
1840 3109 1986 3174 Dipl.
2013 3108 2136 3161 vn.
2163 3108 2273 3159 ket.
2300 3108 2351 3158 5.
2389 3124 2430 3157 ι.
2454 3107 2576 3163 sss.
2605 3107 2662 3171 ι.)
