3319 5249
1867 356 1998 431 402

1853 1084 2010 1153 286.

811 1319 872 1387 A
912 1325 1135 1410 pdpai
1179 1322 1457 1389 biztosok
1488 1344 1530 1384 a
1560 1320 2118 1388 domokosrendiek
2147 1326 2521 1409 eszterqami
2547 1324 2884 1412 templum
2913 1330 3046 1391 mi-

1344 1436 1534 1497 mdra
1564 1432 1786 1497 {mecm
1817 1432 2299 1520 cnqede'lyaenek.
2321 1431 2518 1498 1284.

1034 1664 1372 1734 Uniuersis
1395 1664 1637 1733 Christi
1655 1664 1973 1750 fidelihus,
1996 1672 2329 1752 presentes
2360 1667 2611 1736 litteras
2642 1668 3047 1753 inspecturis,

810 1774 1231 1861 permissione
1251 1774 1537 1841 Diunina
1550 1771 1727 1863 (igy)
1751 1775 2146 1842 Guillermus
2168 1773 2648 1859 Corinthiensis,
2668 1776 3048 1862 Raynaldus

812 1884 1266 1970 messanensis,
1322 1884 1550 1950 Petrus
1599 1882 1985 1951 Arborensis
2034 1881 2540 1970 Archiepiscopi‚
2590 1884 2822 1951 Petrus
2855 1883 3048 1952 Haio·

814 1994 1024 2059 censis
1047 1991 1152 2078 (2),
1171 1992 1561 2060 Vincencius
1580 1990 2078 2079 Portugalensis,
2098 1992 2402 2060 Herticus
2433 1991 2748 2081 Saxenas,
2782 1996 3047 2062 Bernar-

815 2101 934 2168 dus
967 2102 1321 2189 Humanas,
1354 2100 1635 2187 Symeon
1667 2100 2224 2186 Balneoregensis,
2246 2101 2632 2171 Tholomeus
2665 2102 3045 2171 Sardamen-

814 2210 924 2294 sis,
989 2209 1234 2278 Acerus
1281 2208 1765 2296 wexionensis,
1817 2208 2117 2278 Andreas
2165 2210 2516 2296 Asloensis,
2567 2210 2842 2279 Obertus
2910 2212 3045 2278 Clu-

820 2317 1070 2406 siensis,
1105 2317 1316 2386 Guido
1358 2317 1718 2405 Papiensis,
1750 2316 2166 2385 Gerahardus
2198 2316 2775 2404 Brandburgensis,
2810 2320 3040 2389 Aredo·

817 2426 921 2494 lus
970 2424 1330 2514 Ouetensis,
1380 2427 1696 2493 Robertus
1743 2424 2071 2511 Rorensis,
2119 2425 2501 2495 Aredericus
2533 2426 3038 2513 Senogaliensis,

816 2532 1141 2602 Orlandus
1190 2534 1599 2623 Spoletanus,
1629 2518 1873 2601 Pau'lus
1903 2532 2364 2621 Tripolitanus,
2399 2518 2886 2604 Bartholomeus
2916 2538 3039 2603 An·

813 2642 1190 2727 teradensis,
1238 2643 1607 2711 Ber-nardus
1658 2644 2026 2727 Perusinae,
2067 2643 2283 2710 Bonus
2317 2643 2651 2713 Johannes
2683 2644 3041 2713 Esculanus

815 2751 1140 2838 Episcopi,
1177 2749 1452 2816 salutem
1485 2751 1551 2817 in
1583 2750 1875 2817 Domino.
1906 2750 2085 2817 Licet
2116 2749 2190 2837 is,
2226 2750 2306 2816 de
2339 2753 2522 2819 cuius
2555 2772 2819 2820 munere
2842 2755 3034 2840 uenit,

813 2867 885 2926 ut
916 2860 1043 2927 sibi
1076 2881 1118 2925 a
1150 2858 1449 2926 fidelibus
1480 2859 1616 2926 suis
1651 2859 1848 2943 digne
1878 2877 1956 2924 ac
2007 2856 2422 2926 laudabiliter
2451 2861 2788 2945 seruiatur,
2822 2862 2904 2929 de
2935 2861 3039 2929 ha·

817 2966 1185 3035 bundancia
1234 2968 1495 3053 pietatis
1546 2987 1663 3034 sue
1713 2968 1939 3034 merita
1986 2966 2301 3052 suplicum
2365 2969 2688 3036 excedens
2739 2977 2804 3036 et
2871 2977 3042 3058 uota,

814 3076 977 3143 bene
1023 3076 1450 3145 seruientibus
1482 3076 1685 3142 multo
1718 3075 1964 3142 maiora
1996 3075 2253 3159 tribuat,
2287 3095 2477 3158 quam
2509 3077 2769 3144 ualeant
2797 3099 3041 3164 prome-

814 3184 973 3251 reri:
1029 3185 1475 3253 desiderantes
1527 3190 1745 3250 tamen
1796 3182 2067 3251 reddere
2096 3182 2372 3251 Domino
2406 3184 2713 3271 populum
2747 3196 3042 3273 accepta-

814 3293 1032 3375 bilem,
1086 3293 1311 3361 fideles
1362 3291 1600 3359 Christi
1651 3293 1736 3358 ad
1770 3292 2297 3378 complacendum
2328 3292 2406 3378 ei,
2438 3293 2626 3376 quasi
2657 3295 3040 3377 quibusdam

814 3401 1135 3468 allectiuis
1185 3403 1577 3485 muneribus,
1630 3399 2058 3486 indulgenciis
2109 3400 2413 3468 videlicet
2466 3407 2528 3467 et
2562 3401 3041 3470 remissionibus

814 3509 1157 3575 salubriter
1187 3508 1556 3592 inuitamus,
1589 3515 1661 3574 ut
1692 3508 1928 3574 exinde
1957 3508 2308 3574 reddantur
2330 3508 2567 3576 Diuine
2597 3511 2808 3594 gratie
2840 3512 3043 3597 aptio-

816 3637 939 3684 res.
991 3617 1339 3704 Cupientes
1388 3618 1607 3703 igitur,
1658 3624 1729 3683 ut
1781 3617 2075 3684 Ecclesia
2126 3617 2418 3684 Fratrum
2468 3618 2946 3686 Predicatorum
2980 3620 3041 3685 in

821 3725 1098 3794 Ciuitate
1148 3724 1575 3809 strigoniensi
1627 3726 1926 3809 congruis
1957 3727 2304 3793 honoribus
2338 3726 2810 3812 frequentetur;
2843 3730 3038 3793 omni-

819 3833 936 3903 bus
988 3855 1141 3903 uere
1191 3834 1623 3921 penitentibus
1676 3842 1741 3901 et
1801 3831 2134 3921 confessis,
2197 3834 2307 3917 qui
2346 3834 2430 3900 ad
2465 3835 2804 3903 ecclesiam
2836 3836 3039 3921 ipsam

817 3944 883 4008 in
914 3942 1096 4012 festis
1127 3942 1527 4030 subscriptis,
1563 3940 1869 4009 videlicet
1899 3942 1964 4008 in
1997 3942 2099 4008 die
2136 3940 2636 4030 (dedica)cionis
2668 3942 2831 4011 etin
2863 3943 3037 4009 anni·

817 4054 1107 4120 uersario
1131 4053 1437 4139 eiusdem,
1458 4053 1524 4119 iu
1548 4052 1711 4119 festo
1731 4052 1916 4119 Beati
1947 4049 2120 4118 Petri
2152 4051 2451 4138 martiris,
2476 4051 2544 4118 in
2562 4049 2748 4119 festis
2781 4052 3040 4119 Sancto·

822 4181 962 4227 rum
985 4161 1535 4230 Confessorum—
1563 4199 1633 4210 -
1656 4198 1718 4208 --
1744 4198 1830 4207 -
1851 4160 2169 4228 Dominici
2194 4165 2259 4226 et
2281 4160 2563 4247 Martini,
2588 4158 2681 4248 (in
2703 4161 2867 4228 sesto
2888 4160 3040 4226 San·

820 4269 947 4354 cte)
962 4270 1268 4336 Katerine
1290 4268 1574 4354 Virginis
1596 4278 1665 4336 et
1685 4269 1968 4335 martiris
1991 4275 2150 4335 et—
2169 4303 2254 4315 —
2276 4304 2350 4314 -—-
2370 4274 2628 4338 octauas
2649 4268 2928 4336 omnium
2946 4288 3044 4335 so·

820 4376 1219 4444 lemnitatum
1275 4378 1708 4463 predictarum
1757 4397 1956 4445 causa
2011 4376 2387 4445 deuocionis
2450 4377 2872 4464 accesserint,
2934 4377 3040 4443 uel

821 4506 1079 4553 manum
1129 4485 1591 4572 (por)rexerint
1638 4485 2061 4571 adiutricem;
2112 4486 2246 4553 Nos
2296 4483 2374 4550 de
2414 4483 2888 4570 omnipotentis
2917 4483 3036 4551 Dei

819 4595 1259 4662 misericordia
1308 4605 1372 4661 et
1420 4595 1763 4662 Beatorum
1815 4595 1989 4661 Petri
2046 4600 2111 4661 et
2161 4592 2346 4662 Pauli
2398 4593 2847 4681 Apostolorum
2900 4594 3034 4659 eius

819 4706 1204 4772 auctoritate
1233 4702 1473 4790 confisi,
1507 4705 1746 4788 singuli
1777 4702 2068 4787 singulas
2117 4703 2566 4789 quadragenas
2596 4702 2786 4770 annis
2818 4702 3031 4787 singu-
