3319 5249
1299 352 1429 421 305

273 566 384 613 non
429 547 734 633 uenirent,
783 546 852 612 in
899 548 1043 633 ipso
1093 549 1364 634 negocio
1413 568 1542 616 non
1574 549 1882 616 obstante
1911 570 2132 617 eorum
2163 548 2471 617 absencia

272 654 342 720 ad
387 653 724 721 diff‘mitiue
772 657 1100 723 sentencie
1148 657 1467 724 calculum
1516 657 2027 744 procederemus,
2060 657 2218 725 iuris
2250 664 2466 725 tamen

272 762 470 829 ordine
516 763 584 829 in
617 765 910 831 omnibus
942 765 1302 832 obseruato.
1338 766 1466 844 Qui
1499 766 1561 830 in
1596 785 1813 832 eorum
1845 765 2043 834 solita
2074 767 2475 832 contumacia

269 868 690 958 perdurantes,
741 892 859 938 nec
906 871 974 937 in
1006 874 1150 957 ipso
1184 874 1456 940 termino
1488 872 1573 938 ad
1604 882 2078 941 sacramentum
2110 872 2474 942 huiusmodi

268 978 667 1063 prestandum
718 979 1023 1067 deputato
1069 983 1135 1046 in
1187 982 1386 1048 nostri
1428 984 1766 1068 presencia
1797 1002 2171 1068 comparere
2207 1002 2472 1048 curaue-

267 1096 412 1173 runt,
439 1108 553 1172 per
583 1089 792 1173 ipsum
842 1089 1223 1174 Symeonem
1274 1090 1560 1174 legitime
1611 1111 1825 1157 coram
1877 1091 2063 1158 nobis
2127 1092 2469 1177 expectati.

265 1196 515 1263 Demum
563 1204 713 1282 post
763 1195 1127 1262 huiusmodi
1179 1197 1409 1265 multos
1461 1198 1771 1265 terminos
1819 1199 2329 1284 perhemptorios
2361 1219 2475 1285 per

264 1324 367 1371 nos
394 1305 764 1390 assignatos
794 1308 890 1372 sic
919 1306 1379 1372 contumaciter
1400 1307 1656 1391 elapsos
1676 1307 1762 1372 ad
1786 1315 2068 1374 nostram
2089 1307 2472 1374 accedentes

267 1411 676 1500 presenciam,
726 1412 900 1480 idem
953 1412 1205 1479 scilicet
1235 1414 1466 1498 Mycov
1496 1422 1561 1482 et
1591 1414 1823 1482 fratres
1854 1418 1952 1482 sui
1984 1437 2025 1481 a
2057 1415 2242 1482 nobis
2272 1415 2477 1483 humi-

260 1521 397 1587 liter
424 1522 780 1607 pecierunt,
814 1527 889 1587 ut
919 1522 1366 1605 possessiones
1397 1542 1617 1588 eorum
1661 1522 2052 1590 hereditarie
2083 1544 2200 1608 per
2232 1524 2481 1606 aliquos

261 1633 477 1715 probos
498 1631 672 1698 viros
693 1653 736 1698 a
757 1632 1045 1716 partibus
1067 1632 1309 1700 electos
1332 1634 1794 1700 extimarentur
1825 1636 2156 1700 ambarum
2192 1634 2478 1719 parcium

260 1747 611 1827 amatores,
645 1739 903 1807 illorum
933 1741 1139 1808 eciam
1173 1724 1620 1808 extimatorum
1653 1744 1918 1810 nomina
1964 1743 2030 1809 in
2082 1741 2315 1809 litteris
2368 1761 2475 1808 no·

257 1848 397 1914 stris
444 1848 707 1917 fuerunt
755 1848 841 1914 ad
889 1848 1271 1935 peticionem
1321 1850 1610 1934 parcium
1661 1857 2008 1935 annotata3
2044 1850 2383 1918 terminum
2417 1856 2478 1916 et

258 1957 449 2023 eciam
501 1956 675 2023 diem
708 1957 793 2023 ad
826 1958 1034 2043 ipsam
1068 1958 1559 2024 extimacionem
1611 1958 1995 2043 faciendam,
2028 1967 2090 2024 et
2120 1958 2323 2025 eciam
2372 1958 2478 2025 ho·

259 2066 478 2133 minem
510 2072 802 2132 nostrum
843 2067 924 2132 de
956 2086 1274 2133 consensu
1306 2073 1720 2151 utrarumque
1750 2068 2043 2152 parcium
2075 2067 2480 2133 concorditer

259 2173 542 2260 electum,
578 2172 919 2242 discretum
942 2173 1244 2263 uidelicet
1262 2176 1470 2241 uirum
1491 2177 1818 2242 Vrbanum
1838 2175 2241 2260 Prepositum
2263 2175 2482 2241 Sancti

262 2280 513 2367 Georgij
570 2304 612 2348 a
653 2283 841 2350 nobis
874 2302 987 2368 per
1017 2288 1231 2368 partes
1264 2284 1575 2349 instanter
1605 2283 1894 2369 petitum,
1929 2302 2144 2349 coram
2178 2302 2304 2367 quo
2339 2284 2484 2367 ipsa

260 2389 594 2457 extimacio
624 2388 763 2455 fieri
794 2389 1072 2476 deberet,
1105 2390 1404 2456 duximus
1439 2390 1858 2471 dirigendum.
1912 2386 2034 2465 Qui
2089 2410 2230 2455 cum
2269 2390 2353 2455 ad
2393 2392 2482 2454 lo-

260 2518 389 2565 cum
420 2507 489 2566 et
519 2497 696 2565 diem
728 2519 806 2565 ac
836 2497 1178 2566 terminum
1211 2499 1293 2563 ab
1326 2498 1485 2583 ipsis
1519 2500 1806 2584 partibus
1840 2500 2109 2584 petitum
2144 2505 2208 2566 et
2241 2519 2279 2562 a
2300 2498 2484 2563 nobis

260 2608 657 2692 assignatum
687 2607 1092 2688 accessisset,
1125 2605 1453 2694 predictus
1486 2607 1769 2692 Symeon
1802 2606 2211 2674 extimatores
2243 2626 2394 2674 suos
2416 2607 2484 2673 in

164 2749 169 2764 «
258 2715 462 2784 littera
511 2722 743 2784 nostra
788 2723 1117 2784 contentos
1157 2717 1461 2802 produxit
1492 2725 1561 2782 ut
1594 2717 1908 2801 debebat;
1945 2716 2057 2782 sed
2088 2715 2213 2801 ipsi
2244 2715 2482 2800 Mycov

257 2833 317 2891 et
367 2824 609 2893 fratres
658 2826 760 2893 sui
812 2825 896 2892 ad
947 2826 1162 2911 ipsum
1194 2827 1535 2892 terminum
1566 2845 1687 2894 nec
1718 2827 2134 2894 extimatores
2168 2844 2315 2891 suos
2348 2844 2486 2909 pro-

256 2934 592 3018 duxerunt,
644 2953 765 3001 nec
814 2935 1021 3002 eciam
1072 2934 1193 3020 ipsi
1243 2954 1359 3020 per
1401 2954 1470 3000 se
1503 2934 1605 3000 uel
1637 2955 1753 3020 per
1786 2941 2235 3020 procuratores
2267 2951 2483 2999 eorum

256 3043 315 3108 in
362 3045 508 3131 ipso
560 3044 834 3110 termino
876 3049 1351 3128 conparuerunt
1385 3064 1506 3128 per
1537 3043 1716 3128 ipsos
1748 3051 1980 3128 sponte
2010 3041 2105 3109 sic
2137 3047 2483 3125 assumpto,

258 3151 786 3236 quemadmodum
818 3153 1071 3236 prefato
1103 3150 1383 3218 discreto
1415 3151 1557 3218 viro
1590 3151 1854 3217 Vrbano
1896 3151 2230 3235 Preposito
2268 3149 2488 3215 Sancti

260 3259 514 3346 Georgij
550 3260 639 3326 ad
667 3260 787 3326 hoc
815 3260 1189 3346 specialiter
1220 3280 1338 3344 per
1369 3279 1487 3327 nos
1518 3259 1826 3346 deputato
1859 3258 2290 3325 intelleximus
2323 3258 2482 3324 rese-

258 3378 447 3437 rente.
499 3371 690 3437 Licet
735 3375 950 3436 autem
999 3389 1114 3438 nos
1165 3369 1378 3456 ipsum
1411 3369 1793 3456 Symeonem
1826 3367 2025 3434 filiurn
2060 3367 2322 3434 Comitis
2354 3367 2489 3452 My-

258 3478 500 3547 chaelis
551 3485 820 3564 propter
861 3480 1334 3546 contumaciam
1369 3477 1798 3565 predictorum
1831 3479 2058 3563 Mycov
2091 3473 2391 3542 uidelicet
2424 3484 2489 3542 et

258 3584 522 3656 fratrum
572 3607 835 3655 suorum
886 3587 955 3653 in
985 3587 1460 3673 possessionem
1492 3608 1702 3654 rerum
1735 3587 2077 3675 petitarum
2111 3606 2225 3670 pro
2258 3589 2492 3669 quarta

260 3695 513 3764 domine
563 3695 792 3761 matris
840 3715 954 3761 sue
1005 3694 1309 3764 inducere
1356 3695 1781 3782 potuissemus
1811 3719 1826 3779 ;
1859 3698 2075 3760 tamen
2107 3692 2192 3760 ad
2226 3711 2492 3778 presens

260 3802 625 3873 huiusmodi
669 3803 1038 3872 missionem
1091 3825 1173 3871 ex
1223 3824 1424 3871 causa
1454 3826 1579 3871 non
1613 3804 1915 3870 duximus
1947 3801 2349 3868 faciendam:
2383 3820 2492 3868 ve·

263 3921 666 3998 rumptamen
700 3912 874 3998 ipsos
906 3910 1118 3979 Micov
1148 3912 1398 3980 scilicet
1428 3920 1491 3979 et
1522 3913 1756 3979 fratres
1777 3930 1944 3996 suos,
1963 3909 2259 3994 exigente
2278 3929 2492 3975 eorum

263 4022 685 4107 contumacia,
720 4020 802 4088 de
836 4022 1106 4090 consilio
1140 4021 1408 4089 fratrum
1441 4031 1808 4090 nostrorum
1841 4027 1973 4088 tum
1994 4021 2182 4087 nobis
2203 4017 2491 4085 assiden-

267 4130 422 4197 cium
471 4129 733 4216 publice
786 4131 1374 4198 excommunicatos
1409 4130 1944 4197 denunciauimus
1976 4137 2039 4195 et
2071 4127 2494 4210 decernimus,

268 4239 343 4306 ab
388 4240 688 4308 omnibus
735 4246 1045 4325 tanquam
1094 4243 1385 4309 membra
1433 4243 1703 4328 precisa,
1751 4260 1875 4323 que
1908 4238 2329 4307 fomentorum
2363 4254 2488 4300 non

272 4350 565 4416 senciunt
595 4348 1138 4437 dissplicenciam,
1158 4350 1370 4418 arcius
1405 4349 1766 4433 euitandos‚
1786 4347 2036 4415 tamdiu
2056 4346 2258 4412 donec
2282 4363 2494 4413 coram

271 4458 445 4525 nobis
496 4458 622 4525 iuri
669 4459 1023 4546 paruerint,
1075 4466 1139 4526 et
1180 4459 1259 4526 de
1292 4464 1662 4545 contemptu
1697 4464 1935 4543 nostr0,
1971 4476 2049 4522 ac
2081 4454 2161 4521 de
2194 4450 2499 4535 expensis

273 4562 448 4633 sactis
481 4567 687 4654 ipsius
721 4567 1061 4652 Symeonis
1092 4567 1532 4636 satisfecerint
1583 4572 2038 4650 competenter.
2086 4567 2162 4631 In
2194 4562 2372 4628 cuius
2407 4559 2500 4626 rei

277 4676 638 4744 memoriam
684 4676 1179 4760 firmitatemque
1236 4683 1616 4763 perpetuam
1677 4683 2003 4761 presentes
2067 4670 2495 4741 concessimus

356 4811 560 4851 nonuu-
585 4813 747 4852 me.
776 4813 917 4852 max.
953 4826 1029 4839 —
1066 4813 1212 4857 nm».
1244 4805 1318 4852 1⁷.
2097 4785 2184 4848 20
