3319 5249
1758 433 1795 441 -
1848 340 1979 409 396
2002 428 2069 436 m

781 549 929 627 post
948 540 1205 626 lapsum
1231 536 1514 605 eiusdem
1549 537 1806 604 termini
1836 535 2080 604 diutius
2112 540 2525 619 expectatus3
2561 537 2829 619 propter
2859 530 3033 617 quod

781 648 991 734 ipsum
1054 665 1180 712 nou
1243 644 1566 734 immerito
1629 652 2072 712 contumacem
2134 642 2444 710 duximus
2488 638 2940 729 reputandum,
2969 640 3036 707 in

783 772 929 821 eum
980 774 1094 839 per
1143 773 1278 839 nos,
1314 753 1612 840 exigente
1646 752 1855 838 ipsius
1888 751 2313 838 contumacia,
2343 747 3038 817 excommunicationis

783 861 1114 930 sentencia
1146 861 1582 948 promulgata.
1622 861 1806 927 Licet
1860 851 2056 944 igitur
2089 867 2312 926 contra
2347 863 2764 925 memoratum
2798 855 3041 926 Galva-

782 987 934 1035 num
986 968 1067 1035 ob
1102 967 1468 1037 huiusmodi
1521 969 1949 1036 temeritatem
2003 975 2068 1034 et
2096 968 2564 1035 contumaciam
2596 983 2780 1033 suam
2814 967 2901 1034 ad
2932 988 3043 1054 pe·

781 1099 934 1145 nam
995 1076 1195 1144 aliam
1259 1080 1524 1162 propter
1587 1075 1709 1141 hac
1772 1075 2189 1160 infligendam
2287 1073 2496 1142 eidem
2559 1091 2897 1161 possemus
2957 1075 3042 1142 de

783 1186 923 1252 iure
962 1181 1353 1270 procedere;
1389 1203 1533 1249 cum
1567 1183 1769 1249 etiam
1800 1182 2332 1269 intellexerimus,
2370 1182 2541 1268 quod
2572 1185 2744 1252 idem
2778 1203 2899 1268 per
2930 1205 3044 1269 po·

785 1290 987 1360 teutie
1014 1290 1325 1357 secularis
1361 1292 1633 1355 abusum
1668 1290 1734 1356 in
1769 1290 2069 1374 predicta
2102 1291 2401 1358 Ecclesia
2424 1290 2650 1358 fecerit
2669 1311 2738 1358 se
2770 1291 3040 1376 intrudi,

784 1419 1173 1486 quamquam
1228 1398 1518 1480 Ecclesie
1569 1397 1823 1484 prefate
1852 1399 2135 1483 provisio
2166 1407 2317 1465 tuuc
2349 1419 2468 1483 per
2500 1400 2753 1485 lapsum
2787 1412 3041 1484 tempo-

783 1509 897 1597 ris,
921 1508 1087 1575 sicut
1107 1514 1473 1590 accepimus
1487 1504 1814 1572 extitisset
1827 1504 1912 1572 ad
1946 1505 2180 1572 Sedem
2214 1506 2662 1591 Apostolicam
2694 1505 3043 1590 devoluta3

784 1624 855 1682 ut
905 1624 1120 1683 tamen
1172 1619 1407 1697 agatur
1441 1610 1507 1677 in
1562 1612 1683 1677 hac
1735 1619 1921 1697 parte
1954 1614 2271 1679 maturius
2304 1621 2368 1681 et
2397 1613 2785 1698 procedatur
2818 1614 3047 1698 benig-

784 1724 929 1792 nius
961 1725 1137 1791 cirea
1167 1721 1377 1807 ipsum
1399 1774 1415 1804 ,
1469 1719 1852 1787 fraternitati
1890 1730 1999 1787 tue
2032 1742 2149 1806 per
2178 1721 2557 1806 Apostolica
2588 1722 2830 1807 scripta
2863 1742 3045 1787 man·

784 1832 1033 1914 damus,
1087 1829 1390 1915 quatinus
1454 1828 1723 1895 eundem
1777 1827 2171 1916 Galvanum,
2220 1849 2347 1896 non
2404 1831 2704 1898 obstante
2744 1829 3044 1916 appella·

783 1939 958 2006 tione
1007 1937 1315 2023 predicta,
1370 1956 1561 2020 quam
1597 1933 1897 2001 frivolam
1933 1943 2327 2019 reputamus,
2364 1936 2968 2003 excomminicatum
3004 1958 3047 2003 a

784 2044 969 2113 nobis
992 2046 1076 2111 ob
1100 2066 1172 2112 ca
1185 2062 1366 2111 usam
1420 2042 1777 2128 predictam
1812 2041 1879 2106 in
1911 2041 2093 2127 locis,
2128 2043 2209 2109 de
2240 2043 2472 2126 quibus
2507 2042 2743 2110 videris
2775 2043 3045 2128 expedi·

787 2172 874 2235 re,
898 2153 1257 2237 denunties,
1290 2157 1354 2216 et
1387 2148 1594 2216 facias
1626 2167 1740 2234 per
1760 2146 1924 2215 alios
1959 2150 2218 2232 publice
2251 2149 2563 2235 nuntiari,
2594 2158 2657 2217 et
2686 2149 3045 2218 nichilomi-

786 2280 905 2326 nus
919 2259 1128 2344 ipsum
1164 2278 1241 2323 ex
1268 2264 1455 2344 parte
1476 2261 1697 2323 nostra
1716 2276 1831 2341 per
1863 2262 1928 2321 te
1960 2257 2063 2323 vel
2095 2274 2213 2340 per
2243 2256 2443 2322 aluim
2479 2257 2679 2324 citare
2711 2276 3047 2342 procures,

785 2375 856 2435 ut
896 2366 1067 2433 infra
1094 2365 1286 2432 trium
1322 2366 1640 2431 mensium
1675 2364 1959 2450 spatium
1993 2384 2034 2429 a
2067 2361 2170 2428 die
2201 2364 2550 2450 citationis,
2582 2386 2770 2449 quem
2825 2364 3048 2430 termi-

739 2479 936 2541 ‘num
986 2472 1110 2539 sibi
1163 2472 1248 2537 ad
1302 2473 1422 2538 hoc
1474 2471 1978 2556 peremptorium
2013 2473 2443 2555 assignamus,
2496 2492 2709 2539 coram
2745 2473 2934 2538 nobis
2976 2492 3049 2539 se

782 2579 1216 2669 personaliter
1267 2584 1683 2666 representet,
1736 2578 2021 2646 facturus
2078 2585 2144 2645 et
2192 2586 2568 2665 recepturus
2619 2579 2790 2663 quod
2839 2599 3048 2664 super

785 2690 904 2758 hoc
939 2688 1313 2755 duxerimus
1336 2687 1805 2769 ordinandum3
1858 2694 1924 2751 et
1974 2695 2193 2772 aperte
2244 2687 2545 2771 predicas
2599 2688 2831 2774 eidem,
2867 2688 3050 2771 quod

786 2798 915 2865 nisi
937 2796 1178 2863 saniori
1232 2795 1460 2861 ductus
1513 2793 1779 2860 consilio
1833 2813 2044 2860 coram
2098 2795 2284 2861 nobis
2329 2796 2394 2859 in
2429 2794 2724 2879 predicto
2768 2796 3054 2862 termino

785 2903 1212 2987 personaliter
1291 2920 1666 2986 comparere
1718 2901 2058 2985 curaverit,
2108 2923 2224 2968 nos
2275 2902 2361 2967 ad
2410 2902 2850 2986 privacionem
2927 2926 3045 2971 seu

784 3010 1174 3078 amotionem
1232 3009 1436 3096 ipsius
1497 3012 1581 3076 ab
1614 3010 1911 3076 Ecclesia
1933 3009 2323 3093 supradicta,
2358 3020 2423 3075 et
2454 3010 2625 3076 alias
2659 3010 2855 3077 etiam
2894 3031 3045 3080 con-

792 3128 890 3185 tra
942 3139 1107 3203 eum,
1144 3124 1330 3203 prout
1363 3116 1518 3182 sacti
1552 3115 1832 3199 qualitas
1856 3122 2156 3200 suggeret
2189 3123 2251 3182 et
2285 3114 2531 3183 iustitia
2565 3118 2872 3209 suaserit,
2910 3138 3054 3205 pro-

785 3227 1111 3293 cedemus.
1168 3223 1491 3307 Quicquid
1531 3231 1747 3289 autem
1801 3242 1993 3307 super
2041 3224 2167 3290 hiis
2218 3222 2469 3308 feceris,
2531 3224 2719 3291 nobis
2753 3244 2870 3309 per
2902 3232 3057 3294 tuas

784 3342 1081 3417 patentes
1133 3332 1406 3419 litteras,
1472 3328 1699 3417 harum
1733 3330 1970 3397 seriem
2007 3330 2433 3417 continentes,
2466 3329 2733 3399 studeas
2764 3332 3056 3400 fideliter

784 3439 1098 3508 intimare.
1148 3442 1392 3507 Datum
1443 3438 1618 3526 apud
1672 3440 1913 3507 Urbem
1963 3440 2261 3506 Veterem
2312 3438 2454 3506 XV.
2508 3438 2832 3508 kalendas
2884 3440 3050 3508 Maii

771 3546 1209 3615 *Pontificatus
1240 3546 1446 3615 nostri
1478 3567 1649 3613 anno
1682 3555 1937 3630 quarte.

785 3779 1039 3842 (The-incr
1073 3762 1191 3846 Ag„
1219 3782 1418 3831 Vetera
1444 3783 1797 3831 Monumenta
1819 3752 2101 3833 &avorum
2128 3782 2563 3835 hieridionalium
2604 3782 2881 3834 historiam
2930 3784 3060 3835 illu-

1686 3872 1927 3923 strantia.
1957 3873 2043 3921 99.
2070 3870 2131 3935 l.)
