3319 5249
1768 249 1899 320 310

1763 886 1913 955 221.

721 1105 784 1175 A
814 1109 1014 1175 bucla'i
1043 1107 1501 1194 kdptalannak
1530 1107 2073 1194 bizonysdqzevele,
2110 1108 2277 1194 hoqy
2307 1104 2564 1188 Miklds,
2584 1106 2956 1174 Miklo'snak

703 1218 815 1304 fia
860 1217 1040 1304 Nyir
1084 1223 1241 1281 ‘nevit
1291 1213 1590 1295 birtokdt,
1624 1238 1668 1279 a
1702 1216 2083 1300 nyulsziyeti
2113 1215 2700 1301 apdezazdrddnak
2728 1215 2956 1281 alzdlo-

1553 1324 2117 1410 qositotta.1281.

931 1520 1070 1588 Nos
1116 1517 1486 1605 Capitulum
1534 1517 1856 1586 Budensis
1889 1519 2181 1589 Ecclesie
2214 1520 2440 1588 damus
2472 1540 2588 1607 pro
2619 1518 2954 1607 memoria,

723 1627 896 1715 quod
928 1626 1254 1712 Nyoolaus
1286 1626 1456 1693 filius
1484 1626 1746 1696 Nicolai
1777 1628 1860 1694 ab
1893 1649 2024 1693 una
2055 1633 2257 1715 parte,
2283 1636 2349 1695 et
2366 1627 2565 1696 frater
2587 1627 2955 1712 Cyprianus

647 1761 652 1766 ·
722 1746 788 1804 et
836 1736 1109 1803 Iwanka
1158 1755 1505 1804 conuersus
1557 1735 1638 1804 de
1687 1733 1928 1804 Ordine
1978 1737 2272 1804 Fratrum
2325 1738 2812 1806 Predieatorum
2843 1755 2958 1822 pro

722 1845 1047 1914 sororibus
1098 1844 1180 1910 de
1213 1845 1438 1912 Insula
1468 1844 1706 1911 Sancte
1738 1845 1939 1912 Marie
1972 1867 2052 1913 ex
2085 1846 2312 1929 altera,
2351 1866 2565 1915 eoram
2597 1843 2788 1912 nobis
2817 1862 2958 1931 per·

726 1952 1034 2021 sonaliter
1085 1952 1431 2040 constituti,
1487 1951 1698 2019 dietus
1728 1952 2041 2020 Nicolaus
2072 1975 2112 2020 a
2145 1952 2336 2022 dietis
2366 1953 2668 2021 fratribus
2701 1951 2961 2019 nomine

725 2056 1072 2131 earundem
1103 2080 1388 2127 sororum
1420 2062 1815 2129 solueneium
1861 2062 2024 2130 duas
2072 2082 2322 2131 marcas
2374 2061 2456 2130 ad
2518 2083 2633 2130 sex
2682 2081 2961 2144 marcas,

726 2190 888 2255 quas
937 2168 1290 2238 secundum
1338 2176 1627 2237 tenorem
1681 2170 1952 2238 aliarum
2004 2169 2366 2238 litterarum
2397 2178 2757 2239 nostrarum
2790 2191 2961 2240 rece-

724 2285 929 2366 perat,
980 2279 1148 2347 sieut
1196 2275 1382 2359 dixit,
1433 2278 1765 2347 confessus
1816 2286 1914 2346 est
1965 2279 2327 2366 recepisse;
2378 2300 2495 2364 pro
2547 2278 2784 2364 quibus
2818 2285 2961 2346 octo

725 2387 965 2455 mareis
1015 2393 1252 2453 terram
1302 2407 1480 2454 suam
1531 2385 1673 2472 Nyr
1721 2392 2040 2473 uocatam,
2089 2387 2260 2455 inter
2308 2395 2543 2455 terram
2597 2388 2831 2455 Toxun
2897 2394 2963 2454 et

725 2496 1015 2582 Wosyan
1065 2492 1467 2561 adiacentem
1509 2495 1631 2562 sub
1666 2494 1894 2562 eadem
1925 2494 2299 2563 condicione
2331 2501 2396 2563 et
2421 2515 2614 2583 pena,
2647 2514 2725 2561 ae
2754 2513 2965 2580 usque

721 2603 940 2689 ipsum
971 2600 1330 2689 terminum,
1381 2608 1572 2688 prout
1602 2600 1670 2667 in
1701 2600 1860 2686 ipsis
1894 2600 2208 2688 prioribus
2239 2600 2468 2671 litteris
2497 2604 2736 2671 nostris
2768 2622 2967 2689 super

724 2712 846 2779 hoe
893 2709 1199 2777 confectis
1247 2710 1504 2796 plenius
1552 2708 1772 2776 dieunt
1823 2708 2156 2791 contineri,
2190 2710 2446 2796 pignori
2476 2711 2837 2797 obligauit3
2872 2731 2965 2778 re·

726 2816 1096 2885 dimendam
1146 2819 1230 2884 ab
1281 2817 1525 2885 eisdem
1574 2837 1692 2902 pro
1742 2824 1884 2883 ooto
1927 2816 2162 2883 mareis
2195 2817 2558 2885 antedictis.
2593 2819 2838 2885 Datum
2870 2838 2965 2885 se·

728 2924 952 2994 eundo
987 2925 1093 2992 die
1142 2931 1516 2992 octauarum
1570 2928 1917 2992 Beatorum
1963 2926 2419 3010 Apostolorum
2469 2925 2647 2995 Petri
2680 2933 2744 2993 et
2771 2925 2964 2993 Pauli

731 3052 906 3101 anno
935 3032 1200 3101 Domini
1231 3034 1320 3100 M⁰
1355 3032 1481 3100 (30⁰
1519 3033 1959 3118 octuagesimo
1991 3033 2214 3120 primo.

942 3144 1185 3211 Kivic‘l:
1247 3142 1455 3227 Super
1517 3141 1746 3209 solutis
1807 3140 2060 3210 duabus
2121 3142 2352 3211 mareis
2408 3143 2495 3210 ad
2543 3162 2661 3211 sex
2709 3162 2966 3210 mareas

727 3250 1001 3319 Nieolao
1050 3250 1183 3318 filio
1229 3248 1491 3319 Nicolai
1558 3268 1754 3335 super
1810 3249 2361 3337 impignoraeione
2418 3258 2586 3321 terre
2645 3269 2761 3320 sue
2824 3252 2966 3338 Nyr

729 3364 978 3427 uocate.

731 3575 1004 3644 (Eredetie
1031 3572 1375 3642 bb'rhfirtyan,
1399 3591 1434 3627 a
1459 3572 1732 3645 :amoenet
1756 3576 1991 3630 kivissrssl
2017 3576 2273 3632 elveszett
2293 3596 2308 3641 ς
2332 3591 2369 3630 a
2392 3578 2557 3631 budai
2582 3578 2683 3631 kir.
2718 3579 2965 3635 kamarai

1670 3664 2046 3736 leveltarban.)
2175 3692 2180 3697 ·
