3319 5249
1786 361 1918 429 260

1788 1024 1936 1117 170„

726 1234 905 1297 Μάίέ
950 1232 1160 1296 midor
1209 1228 1564 1315 „maye-restiti
1614 1250 1653 1291 α
1703 1225 1974 1311 deleqdlt
2012 1223 2421 1290 biztosoknak
2462 1223 2650 1288 Beira
2680 1222 2982 1308 helyseqet

1303 1337 1617 1422 tcirqyazd
1664 1335 2143 1419 hatdrja'rdsdt.
2195 1332 2428 1398 1279.-

940 1531 1302 1621 (M)atheus
1350 1530 1693 1598 Palatinus
1745 1529 1974 1595 Comes
2026 1526 2483 1613 Supruniensis
2524 1533 2587 1594 et
2617 1524 2828 1592 Judex
2861 1526 2980 1591 Cu·

727 1662 1058 1708 manorum
1102 1640 1403 1707 omnibus
1447 1637 1688 1705 Christi
1722 1635 2023 1705 fidelibus
2056 1633 2467 1720 presentibus
2502 1641 2566 1700 et
2599 1633 2854 1714 futuris,
2898 1628 2984 1695 ad

723 1771 885 1835 quos
936 1756 1267 1832 presentes
1325 1747 1537 1815 littere
1587 1744 2043 1833 per-uenerint,
2095 1743 2367 1810 salutem
2409 1741 2475 1807 in
2508 1743 2786 1809 Domino
2819 1758 2983 1808 sem·

724 1858 1069 1944 piternam.
1118 1855 1345 1922 Solent
1395 1853 1616 1939 scripti
1672 1851 2030 1939 patrocinio
2084 1849 2484 1935 communiri,
2530 1871 2614 1916 ne
2645 1855 2795 1916 acta
2825 1854 2981 1914 tem-

726 1965 981 2052 poralia
1012 1963 1204 2031 simul
1239 1983 1383 2029 cum
1416 1969 1708 2047 tempore
1747 1982 1789 2026 a
1821 1958 2132 2028 memoria
2163 1958 2561 2027 dilabantur.
2602 1957 2704 2023 Ad
2740 1958 2986 2022 vniuer·

727 2094 944 2141 sorum
996 2070 1198 2154 igit-ur
1236 2070 1541 2137 noticiam
1579 2071 1810 2135 harum
1851 2069 2016 2140 serie
2048 2069 2345 2136 volumus
2379 2066 2724 2151 peruenire
2746 2117 2764 2151 ,
2815 2063 2984 2147 quod

726 2178 1114 2247 accedentes
1166 2179 1254 2243 ad
1302 2185 1589 2246 nostram
1626 2175 2032 2263 presenciam
2065 2178 2261 2262 Vgra,
2310 2173 2623 2242 Nicolaus
2655 2180 2721 2241 et
2754 2171 2986 2240 Valen-

728 2288 903 2353 tinus
941 2284 1221 2352 Comites
1272 2284 1387 2370 filij
1445 2286 1714 2353 Comitis
1746 2284 2008 2370 Ipoliti,
2061 2282 2492 2349 exhibuerunt
2544 2281 2734 2347 nobis
2766 2286 2987 2366 paten-

727 2400 824 2459 tes
890 2395 1144 2461 litteras
1208 2392 1474 2459 Comitis
1525 2392 1712 2459 Pauli
1754 2391 1866 2476 filij
1902 2393 2209 2477 Menzeu,
2261 2391 2472 2456 Barch
2524 2396 2587 2456 et
2641 2389 2991 2456 Clementis

728 2503 994 2571 Comitis
1025 2503 1520 2569 vduornicorum
1572 2503 1654 2569 de
1689 2500 2002 2586 Symigio,
2069 2499 2316 2585 sigillis
2381 2495 2732 2565 eorundem
2782 2496 2992 2563 cousi·

729 2619 995 2698 gnata-S,
1048 2616 1339 2698 petentes
1374 2632 1514 2677 cum
1548 2608 1913 2711 instancia,
1965 2615 2037 2675 ut
2084 2628 2205 2675 nos
2257 2607 2438 2694 ipsas
2483 2606 2735 2674 litteras
2769 2611 2990 2692 nostro

732 2722 1071 2807 priuilegio
1113 2721 1471 2788 faceremus
1509 2719 1896 2787 confirmari.
1966 2716 2251 2795 Quarum
2304 2716 2571 2800 quidem
2624 2716 2986 2782 litterarum

736 2840 918 2896 tenor
956 2828 1012 2895 is
1051 2835 1183 2895 est:

944 2935 1081 3003 Nos
1123 2934 1350 3001 Comes
1390 2934 1634 3002 Paulus
1672 2933 1842 3001 filius
1877 2931 2145 2999 Comitis
2178 2933 2449 2998 Menzeu
2486 2934 2612 3000 stb.
2648 2927 2986 3016 (kovetke-

734 3044 839 3112 zik
903 3065 944 3108 a
1006 3043 1115 3109 IV.
1151 3044 1382 3108 Laszlo
1433 3042 1753 3128 kiralytol
1817 3045 1887 3108 es
1939 3062 1981 3108 a
2027 3037 2332 3106 nadortffl
2387 3037 2992 3125 Somogymegyebe

732 3149 1229 3219 batarrendezes
1277 3152 1498 3233 vegett
1544 3148 1880 3214 kikuldott
1928 3148 2367 3216 biztosoknak
2434 3167 2652 3231 ugyan
2712 3143 2992 3213 1279-ki

731 3259 954 3344 levele‚
1003 3258 1176 3345 mely
1215 3256 1553 3324 olvashato
1587 3277 1666 3323 az
1696 3235 2065 3343 ArpAdkori
2097 3237 2183 3340 Uj
2218 3253 2633 3342 Okmanytar
2663 3254 2776 3320 IV.
2807 3251 2994 3319 kete-

731 3366 923 3433 teben
962 3385 1003 3431 a
1040 3368 1192 3435 213.
1230 3361 1481 3450 lapon.)

947 3471 1085 3538 Nos
1137 3471 1331 3555 igitur
1379 3473 1566 3540 iustis
1619 3471 2040 3557 peticionibus
2075 3471 2428 3539 eorundem
2457 3472 2741 3539 filiorum
2773 3470 2996 3557 Ipoliti

739 3583 1231 3665 acquiescentes
1281 3579 1610 3666 predictas
1661 3580 1916 3648 litteras
1956 3580 2039 3647 de
2077 3580 2276 3647 uerbo
2311 3579 2395 3646 ad
2434 3581 2697 3646 uerbum
2729 3598 2996 3664 *presen-

740 3690 912 3758 tibus
980 3686 1176 3757 inseri
1232 3687 1531 3754 faciendo
1588 3694 1810 3755 nostro
1872 3686 2215 3773 priuilegio
2268 3686 2538 3753 fecimus
2600 3686 3000 3753 communiri.

738 3802 815 3866 In
867 3798 1049 3867 euius
1110 3796 1205 3862 rei
1255 3795 1631 3863 memoriam
1688 3792 2194 3880 firmitatemque
2237 3801 2617 3882 perpetuam
2670 3801 3005 3881 presentes

737 3906 1173 3973 concessimus
1210 3905 1463 3972 litteras
1497 3902 1699 3989 sigilli
1730 3904 1932 3970 nostri
1968 3903 2318 3970 munimine
2352 3905 2709 3970 roboratas.
2760 3904 3004 3967 Datum

735 4015 910 4080 circa
970 4012 1206 4080 Thetin
1270 4014 1338 4077 in
1401 4011 1583 4080 festo,
1624 4011 1812 4077 Beati
1863 4011 2096 4081 Jacobi
2129 4011 2435 4097 Apostoli
2504 4031 2677 4077 anno
2740 4008 3004 4077 Domini

738 4123 826 4188 Μο
859 4121 994 4187 000
1022 4119 1231 4185 LXX⁰
1267 4139 1453 4186 nono.

737 4301 1010 4360 (Er-edetis
1041 4297 1389 4365 berhartyan,
1416 4300 1647 4366 melyro'l
1675 4315 1709 4350 a
1733 4296 1900 4352 nidor
1924 4297 2139 4366 pecsete
2169 4297 2528 4367 verbs-sbrga
2550 4297 3014 4363 selyemzsinoron
3139 4303 3146 4310 '

917 4393 1148 4458 suggett,
1187 4392 1253 4443 de
1292 4387 1408 4442 mar
1435 4388 1717 4451 lemallott‚
1757 4406 1791 4441 a
1828 4407 1996 4442 nemz.
2025 4405 2280 4443 mazeum
2313 4386 2827 4442 kezirat-tarabanA
