3319 5249
1800 317 1887 384 64

707 515 976 601 quidam
1006 513 1344 581 Teotonici
1390 511 1656 599 nauigio
1706 513 2057 580 transirent
2106 512 2194 580 ad
2243 512 2651 582 inferendum
2691 512 2968 581 homini·

707 623 829 690 bus
860 622 1064 708 ipsius
1095 620 1302 707 patris
1337 621 1542 687 nostri
1592 627 2068 706 nocumentum,
2124 620 2269 707 ipse
2305 621 2618 704 Magister
2648 621 2968 688 Nicolaus

705 731 963 798 eosdem
1015 730 1403 814 nauigantes
1450 732 1726 796 telorum
1784 727 2242 797 velocitatibus
2299 728 2691 815 impediens,
2743 751 2971 815 quam-

705 841 924 927 plures
955 837 1284 905 interemit
1316 856 1398 902 ex
1432 837 1663 904 eidem.
1702 839 1865 904 Item
1898 834 2221 921 quendam
2252 837 2675 905 Teutonicum
2714 856 2792 902 ex
2825 839 2969 903 acie

708 946 796 1012 ad
847 952 1176 1013 certamen
1245 951 1472 1011 contra
1538 944 1756 1029 ipsum
1805 942 2263 1029 procedentem
2319 944 2675 1030 captiuauit
2693 994 2714 1029 ,
2766 944 2973 1010 vitam

711 1053 1000 1123 eiusdem
1053 1053 1324 1139 capitali
1375 1052 1708 1119 sentencia
1737 1051 2041 1120 finiendo.
2106 1053 2273 1120 Item
2305 1071 2450 1119 cum
2482 1052 2656 1119 idem
2687 1052 2967 1117 Boemo-

707 1182 848 1228 rum
881 1164 1020 1227 Rex
1072 1161 1139 1226 in
1171 1166 1358 1246 portu
1390 1160 1555 1226 Saar
1602 1180 1802 1245 supra
1838 1160 2204 1227 Musonium
2255 1167 2479 1226 contra
2531 1158 2811 1227 eundem
2846 1178 2963 1244 pa·

707 1277 871 1338 trem
904 1275 1194 1336 nostrum
1226 1268 1564 1334 transitum
1612 1265 1833 1335 facere
1881 1269 2214 1355 uoluisset,
2251 1268 2610 1353 procedens
2648 1268 2967 1353 Magister

707 1376 1041 1466 Nicolaus,
1091 1396 1221 1445 vna
1251 1395 1396 1442 cum
1427 1376 1741 1443 Ladizlao
1772 1374 1974 1445 fratre
2005 1398 2123 1445 suo
2164 1379 2230 1445 et
2261 1379 2411 1445 aliis
2442 1373 2759 1462 fidelibus,
2784 1378 2968 1444 iuue-

709 1488 902 1552 nibus
923 1485 1212 1553 eiusdem
1250 1485 1457 1570 patris
1482 1485 1686 1552 nostri
1708 1493 1931 1553 contra
1953 1485 2182 1553 molem
2219 1487 2544 1556 exercitus
2577 1484 2734 1552 dicti
2759 1485 2968 1569 Regis

709 1595 1090 1661 Boemorum
1131 1592 1577 1678 transmissus,
1629 1613 1773 1660 cum
1827 1593 2140 1660 militibus
2194 1593 2402 1679 ipsius
2453 1594 2652 1677 Regis
2685 1593 2962 1660 Boemo-

713 1721 856 1767 rum
887 1700 1257 1768 dimicando
1296 1700 1739 1790 laudabiliter,
1773 1701 2188 1786 quamplures
2225 1724 2307 1770 ex
2340 1702 2583 1771 eisdem
2616 1701 2966 1768 interemit.

708 1812 875 1876 Item
927 1831 1071 1876 cum
1123 1821 1412 1877 castrum
1463 1816 1753 1876 nostrum
1783 1809 2126 1881 Jauriense
2174 1831 2295 1897 per
2342 1811 2641 1878 homines
2672 1807 2966 1878 eiusdem

708 1918 906 2002 Regis
939 1919 1327 1985 Boemorum
1377 1925 1637 2004 captum
1687 1917 2132 1988 fraudulenter
2180 1917 2522 2006 extitisset,
2575 1925 2638 1985 et
2675 1916 2762 1984 ad
2795 1916 2969 1984 obsi·

712 2025 996 2090 dendum
1048 2024 1263 2109 ipsum
1297 2030 1576 2092 castrum
1609 2021 1994 2092 Joachinum
2034 2026 2416 2112 Magistrum
2458 2024 2967 2093 Tauarnicorum

707 2139 1073 2199 nostrorum
1106 2131 1413 2197 dilectum
1446 2136 1510 2197 et
1538 2131 1797 2199 fidelem
1830 2140 2119 2200 nostrum
2154 2133 2768 2215 transmisissemus,
2819 2133 2964 2218 ipse

708 2241 1021 2325 magister
1050 2238 1380 2323 Nicolaus‚
1413 2245 1476 2305 et
1506 2239 1861 2306 Ladizlaus
1913 2240 2119 2309 frater
2150 2243 2288 2308 eius
2322 2240 2648 2326 predictus
2683 2240 2763 2307 de
2793 2242 2959 2307 Teo-

705 2347 958 2435 tonicis,
992 2346 1106 2431 qui
1138 2346 1219 2413 de
1250 2347 1398 2431 ipso
1430 2353 1646 2414 castro
1681 2348 2022 2414 exiuerant
2071 2349 2385 2433 plurimos
2437 2349 2698 2435 sagittis
2730 2355 2795 2414 et
2824 2347 2964 2416 lan·

705 2456 839 2524 ceis
888 2453 1280 2522 occiderunt.
1329 2455 1490 2522 Post
1540 2455 1701 2523 haec
1734 2477 1880 2524 cum
1930 2477 2047 2524 nos
2088 2457 2378 2525 exercitu
2430 2463 2650 2526 nostro
2689 2456 2963 2541 aliquah

706 2570 1124 2650 congregato,
1177 2560 1263 2631 ad
1297 2563 1800 2650 expugnandum
1852 2565 2061 2652 ipsum
2096 2573 2380 2634 castrum
2432 2565 2963 2653 accessissemus,

708 2671 1030 2759 prenotati
1078 2673 1392 2757 magister
1423 2673 1736 2741 Nicolaus
1789 2679 1854 2741 et
1882 2674 2235 2743 Ladizlaus
2267 2673 2468 2743 frater
2499 2694 2677 2760 suus,
2728 2681 2800 2741 ut
2836 2673 2963 2740 fer·

705 2780 974 2846 uencius
1006 2800 1183 2847 more
1214 2779 1404 2847 solito
1438 2801 1658 2849 eorum
1692 2781 2040 2850 fidelitates
2073 2789 2468 2869 exercerent,
2490 2801 2707 2850 coram
2736 2789 2961 2849 nostre

704 2886 1064 2955 Maiestatis
1115 2889 1321 2955 oculis
1372 2888 1782 2978 dimicarunt,
1832 2892 2073 2958 multos
2131 2913 2212 2959 ex
2259 2889 2700 2958 detentoribus
2752 2890 2964 2976 ipsius

705 2996 907 3064 castri
939 2994 1314 3062 occidendo.
1382 2998 1544 3063 Item
1588 3018 1734 3065 cum
1768 2998 2121 3084 predictum
2154 2998 2537 3083 magistrum
2569 2996 2961 3067 Joacbinum

703 3104 789 3170 ad
831 3101 1255 3170 obsidendum
1305 3110 1586 3172 castrum
1636 3106 2013 3174 Zombotbel
2066 3111 2387 3193 uocatum,
2440 3105 2611 3190 quod
2660 3105 2961 3173 similiter

702 3233 818 3298 per
848 3211 1140 3278 homines
1196 3211 1369 3297 ipsos
1420 3213 1615 3297 Regis
1655 3214 2037 3282 Boemorum
2088 3215 2536 3282 fraudulenter
2571 3220 2960 3299 occupatum

699 3320 935 3405 fuerat,
970 3318 1391 3404 misissemus,
1442 3326 1824 3403 prenotatus
1865 3321 2178 3405 magister
2209 3322 2529 3389 Nicolaus
2553 3328 2704 3388 ante
2734 3342 2960 3389 omnes

704 3428 771 3492 in
822 3425 1104 3492 medium
1156 3426 1443 3494 acierum
1496 3427 1577 3493 de
1628 3429 1773 3514 ipso
1824 3436 2038 3498 castro
2091 3430 2473 3497 exeuncium
2526 3429 2778 3496 irruens
2827 3436 2958 3523 tres

702 3533 1087 3601 Teotonieos
1137 3553 1281 3600 cum
1330 3534 1564 3603 lancea
1612 3536 2071 3605 miserabiliter
2120 3537 2464 3623 interemit,
2517 3543 2580 3602 et
2630 3537 2958 3620 quendam

703 3642 1079 3725 Hungarum
1114 3642 1195 3710 de
1227 3645 1471 3710 nostris
1504 3642 1871 3711 hominibus
1905 3651 2167 3732 captum
2200 3644 2524 3731 liberauit,
2563 3645 2673 3712 ubi
2706 3664 2961 3712 summa

700 3749 1036 3818 fidelitatis
1086 3771 1199 3818 sue
1249 3772 1451 3837 opera
1501 3751 1926 3837 probabiliter
1979 3752 2264 3820 exercuit
2315 3760 2379 3820 et
2410 3751 2747 3838 impendit.
2794 3753 2960 3821 Item

699 3882 844 3927 cum
892 3860 1221 3946 predictus
1283 3862 1669 3929 Boemorum
1708 3863 1847 3928 Rex
1896 3860 2185 3929 ualidum
2238 3861 2587 3930 exercitum
2636 3881 2822 3929 suum
2869 3862 2959 3928 ad

701 3969 1200 4055 expugnandum
1254 3973 1320 4034 et
1352 3969 1803 4056 occupandum
1847 3976 2127 4037 castrum
2160 3977 2446 4038 nostrum
2476 3970 2736 4056 Detryh
2770 3989 2958 4036 voca·

700 4084 834 4144 tum
885 4077 1306 4161 destinasset,
1361 4085 1426 4143 et
1473 4096 1594 4145 nos
1632 4077 1720 4144 ad
1761 4076 2206 4146 defensionem
2250 4078 2459 4164 ipsius
2505 4077 2702 4144 castri
2752 4078 2958 4145 nostri

698 4183 1020 4270 prefatum
1079 4185 1460 4268 magistrum
1493 4184 1902 4271 Joachynum
1956 4192 2022 4252 et
2051 4186 2221 4253 alios
2249 4185 2476 4253 fideles
2507 4186 2798 4252 Barones
2849 4206 2956 4253 no-

699 4300 865 4359 stros
918 4289 1332 4379 misissemus,
1386 4290 1600 4359 dictus
1646 4292 1999 4359 Ladizlaus
2047 4312 2326 4362 vnacum
2376 4289 2707 4378 sepedicto
2757 4293 2957 4378 magi·

699 4407 831 4468 stro
865 4398 1136 4466 Nicolae
1172 4399 1372 4465 fratre
1423 4420 1542 4467 suo
1582 4401 1669 4466 ad
1719 4400 2156 4471 inchoandum
2197 4401 2438 4470 bellum
2492 4420 2635 4467 cum
2674 4402 2956 4469 exercitu

699 4509 904 4596 ipsius
941 4509 1136 4591 Regis
1168 4509 1548 4577 Boemorum
1571 4559 1589 4593 ‚
1643 4512 1755 4595 qui
1788 4510 1999 4596 ipsum
2054 4518 2340 4580 castrum
2381 4510 2725 4578 obsidebat
2756 4517 2821 4576 et
2851 4529 2955 4576 ex-

701 4618 1054 4703 pugnabat,
1109 4618 1532 4687 transmissus
1565 4625 1790 4685 eontra
1825 4617 2089 4689 eosdem
2119 4620 2506 4687 Teotonieos
2539 4619 2958 4689 laudabiliter
