3319 5249
1337 300 1465 365 521

276 492 576 576 strorum,
612 490 848 575 quibus
881 492 1078 577 ijdem
1111 492 1491 580 Prepositus
1523 500 1589 562 et
1618 493 1931 561 Canonici
1982 494 2274 561 Ecclesie
2305 493 2530 562 Sancti

272 593 518 664 'rhome
547 600 779 683 quouis
813 601 974 669 iuris
1004 602 1219 669 colore
1249 607 1597 685 vterentur,
1643 622 2002 691 cassamus,
2035 621 2430 671 euacuamus
2461 611 2529 672 et

273 704 338 769 in
371 704 623 772 irritum
656 728 1041 777 reuocamus
1070 733 1086 793 ;
1120 710 1510 776 auctoritate
1526 711 1736 793 Regia
1754 709 2017 777 firmiter
2036 714 2418 797 statuentes,
2460 718 2532 778 ut

271 813 487 880 sicubi
524 815 817 883 exhibita
848 824 912 883 et
944 817 1012 883 in
1036 818 1246 885 lucem
1266 816 1585 901 producta
1615 817 1879 901 fuerint,
1903 818 2149 886 viribus
2168 825 2438 885 careant
2460 823 2527 885 et

271 918 518 1007 uigore,
553 928 618 988 et
647 923 893 992 nullius
928 925 1055 992 sint
1088 924 1348 1011 penitus
1379 926 1702 993 firmitatis
1730 947 1747 1010 ;
1779 926 2112 1009 Preposito
2147 933 2210 992 ct
2243 924 2522 994 Canoni-

269 1027 359 1093 cis
395 1028 690 1098 Ecclesie
728 1033 981 1115 prefate
1013 1033 1355 1100 silencium
1389 1040 1772 1119 perpetuum
1814 1052 2015 1119 super
2047 1031 2168 1099 hoc
2199 1032 2283 1100 de
2313 1039 2528 1100 cetero

272 1133 677 1219 inponentes.
707 1139 793 1205 Vt
825 1139 1022 1226 igitur
1056 1138 1422 1207 huiusmodi
1455 1141 1729 1208 donacio
1770 1159 1886 1206 seu
1921 1138 2192 1206 collacio
2247 1139 2523 1225 predicti

268 1243 493 1310 tributi
515 1251 645 1312 tam
671 1267 784 1332 per
815 1248 1027 1334 ipsum
1061 1248 1388 1315 dominum
1409 1250 1484 1315 B.
1510 1269 1707 1317 auum
1730 1253 2036 1332 nostrum,
2066 1266 2260 1333 quam
2282 1267 2395 1332 per
2419 1245 2531 1313 do·

272 1352 519 1418 minum
538 1352 631 1420 St.
654 1360 902 1439 patrem
924 1363 1214 1423 nostrum
1238 1356 1671 1444 karissimum,
1695 1354 1975 1423 felicium
1998 1353 2525 1423 recordacionum

270 1460 541 1547 Regum,
574 1466 638 1528 et
668 1461 925 1530 demum
959 1484 1076 1551 per
1109 1485 1223 1532 nos
1254 1466 1548 1533 Ecclesie
1609 1466 1904 1551 predicte
1935 1463 2042 1551 pie
2073 1470 2140 1531 et
2185 1463 2536 1532 salubriter

272 1567 452 1633 facta
483 1578 795 1656 perpetuo
826 1572 1053 1639 valeat
1077 1572 1353 1639 stabiliri
1375 1597 1392 1658 ;
1426 1594 1546 1640 nec
1567 1593 1878 1658 processu
1899 1580 2263 1659 temporum
2282 1572 2535 1657 aliqua·

272 1673 424 1741 liter
454 1678 663 1761 possit
694 1680 799 1746 uel
835 1679 1075 1747 debeat
1103 1680 1169 1745 in
1204 1681 1454 1747 irritum
1485 1680 1799 1765 reuocari,
1819 1686 2165 1767 presentes
2216 1679 2532 1747 concessi·

275 1801 415 1849 mus
446 1784 699 1854 litteras
730 1786 1062 1875 dupplicis
1093 1787 1299 1872 sigilli
1333 1789 1536 1855 nostri
1574 1787 1923 1857 munimine
1985 1790 2342 1857 roboratas.
2407 1788 2535 1854 Da·

275 1894 408 1955 tum
441 1911 558 1975 per
589 1914 822 1962 manus
858 1896 1249 1963 venerabilis
1303 1895 1509 1982 patris
1562 1894 1866 1979 Gregorij
1918 1896 2042 1962 Dei
2074 1896 2299 1978 gracia
2347 1895 2535 1981 Epis-

274 1999 420 2083 copi
454 1997 944 2087 Chanadiensis‚
979 2003 1130 2072 aule
1161 2011 1384 2072 nostre
1412 2004 1570 2070 Vice
1602 2001 1994 2088 Cancellarij
2019 2001 2241 2070 dilecti
2275 2010 2337 2069 ct
2372 2001 2522 2068 fide·

276 2105 362 2174 lis
393 2107 602 2174 nostri
629 2129 800 2176 anno
832 2111 1092 2178 Domini
1125 2112 1348 2178 M⁰Oc⁰
1380 2110 1840 2196 nonagesimo,
1876 2110 2088 2195 Regni
2149 2114 2368 2177 autem
2420 2128 2532 2174 no-

282 2216 400 2282 stri
437 2234 614 2282 anno
645 2215 897 2285 decimo
929 2238 1121 2286 nono·

281 2414 560 2478 (Eredetie
589 2411 920 2483 b6rhartyan
948 2413 1290 2483 sargan-voras
1318 2414 1784 2482 selyemzsinorou
1833 2415 2004 2483 fflggo'
2055 2413 2241 2481 peeset
2290 2415 2448 2475 alatt‚
2497 2427 2532 2464 a

912 2506 1074 2557 budai
1100 2506 1204 2557 kir.
1234 2508 1479 2560 kamarai
1518 2502 1903 2571 levelffirban.)

1857 2653 1881 2689 ἲ»

1206 2799 1628 2816 W

1341 3336 1500 3403 376.

278 3535 319 3596 I
329 3524 391 3597 V.
430 3531 659 3600 Ldezld
688 3534 911 3621 loir-azy
927 3533 1307 3620 fermtanja
1340 3558 1383 3600 a
1418 3535 1805 3621 nytilsziqeti
1854 3530 2305 3617 apdczazdrda
2333 3532 2541 3618 ne'pei·

734 3643 851 3707 nek
882 3642 1339 3729 wrve'nykaedei
1366 3642 1850 3727 azabadsdqait.
1887 3641 2085 3707 1290.

497 3837 851 3905 Ladizlaus
883 3838 1010 3904 Dei
1059 3837 1289 3922 gracia
1319 3840 1458 3905 Rex
1510 3836 1848 3922 Hungaric
1899 3834 2204 3904 fidelibus
2240 3833 2378 3900 suis
2409 3831 2545 3900 vni-

284 3945 500 4013 uersis
532 3943 870 4013 Judicibus
904 3945 971 4011 in
1003 3965 1123 4014 suo
1154 3946 1380 4032 Regno
1409 3967 1528 4032 pro
1572 3952 1858 4032 tempore
1891 3941 2279 4030 constitutis,
2312 3943 2549 4025 quibus

283 4062 624 4140 presentes
676 4051 1102 4121 ostenduntur
1122 4104 1140 4137 ,
1204 4054 1481 4120 salutem
1533 4062 1598 4120 et
1645 4054 1962 4139 graciam.
2028 4050 2188 4120 Cum
2249 4048 2549 4118 Ecclesia

281 4162 484 4230 Beate
521 4160 804 4246 Virginis
839 4160 923 4228 de
955 4160 1182 4229 Insula
1213 4182 1255 4228 a
1286 4167 1575 4247 tempore
1626 4180 1741 4228 sue
1793 4157 2205 4227 fundacionis
2233 4157 2416 4224 iuxta
2451 4154 2542 4224 in·

283 4270 511 4339 stituta
544 4269 791 4338 domini
822 4270 977 4339 Bele
998 4268 1105 4337 aui
1124 4269 1346 4358 nostri,
1381 4277 1444 4337 et
1464 4267 1710 4338 domini
1731 4266 2049 4352 Stephani
2081 4266 2286 4352 patris
2314 4264 2540 4348 nostri,

287 4378 570 4446 felicium
605 4376 1132 4446 recordacionum
1154 4376 1484 4462 quondam
1517 4376 1870 4443 illustrium
1902 4376 2152 4459 Regum
2185 4371 2545 4458 Hungarie,

285 4486 398 4552 tali
432 4486 874 4572 gratularetur
907 4483 1252 4572 libertate,
1303 4484 1477 4569 quod
1510 4482 1783 4570 populos
1817 4499 1931 4549 seu
1964 4480 2343 4565 iobagiones
2376 4478 2541 4546 eius-

286 4593 447 4682 dem,
482 4594 553 4663 in
572 4593 802 4678 quouis
827 4593 1150 4663 Comitatu
1174 4592 1541 4674 existentes,
1564 4611 1758 4679 super
1782 4590 2071 4676 quolibet
2102 4587 2380 4656 articulo
2403 4584 2542 4656 nul-
