3319 5249
1393 282 1520 351 421

332 495 507 543 nere.
540 473 661 553 Qui
695 476 955 559 quidem
986 478 1236 546 nobiles
1282 480 1472 546 trium
1527 472 1964 547 Comitatuum
1999 487 2060 546 ct
2091 501 2315 549 omnes
2347 482 2584 553 fratres

330 584 661 667 patrueles
694 583 929 669 prefati
967 583 1230 651 Comitis
1262 582 1506 651 Thome
1537 603 1666 651 vna
1696 604 1861 652 voce
1881 587 2386 672 respondissent,
2410 588 2586 673 quod

331 709 557 757 omnes
589 691 1031 777 possessiones
1064 689 1351 776 predicte
1403 691 1530 775 ipsi
1565 690 1804 758 Comiti
1863 693 2104 760 Thome
2137 692 2266 759 filio
2298 697 2580 780 Pangra-

331 797 415 881 cij
450 806 514 863 et
544 799 679 865 suis
710 798 1088 883 parentibus
1138 818 1390 883 semper
1443 798 1928 886 pertinuissent,
1963 806 2028 865 et
2061 820 2231 865 nunc
2263 800 2584 883 pertinere

332 904 854 993 dinoscerentur;
889 906 1175 991 exeeptis
1217 907 1371 992 alijs
1390 907 1684 973 omnibus
1720 908 2234 991 possessionibus
2266 910 2580 976 nobilium

332 1012 770 1098 predictorum
792 1064 809 1096 ‚
868 1034 1031 1099 quas
1064 1034 1207 1079 cum
1271 1013 1581 1081 fratribus
1632 1015 1767 1082 suis
1799 1017 2203 1100 patruelibus
2270 1015 2580 1105 predictis

332 1124 754 1189 communiter
788 1121 1275 1188 dinoscerentur
1324 1120 1696 1204 possidere;
1747 1132 1942 1205 prout
1988 1122 2055 1187 in
2108 1123 2344 1190 litteris
2377 1125 2580 1208 Regis

330 1230 490 1297 Bele
524 1230 735 1297 felicis
765 1229 1242 1296 recordacionis
1294 1228 1451 1295 fassi
1511 1230 1790 1296 fuissent
1827 1230 2206 1313 plenissime
2239 1231 2574 1300 contineri.

330 1339 477 1404 Nos
510 1339 712 1422 igitur
744 1338 910 1404 scita
940 1335 1252 1419 inquisita
1283 1333 1521 1402 exinde
1583 1337 1956 1404 omnimoda
1984 1337 2281 1425 veritate,
2343 1345 2413 1406 vt
2440 1357 2585 1423 pre-

331 1444 626 1529 mittitur,
658 1445 832 1528 quod
865 1463 1088 1509 omnes
1120 1444 1411 1529 predicte
1430 1444 1874 1528 possessiones
1907 1445 2139 1511 Comiti
2174 1445 2421 1513 'rhome
2451 1445 2585 1512 filio

332 1551 680 1635 Pangracij
716 1549 1043 1617 antedicto
1106 1558 1169 1618 et
1200 1550 1355 1634 filijs
1388 1550 1676 1617 eiusdem
1711 1552 1842 1617 sint
1873 1552 2296 1636 hereditarie,
2365 1559 2432 1619 et
2461 1552 2585 1618 sibi

334 1659 457 1725 soli
491 1658 560 1726 in
591 1680 710 1726 vsu
742 1658 1061 1727 fructuum
1094 1660 1433 1744 pertinere,
1499 1659 1710 1743 ipsum
1745 1659 2061 1726 Comitem
2092 1659 2407 1727 Thomam
2440 1679 2586 1727 cum

338 1766 493 1855 filijs
526 1773 752 1834 etcum
778 1766 1071 1833 omnibus
1090 1765 1611 1849 possessionibus
1633 1769 1765 1833 suis
1797 1768 2155 1851 prenotatis
2188 1765 2273 1834 ad
2304 1772 2588 1834 nostram

342 1875 702 1960 recepimus
734 1874 1211 1961 proteccionem
1245 1873 1599 1956 specialem
1627 1926 1643 1958 ‚
1708 1883 2088 1942 reuocantes
2140 1895 2359 1942 omnes
2393 1873 2590 1941 dona-

340 1983 557 2049 ciones
622 1987 685 2047 et
735 1981 1124 2048 tradiciones
1185 1979 1536 2048 earundem
1577 1980 2117 2069 possessionum,
2184 1984 2243 2049 si
2278 2004 2440 2066 quas
2473 2002 2594 2049 nos

341 2088 642 2174 cuiquam
674 2089 1074 2175 fecissemus,
1107 2097 1221 2154 aut
1251 2090 1455 2156 nostri
1485 2087 1984 2173 predecessores
2017 2092 2229 2173 Reges
2263 2089 2592 2177 fecissent,

336 2198 756 2263 restituentes
788 2217 1009 2263 omnes
1040 2195 1373 2281 predictas
1426 2196 1865 2279 possessiones
1914 2196 1981 2261 in
2032 2202 2168 2262 toto
2203 2201 2265 2262 et
2298 2197 2364 2261 in
2396 2204 2586 2281 parte

343 2324 487 2372 cum
518 2303 816 2371 omnibus
863 2301 1254 2369 vtilitatibus
1287 2309 1352 2367 et
1414 2302 1759 2387 piscaturis
1810 2301 1936 2368 sibi
1989 2301 2415 2368 attinentibus
2449 2324 2586 2388 pre-

342 2412 516 2479 dicto
549 2410 785 2479 Comiti
831 2411 1077 2477 Thome
1127 2415 1191 2477 et
1222 2410 1373 2495 filijs
1428 2411 1566 2477 suis
1617 2430 1697 2475 ac
1734 2410 2081 2477 heredibus
2134 2410 2422 2477 eiusdem
2457 2411 2592 2476 vni·

336 2520 546 2587 uersis
593 2524 907 2604 perpetuo
967 2516 1436 2602 possidendas;
1505 2515 2010 2600 pronunciantes
2062 2536 2286 2583 omnes
2335 2516 2588 2584 litteras

337 2633 597 2696 nostras
630 2633 696 2693 et
725 2631 1084 2693 nostrorum
1127 2623 1658 2708 predecessorum
1710 2624 1957 2706 Regum
1992 2643 2252 2707 cassas,
2314 2622 2592 2691 friuolae

337 2741 402 2801 et
430 2736 681 2819 inanes,
706 2735 761 2800 si
793 2753 956 2816 quas
989 2731 1278 2799 forsitam
1309 2731 1552 2816 aliquis
1588 2753 1704 2816 per
1737 2751 2184 2814 quamcunque
2217 2733 2592 2816 eoncepcio·

335 2863 492 2912 nem
525 2843 871 2909 verborum
903 2838 1268 2923 potuissent
1298 2839 1609 2905 obtinere.
1635 2838 1773 2904 Hoc
1804 2860 1931 2904 non
1961 2840 2396 2922 pretermisso,
2420 2839 2590 2920 quod

337 2949 541 3017 Mako
569 2950 791 3015 Banus
826 2955 892 3014 et
953 2945 1310 3029 Gregorius
1358 2945 1534 3013 filius
1584 2946 1754 3011 Elek
1811 2945 2210 3029 assurgendo
2261 2944 2327 3010 in
2362 2944 2592 3011 eadem

336 3056 859 3140 congregacione
893 3053 1227 3138 dixissent,
1266 3052 1438 3134 quod
1468 3052 1621 3134 quia
1653 3052 1776 3136 ipsi
1810 3060 2032 3118 essent
2064 3050 2301 3117 fratres
2333 3056 2594 3136 patrue-

336 3168 435 3234 les
469 3173 537 3232 et
584 3163 1016 3250 proximiores
1047 3161 1113 3226 in
1146 3159 1321 3225 linea
1369 3158 1956 3242 consanguinitatis
2008 3156 2130 3242 ipsi
2166 3156 2398 3223 Comiti
2432 3156 2596 3223 Tho-

339 3292 481 3358 me3
513 3272 660 3339 ideo
689 3273 745 3338 si
781 3272 993 3355 ipsum
1026 3268 1122 3334 eis
1170 3268 1447 3352 premori
1513 3265 1916 3349 contingeret
1965 3264 2105 3332 sine
2155 3264 2410 3345 herede,
2441 3270 2596 3331 tune

338 3380 794 3472 principaliter
823 3397 949 3444 non
997 3376 1083 3441 ad
1114 3375 1281 3441 alios
1314 3375 1395 3440 de
1446 3373 1873 3458 generacione
1930 3392 2071 3456 sua,
2137 3370 2254 3439 sed
2299 3371 2386 3437 ad
2417 3371 2597 3457 ipsos

342 3489 640 3578 predicte
688 3483 1133 3572 possessiones
1184 3478 1715 3564 deuoluerentur5
1783 3489 1848 3547 et
1900 3497 1937 3543 e
1977 3498 2326 3563 conuerso,
2377 3478 2434 3545 si
2471 3478 2596 3563 ipsi

206 3615 213 3622 ’
340 3595 597 3666 nobiles
629 3594 771 3661 sine
804 3588 1038 3657 herede
1070 3587 1478 3674 decederent,
1512 3608 1735 3655 omnes
1768 3588 2214 3672 possessiones
2245 3585 2592 3653 eorundem

342 3706 467 3793 ipsi
503 3697 746 3770 Comiti
776 3698 1029 3765 Thome
1059 3702 1122 3762 et
1144 3695 1298 3779 filijs
1331 3695 1466 3762 suis
1499 3695 1802 3761 similiter
1835 3693 2372 3776 deuoluerentur;
2405 3698 2596 3778 prout

344 3812 555 3881 eciam
585 3810 655 3876 in
680 3805 915 3875 litteris
969 3802 1256 3873 eiusdem
1290 3803 1446 3869 Bele
1478 3801 1675 3886 Regis
1725 3801 2100 3886 plenissime
2150 3799 2599 3867 dinosceretur

345 3918 690 3989 contineri.
722 3916 808 3981 Et
837 3914 957 3980 hoc
987 3910 1186 3997 ijdem
1229 3909 1507 3996 predicti
1538 3909 1790 3976 nobiles
1823 3907 1905 3976 de
1937 3906 2363 3992 generacione
2393 3905 2598 3990 ipsius

348 4025 616 4095 Comitis
648 4023 893 4091 Thome
940 4019 1414 4100 affirmassent3
1479 4018 1666 4085 saluo
1702 4036 1822 4100 eo,
1886 4015 2060 4098 quod
2107 4013 2326 4097 porcio
2375 4011 2596 4096 magni

342 4129 637 4219 Philippi
664 4128 779 4215 filij
817 4125 1133 4209 Belenigh
1162 4124 1331 4190 inter
1349 4123 1527 4206 ipsos
1548 4120 1840 4190 indiuisa
1872 4120 2309 4204 remansisset,
2346 4125 2409 4186 et
2429 4137 2598 4185 com-

343 4239 621 4310 muniter
652 4235 899 4302 fructus
931 4230 1281 4300 earundem
1310 4235 1661 4317 vterentur,
1694 4228 1881 4295 iuxta
1911 4227 2324 4294 condiciones
2354 4226 2422 4289 in
2454 4243 2595 4309 pre·

347 4347 539 4415 dictis
569 4344 802 4412 litteris
850 4340 1050 4426 Regis
1108 4337 1267 4407 Bele
1313 4343 1670 4405 contentas.
1736 4339 1814 4404 In
1845 4336 2029 4403 cuius
2095 4335 2189 4402 rei
2220 4330 2599 4399 memoriam

341 4454 847 4536 firmitatemque
896 4451 1276 4534 perpetuam
1327 4451 1662 4532 presentes
1712 4441 2151 4512 concessimus
2200 4437 2474 4526 duplicis
2519 4437 2601 4503 si·

346 4565 491 4656 gilli
540 4559 754 4632 nostri
801 4555 1157 4629 munimine
1208 4553 1565 4624 roboratas.
1629 4551 1876 4622 Datum
1920 4571 2035 4643 per
2098 4566 2326 4616 manus
2377 4544 2600 4615 dilecti
