3319 5249
1642 375 1717 385 m
1744 281 1829 346 58

1753 819 1862 885 35.

679 995 792 1081 IV.
831 1018 1057 1083 La'szld
1107 1019 1459 1102 kirdlynak
1493 1018 1756 1103 Koachy
1804 1027 1962 1083 nevil
1977 1019 2191 1105 foldet
2242 1023 2550 1106 tdrqyazo
2580 1023 2945 1109 adomdnya

1131 1125 1586 1211 demetsbqbeli
1614 1126 1883 1192 nemesek
1914 1131 2230 1191 szdmdra.
2285 1131 2321 1191 1
2327 1130 2414 1193 2⁷
2415 1132 2477 1193 4.

892 1334 1244 1401 Ladizlaus
1315 1334 1435 1401 Dei
1503 1337 1727 1420 gracia
1777 1336 2148 1424 Hungarie,
2213 1338 2589 1420 Dalmacie,
2645 1341 2923 1410 Croacie

685 1446 905 1527 Rame,
966 1442 1211 1529 Seruie,
1276 1444 1590 1528 Gallicie,
1654 1446 2055 1531 Lodomerie,
2124 1446 2439 1513 Cumanie
2508 1449 2944 1534 Bulgarieque

684 1552 825 1615 Rex
877 1550 1197 1617 vniuersis
1259 1551 1497 1618 Christi
1551 1552 1855 1620 fidelibus
1923 1561 2291 1639 presentem
2364 1555 2675 1639 paginam
2727 1556 2945 1640 inspe-

680 1656 879 1723 cturis
912 1659 1195 1724 salutem
1229 1659 1296 1724 in
1318 1659 1600 1727 omnium
1633 1660 1988 1727 saluatore.
2022 1659 2122 1726 Ad
2160 1660 2605 1728 uniuersorum
2637 1661 2945 1729 noticiam

684 1764 915 1831 harum
968 1765 1135 1831 serie
1175 1766 1473 1832 uolumus
1512 1771 1888 1853 peruenire,
1946 1768 2118 1856 quod
2151 1769 2530 1855 Reynolbus
2566 1773 2629 1834 et
2661 1768 2793 1835 Jak
2828 1768 2944 1855 filij

685 1871 888 1951 Ebed,
942 1873 1097 1937 item
1128 1872 1327 1956 Myke
1366 1877 1431 1937 et
1467 1872 1802 1939 Dionisius
1853 1872 1967 1957 filij
2002 1874 2340 1940 Benedicti
2394 1876 2652 1941 nobiles
2705 1874 2786 1940 de
2837 1893 2944 1957 ge-

686 1998 843 2043 nere
873 1979 1005 2044 Jak
1027 2030 1046 2064 ,
1096 1980 1208 2061 qui
1243 1978 1325 2043 ad
1363 1976 1808 2045 defensionem
1846 1979 2093 2047 Corone
2127 1981 2331 2063 Regie
2382 1988 2449 2046 et
2480 1962 2685 2065 Regni
2723 1981 2944 2047 tuicio-

684 2107 830 2151 nem
878 2085 1274 2169 temporibus
1322 2084 1568 2150 domini
1603 2087 1761 2151 Bele
1811 2088 1920 2153 aui
1958 2087 2177 2166 nostri,
2229 2096 2294 2153 et
2347 2088 2587 2155 domini
2621 2087 2940 2172 Stephani

687 2194 895 2276 patris
928 2193 1150 2274 nostri,
1170 2193 1326 2258 olim
1362 2193 1934 2260 Serenissimorum
1971 2195 2218 2278 Regum
2253 2194 2588 2278 Hungarie
2620 2197 2687 2260 in
2719 2196 2942 2261 multis

689 2299 1218 2385 expedicionibus
1251 2299 1480 2385 Regni,
1530 2321 1692 2381 quas
1724 2302 2079 2369 secundum
2116 2302 2500 2369 uarietatem
2534 2303 2848 2387 temporis
2882 2310 2946 2366 et

689 2408 1104 2500 negociorum
1157 2406 1602 2475 diuersitatem
1655 2415 1788 2473 tam
1841 2428 1982 2490 nos,
2046 2428 2242 2490 quam
2293 2407 2559 2475 eosdem
2611 2409 2947 2494 predeces-

689 2533 870 2581 sores
912 2525 1167 2582 nostros
1213 2514 1602 2581 karissimos
1654 2514 1895 2581 habere
1946 2516 2314 2580 necessario
2364 2516 2678 2600 oportuit,
2748 2517 2949 2581 effun-

653 2712 656 2717 ,
690 2622 903 2691 dendo
935 2626 1317 2706 sanguinem
1371 2642 1587 2687 eorum
1642 2629 1709 2686 et
1740 2621 2010 2688 sudores
2043 2622 2316 2690 bellicos
2355 2623 2761 2708 sustinend0,
2798 2644 2945 2707 gra-

690 2739 822 2798 tum
877 2751 1130 2816 semper
1183 2730 1629 2797 commendate
1681 2730 2016 2796 fidelitatis
2059 2731 2437 2814 obsequium
2471 2731 2947 2819 impenderunt,

696 2845 885 2923 prout
918 2836 1037 2903 hoc
1070 2837 1358 2902 Barones
1395 2838 1599 2903 nostri
1638 2837 1828 2902 nobis
1858 2838 2006 2903 uiue
2040 2841 2221 2904 uocis
2256 2840 2519 2904 oraculo
2555 2839 2952 2921 recitarunt;

689 2951 840 3032 post
891 2945 1234 3011 transitum
1285 2942 1574 3010 eiusdem
1628 2944 1831 3029 patris
1886 2946 2085 3011 nostri
2120 2945 2305 3012 nobis
2348 2944 2433 3011 ad
2469 2947 2787 3012 Coronam
2823 2946 2945 3011 Re-

694 3054 867 3135 giam
919 3060 982 3118 et
1020 3053 1229 3135 Regni
1281 3052 1507 3116 solium
1564 3052 1704 3116 iure
1756 3053 2151 3118 successorio
2206 3072 2322 3118 seu
2371 3053 2600 3118 ordine
2650 3051 2950 3135 geniture

695 3164 1022 3225 annuente
1053 3159 1331 3223 Domino
1375 3158 1766 3243 sublimatis,
1819 3158 1903 3223 ad
1937 3165 2225 3224 nostram
2276 3158 2660 3225 accedentes
2690 3177 2950 3243 presen-

696 3265 862 3332 ciom
898 3265 1088 3329 nobis
1123 3263 1451 3330 humiliter
1503 3264 1992 3348 supplicarunt,
2046 3271 2115 3331 ut
2146 3263 2471 3348 quandam
2516 3284 2791 3330 uacuam
2826 3273 2950 3329 ter·

695 3393 833 3438 ram
870 3370 1082 3437 Castri
1132 3371 1352 3436 Ferrei
1391 3372 1664 3459 Koachy
1714 3379 2013 3437 uocatam
2068 3370 2462 3438 hereditarie
2515 3379 2682 3438 terre
2735 3392 2957 3437 eorum

697 3479 781 3545 ab
810 3498 942 3544 una
977 3484 1200 3562 parte;
1253 3486 1316 3543 et
1348 3477 1661 3543 nobilium
1715 3476 1796 3542 de
1834 3476 2009 3558 Pogh
2062 3496 2142 3541 ex
2175 3478 2386 3542 altera
2417 3484 2954 3561 commetaneam,

697 3586 864 3653 sicut
914 3585 1151 3668 dicunt,
1206 3591 1272 3649 et
1324 3584 1624 3668 uicinam,
1681 3586 1777 3651 eis
1828 3585 1908 3650 de
1956 3584 2364 3669 benignitate
2400 3584 2612 3668 Regia
2661 3584 2960 3652 conferre

699 3694 1153 3778 dignaremur;
1201 3691 1525 3776 dicentes,
1591 3694 1766 3775 quod
1818 3693 2021 3757 eciam
2077 3692 2408 3777 predictus
2458 3692 2756 3758 dominus
2814 3691 2956 3756 Ste-

698 3801 952 3888 phanus
1006 3802 1145 3866 Rex
1217 3811 1407 3885 pater
1457 3808 1676 3866 noster
1745 3808 1896 3866 tunc
1945 3819 2173 3885 gerens
2226 3800 2733 3885 gubernaculum
2789 3808 2963 3866 terre

700 3908 1299 3992 Transdanubialis‚
1357 3917 1422 3975 et
1462 3908 1665 3974 eciam
1699 3907 2034 3994 primitus,
2088 3928 2229 3973 eum
2275 3909 2566 3974 Ducatus
2600 3907 2801 3973 Stirie
2834 3904 2963 3972 fuit

699 4015 873 4101 apud
923 4038 1063 4083 eum
1086 4065 1104 4099 ,
1159 4019 1253 4085 eis
1302 4017 1650 4083 contulerit
1698 4021 1936 4081 terram
1987 4016 2207 4099 illam3
2274 4035 2472 4099 super
2529 4033 2656 4096 quo
2708 4012 2961 4079 litteras

700 4124 908 4207 ipsius
941 4123 1148 4206 patris
1198 4126 1405 4189 nostri
1451 4122 1727 4190 diuersis
1779 4121 2175 4207 temporibus
2225 4120 2509 4205 habitas,
2562 4120 2749 4185 nobis
2781 4118 2957 4185 exhi-

700 4233 853 4296 bere
886 4239 1292 4298 curauerunt.
1341 4231 1478 4296 Nos
1513 4231 1754 4315 itaque,
1794 4229 1905 4311 qui
1940 4250 2019 4292 vx
2055 4227 2266 4296 officio
2307 4226 2595 4310 suscepti
2623 4225 2960 4308 regiminis

701 4338 904 4404 nostri
941 4336 1152 4404 metiri
1183 4337 1492 4403 debemus
1534 4338 1767 4403 merita
1798 4337 2217 4421 singulorum,
2238 4342 2430 4419 grata
2459 4334 2744 4401 fidelium
2784 4332 2967 4398 obse·

704 4445 858 4529 quia
909 4443 1242 4529 cupientes
1295 4444 1497 4527 digne
1562 4443 2108 4511 remuneracionis
2158 4441 2472 4509 beneficio
2532 4458 2971 4525 compensare,

704 4550 1285 4620 commendabilem
1342 4551 1740 4639 fidelitatem,
1795 4560 1860 4619 et
1909 4551 2239 4619 meritoria
2289 4549 2606 4634 obsequia
2637 4568 2750 4614 seu
2783 4547 2970 4613 obse-
