3319 5249
1929 293 2012 359 14

837 496 974 562 sato
1024 493 1224 561 fratre
1254 512 1371 559 suo
1404 487 1776 555 huiusmodi
1809 491 2196 577 preueniens
2249 493 2621 576 exercitum,
2654 492 2866 577 ipsum
2899 493 3107 563 Ernei

836 607 1088 671 Eanum
1132 601 1457 667 deuictum
1493 598 1558 663 in
1590 601 1795 685 prelio
1827 600 2209 686 captiuauit,
2245 598 2356 667 vbi
2392 600 2532 685 ipse
2562 599 2845 669 letaliter
2878 600 3098 665 extitit

838 712 1188 779 sauciatus.
1258 710 1423 776 Item
1475 708 1541 773 in
1574 708 1920 794 Ilsuazcg,
1975 729 2116 775 cum
2170 710 2340 775 idem
2392 717 2579 794 pater
2620 716 2839 777 noster
2869 718 3110 776 contra

840 821 1084 885 Ducem
1120 818 1366 900 Belam,
1397 816 1881 901 Prewcilinum,
1917 818 2252 884 Herricum
2287 818 2556 902 Banum,
2597 826 2660 885 et
2692 818 2858 886 alios
2893 818 3111 903 ipsius

842 930 948 994 aui
1003 927 1208 995 nostri
1264 926 1596 992 adiutores
1644 932 1711 993 et
1761 927 2053 994 Barones
2106 928 2473 994 conflictum
2524 914 2878 1013 babuerat,
2929 925 3112 991 idem

838 1035 1147 1119 Magister
1207 1035 1479 1117 Petrus,
1548 1034 1700 1101 licet
1768 1041 1966 1102 antea
2020 1035 2421 1104 transfossus
2491 1035 2723 1104 lancea
2772 1045 2836 1103 et
2888 1043 3114 1103 sectus

840 1143 1065 1228 gladio
1118 1141 1405 1208 militare
1456 1164 1583 1209 non
1616 1144 1902 1231 valeret,
1965 1145 2126 1212 mori
2158 1150 2378 1211 tamen
2423 1163 2538 1230 pro
2569 1152 2756 1229 patre
2787 1150 3008 1210 nostro
3040 1151 3112 1210 et

842 1251 1027 1319 nobis
1082 1250 1278 1332 elegit
1325 1250 1593 1338 pocius,
1647 1271 1833 1335 qusm
1883 1259 2038 1321 ante
2089 1254 2651 1320 consumacioncm
2701 1250 3110 1319 laudabilem

843 1359 1213 1444 relinquere
1266 1359 1610 1427 iniciatam
1680 1363 2018 1444 negocium
2070 1364 2273 1446 patris
2328 1364 2569 1447 nostri,
2625 1362 2733 1428 ubi
2784 1361 3113 1428 Coronam

841 1468 1047 1552 Regni
1082 1468 1416 1553 Hungarie
1471 1469 1709 1536 celitus
1762 1470 1947 1536 nobis
1999 1491 2114 1554 per
2164 1470 2638 1538 successionem
2689 1469 3001 1535 traditam
3035 1469 3105 1533 in

841 1599 1121 1666 persona
1153 1576 1358 1661 patris
1409 1577 1611 1645 nost-ri
1663 1577 2060 1645 obtinuimus
2111 1586 2176 1644 et
2208 1578 2734 1664 recuperauimus
2786 1598 2903 1664 per
2935 1577 3110 1644 eius-

847 1688 991 1754 dem
1024 1684 1322 1769 Magistri
1356 1686 1533 1751 Petri
1586 1691 1650 1752 et
1681 1685 1957 1753 aliorum
2009 1687 2386 1756 fidelitatem
2424 1686 3004 1754 commendabilem
3039 1693 3109 1753 et

845 1796 1170 1863 uirtutem.
1240 1795 1315 1859 In
1369 1813 1492 1876 quo
1545 1794 1807 1876 quidem
1868 1795 2164 1863 conflictu
2218 1796 2379 1861 Bela
2429 1795 2610 1862 Ducc
2662 1795 2987 1880 effugato,
3041 1800 3113 1862 et

843 1903 1234 1970 Prewcilino
1269 1902 1633 1988 interfecte,
1684 1902 1989 1971 Herricus
2025 1906 2243 1971 Banus
2297 1925 2438 1970 cum
2473 1906 2626 1972 filiis
2677 1912 2742 1971 et
2772 1903 3111 1988 complici-

844 2014 966 2079 bus
1000 2011 1135 2078 suis
1170 2007 1389 2076 extitit
1428 2010 1813 2095 captiuatus.
1863 2013 2063 2079 Porro
2115 2034 2257 2079 cum
2292 2013 2649 2081 Ottokarus
2680 2012 3110 2079 Bohemorum

842 2123 1005 2207 Rex,
1040 2129 1194 2186 tunc
1225 2119 1433 2204 patris
1466 2121 1693 2205 nostri,
1741 2140 1911 2187 nunc
1943 2127 2161 2187 autem
2204 2128 2423 2189 noster
2454 2121 2757 2207 capitalis
2787 2120 3111 2203 inimicus,

845 2230 993 2296 fidei
1031 2249 1145 2295 sue
1180 2228 1495 2310 desertor,
1535 2228 1788 2296 violata
1819 2250 2001 2317 pace,
2034 2230 2258 2298 fractis
2291 2232 2559 2315 treugis,
2604 2237 2668 2297 et
2702 2229 2907 2316 ruptis
2941 2230 3116 2296 iura-

846 2341 1044 2406 menti
1094 2340 1195 2424 suj
1250 2336 1566 2422 vinculis,
1627 2337 1872 2404 ducens
1925 2340 1992 2405 in
2048 2339 2364 2406 auxilium
2416 2339 2543 2406 sibi
2594 2339 2815 2405 florem
2871 2336 3117 2404 milicie

847 2450 1050 2514 tocius
1083 2446 1428 2514 Alamanie
1448 2499 1466 2533 ,
1524 2454 1749 2514 contra
1782 2455 2032 2530 patrem
2067 2455 2353 2515 nostrum
2388 2448 2549 2515 fines
2583 2448 2789 2531 Regni
2825 2446 3114 2528 Vngarie

848 2554 1299 2641 potencialiter
1341 2554 1631 2643 adiisset,
1664 2556 2008 2621 Posonium
2063 2564 2127 2623 et
2163 2557 2440 2641 quedam
2474 2555 2610 2623 alia
2643 2563 2859 2622 castra
2891 2554 3115 2640 prodi-

849 2667 1188 2736 cionaliter
1220 2663 1611 2751 occupand0,
1664 2665 1964 2751 idemque
1998 2674 2181 2751 pater
2220 2674 2444 2734 noster
2494 2665 2866 2748 generalem
2897 2665 3115 2731 leuas·

849 2785 951 2843 set
982 2776 1333 2844 exercitum
1388 2780 1615 2841 contra
1672 2795 1834 2861 eum3
1885 2775 2253 2861 sepedictus
2287 2775 2605 2858 Magister
2635 2774 2866 2839 Petrus
2906 2773 3114 2838 simul

850 2906 994 2951 cum
1031 2883 1255 2950 eodem
1290 2881 1497 2949 fratre
1550 2903 1666 2948 suo
1699 2884 1874 2967 apud
1910 2884 2279 2969 Posonium,
2327 2891 2476 2968 post
2510 2882 2685 2948 circa
2717 2882 3114 2965 Musuninm,

850 3013 978 3078 qno
1028 2992 1198 3058 idem
1231 2992 1371 3056 Rex
1404 2989 1835 3056 Bohemorum
1888 2997 2107 3056 castra
2156 3010 2274 3056 sua
2325 2988 2660 3073 defixerat,
2712 2987 2955 3068 milicie
2987 3007 3109 3052 sue

848 3102 1051 3168 aciem
1103 3096 1189 3164 ad
1222 3097 1463 3165 bellum
1518 3097 1931 3183 preparando
1953 3149 1971 3183 ,
2024 3117 2103 3163 ac
2137 3096 2394 3163 demum
2443 3096 2510 3162 in
2548 3096 2746 3162 fluuio
2779 3095 3114 3182 Rebucbe,

848 3207 1017 3274 vnde
1069 3206 1148 3270 de
1181 3225 1338 3272 area
1370 3205 1769 3294 certaminis,
1823 3226 2017 3290 quam
2052 3205 2224 3292 patri
2269 3211 2489 3272 nostro
2532 3204 2694 3270 felix
2728 3203 2992 3287 reliquit
3024 3204 3116 3271 vi·

850 3313 1075 3398 ctoria,
1135 3314 1247 3378 vix
1300 3311 1512 3379 euasit
1560 3311 1897 3401 fugitiuus,
1948 3318 2100 3380 ante
2149 3312 2316 3379 alios
2369 3312 2620 3379 irruens
2655 3314 2717 3378 in
2751 3312 3101 3378 aduersum

848 3421 1216 3507 intrepidus
1251 3422 1623 3509 exercitum,
1657 3421 1828 3488 tales
1861 3420 2087 3488 titulos
2120 3421 2448 3507 triumphi,
2480 3422 2808 3503 talemque
2841 3421 3109 3486 laudem

849 3530 1127 3600 obtinuit
1176 3532 1474 3614 victorie,
1546 3551 1813 3616 quorum
1889 3530 2259 3598 memoriam
2321 3552 2447 3597 non
2502 3531 2688 3597 tollet
2739 3528 2987 3597 obliuio
3043 3530 3116 3594 in

849 3649 1173 3725 eternum3
1225 3639 1381 3723 quia
1412 3639 1564 3707 licet
1615 3639 1950 3706 hincinde
2003 3641 2477 3726 inpugnaretur
2517 3646 2582 3705 et
2614 3645 2955 3722 pugnaret,
2989 3637 3115 3704 Be·

849 3751 982 3816 lam
1015 3756 1233 3816 tamen
1268 3748 1518 3815 Ducem
1548 3755 1704 3816 tunc
1751 3748 2044 3815 intimum
2094 3748 2298 3833 patris
2350 3746 2551 3814 nostri
2603 3743 3011 3813 defensorem
3047 3754 3112 3812 et

849 3856 1117 3924 militem
1151 3862 1499 3942 strenuum,
1555 3857 1696 3924 eius
1748 3877 1914 3940 equo
1966 3856 2032 3923 in
2083 3858 2259 3924 bello
2313 3864 2582 3939 mortuo,
2631 3853 2771 3940 ipse
2804 3853 3118 3937 Magister

847 3967 1083 4033 Petrus
1118 3964 1199 4032 de
1233 3966 1447 4035 medio
1481 3986 1690 4052 cuney
1730 3987 1847 4052 per
1879 3965 2266 4051 probitatem
2311 3985 2498 4032 suam
2533 3970 2599 4030 et
2631 3965 2932 4030 uirtutem
2968 3982 3111 4047 pro·

850 4073 1056 4158 priam
1115 4072 1399 4141 redemit
1450 4081 1514 4140 et
1557 4072 1835 4142 reduxit.
1885 4072 2184 4142 Ceterum
2239 4079 2385 4159 post
2436 4070 2771 4139 deceSSum
2826 4069 3116 4137 eiusdem

848 4183 1054 4268 patris
1106 4183 1311 4250 nostri
1363 4184 1551 4252 nobis
1592 4184 1680 4250 ad
1713 4183 2028 4251 Coronam
2061 4184 2332 4266 Regiam
2373 4188 2437 4248 et
2469 4181 2682 4266 Regni
2714 4180 2962 4248 Solium
2998 4201 3118 4264 per

849 4289 1324 4358 successionem
1376 4290 1840 4359 hereditariam
1911 4312 2023 4359 seu
2075 4291 2370 4360 ordinem
2422 4289 2722 4375 geniture
2783 4296 3117 4354 annuente

851 4399 1135 4467 Domino
1169 4398 1560 4487 sublimatis,
1617 4421 1762 4467 cum
1796 4422 1838 4468 a
1869 4399 2251 4467 dileccionis
2286 4396 2755 4481 retribucione,
2807 4400 2872 4461 et
2905 4394 3112 4462 fideli·

850 4509 1005 4574 tatis
1038 4525 1321 4591 munere,
1375 4509 1605 4593 quibus
1643 4508 1820 4576 idem
1851 4509 2161 4593 Magister
2193 4510 2424 4576 Petrus
2475 4512 2740 4592 propter
2790 4509 2886 4571 tot
2925 4504 3116 4570 meri·

849 4624 1059 4686 torum
1092 4635 1354 4686 suorum
1389 4616 1871 4703 prerogatiuam
1903 4638 1946 4685 a
1978 4618 2166 4686 nobis
2208 4615 2523 4686 fouendus
2557 4615 2790 4700 fuerat,
2847 4610 3116 4694 quidam

2017 4735 2028 4780 ι
