3319 5249
1794 338 1912 402 112

707 540 996 600 nostram
1048 534 1200 599 citet
1252 532 1659 615 presenciam
1719 535 1806 599 ad
1857 531 2197 598 terminum
2249 537 2755 617 competentem,
2806 529 2967 595 sacti

707 642 958 723 seriem,
1021 640 1191 708 diem
1261 639 1598 706 citacionis
1647 646 1715 704 et
1761 638 2129 723 terminum,
2170 639 2567 705 acnomina
2628 638 2971 704 citatorum

707 748 893 815 nobis
943 747 1382 814 rescribentes.
1449 750 1689 815 Datum
1741 746 1808 812 in
1838 746 2042 813 Mand
2091 744 2260 814 feria
2290 754 2482 815 sexta
2512 753 2662 831 post
2691 751 2965 813 octauas

707 859 1146 923 Pentecostes.

706 1038 976 1098 «ixl-lredctie
1003 1035 1352 1105 bb'rluirtysn,
1410 1053 1444 1088 a
1469 1034 1625 1087 hfitul
1664 1037 1766 1087 oda
1793 1041 2039 1100 uyomott
2063 1033 2243 1102 pei-set
2271 1036 2526 1088 elveszett
2550 1076 2562 1098 ,
2601 1051 2635 1086 a
2662 1037 2829 1086 budai
2858 1036 2961 1086 kir.

1503 1128 1748 1177 kamarai
1778 1123 2161 1192 leveltzirban.)

1782 1738 1887 1802 70.

703 1952 762 2017 A
816 1955 1083 2038 chur96i
1129 1955 1508 2018 konventnek
1540 1953 1832 2038 jelenle'se
1898 1952 2011 2016 IV.
2065 1953 2294 2016 Ldszlo'
2344 1954 2680 2036 kt'ra'lyhoz
2734 1953 2964 2016 Netech

1054 2069 1210 2124 nevit
1227 2060 1500 2146 fiildnek
1531 2063 1955 2146 hatsivjja'rcisa
1991 2061 2374 2146 tcirqyciban.
2417 2064 2606 2126 1274.

919 2257 1475 2323 Excellentissimo
1526 2255 1784 2324 domino
1833 2278 1949 2324 suo
1990 2257 2062 2324 L.
2095 2257 2217 2323 Dei
2251 2257 2475 2340 gracia
2505 2255 2758 2323 Illustri
2791 2258 2955 2336 Regi

705 2365 1038 2449 Hungarie
1091 2365 1460 2432 Conuentus
1512 2367 1757 2432 Domus
1794 2364 2155 2450 Hospitalis
2206 2366 2288 2431 de
2322 2364 2585 2448 Churgo
2629 2363 2964 2429 oraciones

704 2474 767 2537 in
804 2473 1080 2538 Domino
1115 2474 1370 2541 debitas
1405 2479 1467 2539 ct
1498 2472 1790 2541 deuotas-
1861 2472 2125 2541 Litteris
2158 2475 2395 2541 Uestre
2429 2474 2812 2542 Serenitatis
2845 2493 2961 2556 pro

702 2580 919 2647 debito
950 2588 1319 2648 reuerenter
1352 2580 1648 2669 receptis,
1695 2581 1878 2649 iuxta
1912 2581 2262 2650 earundem
2302 2581 2775 2649 continenciam
2810 2597 2956 2645 cum

703 2689 948 2755 Comitc
1013 2688 1315 2757 Farcasio
1380 2691 1460 2757 de
1509 2691 1692 2756 iuxta
1725 2692 1956 2756 Banna
2016 2690 2279 2758 homine
2342 2697 2562 2777 uestro
2622 2689 2953 2756 hominem

701 2805 988 2864 nostrum
1043 2797 1342 2864 idoneum
1407 2820 1484 2864 ac
1536 2799 1796 2866 fidelem
1851 2821 1968 2885 pro
2021 2800 2388 2866 testimonio
2440 2797 2957 2875 transmisimus3

701 2905 813 2988 qui
847 2906 1251 2991 postmodnm
1304 2906 1387 2973 ad
1420 2926 1536 2972 nos
1573 2926 1716 2973 cum
1766 2906 1993 2973 eodem
2046 2907 2301 2973 homine
2335 2914 2556 2974 nostro
2588 2905 2834 2972 reuersi
2867 2903 2958 2967 di·

704 3020 971 3097 xerunt,
1018 3014 1187 3096 qnod
1222 3020 1456 3080 terram
1490 3015 1738 3081 thech
1772 3021 2093 3101 uocatam,
2147 3016 2329 3081 iuxta
2362 3017 2646 3080 Drauam
2680 3012 2958 3080 existen·

703 3130 853 3204 tem,
903 3140 1029 3203 que
1077 3129 1250 3186 terra
1281 3122 1550 3208 Vydisio
1602 3122 1965 3207 iobagionis
2021 3123 2235 3189 Casti-i
2288 3122 2429 3188 sine
2479 3121 2719 3188 herede
2770 3120 2956 3186 decc·

704 3228 915 3294 dentis
945 3228 1176 3313 fuerat,
1222 3231 1630 3313 presentibus
1680 3232 1910 3298 uicinis
1945 3238 2009 3298 et
2059 3230 2560 3314 commetaneiS,
2606 3230 2673 3295 in
2711 3228 2958 3297 eisdem

704 3334 892 3402 metis
925 3343 989 3401 ct
1020 3336 1332 3417 terminis,
1372 3339 1606 3419 quibus
1641 3339 1809 3405 idem
1846 3339 2119 3423 Vydislo
2152 3338 2358 3404 tonuit
2392 3345 2455 3404 et
2488 3338 2797 3423 possedit,
2834 3344 2959 3402 sta·

700 3443 930 3510 tuisset
981 3451 1045 3509 et
1077 3444 1477 3527 assignasset
1511 3445 1744 3519 comiti
1781 3445 2005 3529 Oghuz
2041 3447 2174 3513 fiiio
2209 3445 2454 3533 Buzad,
2490 3446 2673 3511 nullo
2707 3452 2960 3512 contra-

701 3552 948 3619 dictore
1003 3555 1334 3622 existente.
1404 3556 1643 3619 Datum
1698 3556 1759 3620 in
1812 3556 2063 3621 octauis
2105 3556 2452 3621 Beatorum
2493 3553 2958 3639 Apostolorum

703 3660 872 3728 Petri
907 3668 969 3727 et
1001 3660 1206 3728 Pauli.

913 3772 1116 3837 Kiviil
1146 3793 1167 3833 .·
1220 3768 1782 3835 Excellentissimo
1845 3768 2106 3834 domiuo
2172 3791 2287 3835 suo
2354 3771 2420 3836 L.
2484 3767 2729 3835 Illustri
2792 3768 2957 3853 Regi

702 3879 1048 3963 Hungarie.

698 4061 970 4127 (Ereiietie
1008 4057 1330 4125 biirhe'utyaein
1356 4098 1368 4122 ‚
1408 4058 1663 4123 melynek
1708 4056 2040 4125 zaelrpecsctje
2079 4060 2369 4122 elveszett,
2417 4076 2451 4110 a
2491 4059 2657 4109 budai
2704 4058 2804 4107 kir.
2857 4059 2954 4107 ka-

1544 4151 1715 4198 marai
1742 4145 2100 4201 lov61tairban.
