3319 5249
1887 350 2018 420 414

1879 980 2035 1049 297.

833 1208 891 1272 A
924 1205 1117 1272 Nona
1148 1199 1494 1268 dalmatiai
1520 1204 1713 1266 vcia-os
1744 1202 1806 1267 έε
1838 1198 2004 1266 Arba
2040 1200 2235 1287 σπῖρα
2266 1199 2440 1265 kasti
2467 1195 3074 1283 ellenseqeskedesek-

1603 1310 1718 1375 ‘nek
1748 1310 2082 1376 dinume.
2118 1308 2313 1374 1284.

1042 1531 1118 1597 In
1168 1527 1412 1596 Christi
1463 1525 1720 1594 nomine
1770 1523 1997 1593 Amen.
2037 1524 2228 1591 Anno
2257 1520 2744 1591 Incarnacionis
2779 1521 3072 1591 eiusdem

831 1642 921 1706 Μ’
953 1638 1082 1707 000
1114 1636 1553 1722 octuagesimo
1604 1639 1855 1722 quarto,
1908 1632 2274 1733 indiccione
2322 1630 2527 1717 XIII.,
2576 1629 2683 1697 die
2731 1631 3076 1700 vndecima

830 1750 1116 1817 intrante
1165 1764 1386 1814 mense
1434 1740 1814 1812 Decembris
1862 1740 2101 1826 Jadre;
2154 1739 2552 1825 temporibus
2602 1738 2904 1824 equidem
2961 1739 3074 1807 do·

830 1855 986 1923 mini
1005 1855 1317 1923 ,Iohannis
1350 1849 1639 1920 Danduli
1658 1849 1901 1935 Inclyti
1922 1850 2122 1917 Ducis
2142 1846 2566 1915 veneciarum
2588 1869 2606 1931 ς
2625 1853 2692 1915 et
2710 1849 2884 1933 Mag.
2903 1848 3071 1914 Lau·

829 1965 1026 2052 rencij
1048 1962 1439 2033 venerabilis
1458 1958 1795 2032 Jadrensis
1815 1956 2319 2044 Archiepiseopi‚
2365 1976 2445 2024 ac
2478 1953 2718 2025 domini
2749 1955 3073 2026 ‚Iohannis

834 2072 1182 2142 Contareni
1211 2069 1473 2156 Egregij
1508 2067 1796 2136 Comitis.
1829 2067 1967 2134 Nos
2020 2066 2281 2150 quidem
2314 2067 2574 2149 Pasqua
2604 2063 2688 2131 de
2719 2062 3076 2132 Vaticassa

833 2182 1012 2250 Ciuis
1043 2180 1381 2249 Jadrensis
1411 2177 1625 2264 judex,
1657 2175 1917 2263 arbiter,
1959 2175 2304 2242 arbitrator
2334 2182 2400 2241 et
2429 2172 2794 2240 amicabilis
2826 2191 3080 2257 compo—

835 2292 997 2360 sitor
1026 2292 1192 2359 inter
1223 2285 1571 2375 Egregium
1599 2285 1808 2353 virum
1859 2285 2187 2351 dominum
2221 2285 2504 2349 Marcum
2535 2279 2926 2348 Michaelem
2958 2277 3076 2346 Co·

830 2403 1049 2469 mitem
1099 2400 1259 2466 Arbi
1316 2405 1381 2465 et
1431 2397 1780 2464 Commune
1829 2393 2115 2461 eiusdem
2148 2390 2444 2458 Ciuitatis
2477 2389 2788 2456 Arbensis
2822 2408 2907 2455 ex
2941 2407 3073 2454 uua

831 2516 1034 2598 parte,
1067 2516 1131 2576 et
1160 2508 1441 2576 nobilem
1469 2506 1679 2574 virum
1730 2503 2054 2570 dominum
2103 2502 2432 2569 Volcetam
2465 2502 2858 2567 Potestatem
2889 2498 3076 2563 None

835 2627 900 2686 et
949 2619 1298 2688 Commune
1348 2615 1634 2685 eiusdem
1685 2611 1982 2681 Ciuitatis
2013 2612 2200 2679 None
2232 2631 2312 2676 ex
2342 2608 2553 2676 altera
2585 2613 2789 2694 parte,
2821 2612 2895 2674 vt
2925 2624 3075 2672 con·

835 2735 967 2796 stat
1013 2749 1132 2816 per
1170 2727 1499 2816 publicum
1529 2725 2024 2792 instrumentum
2057 2717 2494 2805 compromissi
2527 2716 2685 2783 facti
2717 2735 2914 2783 manu
2945 2714 3076 2782 Ho-

841 2837 1052 2905 modei
1099 2835 1216 2921 filij
1268 2835 1587 2920 quondam
1636 2829 1952 2901 Johannis
2005 2828 2274 2913 Denarij
2326 2825 2655 2912 Imperiali
2686 2824 3076 2891 auctoritate

834 2945 1089 3031 Notarij
1141 2949 1206 3010 et
1253 2962 1424 3011 nunc
1470 2940 1780 3008 Arbensis
1829 2936 2038 3007 Jurati
2088 2935 2340 3020 Notarij
2383 2936 2452 3000 in
2484 2951 2656 2999 anno
2686 2928 3074 2996 Natiuitatis

840 3053 1078 3123 Christi
1127 3053 1229 3119 M⁰
1259 3053 1398 3120 00ο
1428 3049 1713 3119 LXXX⁰
1760 3052 2011 3133 quarto,
2063 3043 2430 3112 indiccione
2478 3036 2626 3106 XII.
2681 3037 2789 3106 die
2851 3037 3079 3103 vltimo

840 3161 1258 3246 Nouembris;
1306 3159 1545 3229 auditis
1577 3166 1641 3227 et
1671 3154 2041 3240 intellectis,
2077 3158 2141 3220 et
2171 3151 2516 3235 diligenter
2533 3146 2922 3215 examinatis
2936 3164 3077 3231 per-

833 3271 1146 3339 sonaliter
1193 3267 1262 3336 in
1309 3275 1579 3354 utraque
1624 3265 1891 3333 ciuitate
1939 3282 2081 3329 cum
2132 3257 2530 3328 solemnibus
2561 3254 2816 3340 nunciis
2848 3260 2916 3321 et
2945 3274 3080 3320 am-

833 3379 1308 3448 basciatoribus
1339 3379 1668 3463 utriusque
1697 3374 1897 3442 Terre
1928 3369 2222 3439 omnibus
2249 3367 2474 3436 litibus
2506 3371 2571 3432 et
2601 3363 3076 3448 questionibus,

837 3497 899 3559 et
927 3487 1385 3574 controuersijs
1417 3507 1496 3553 ae
1525 3481 1890 3569 discordijs,
1942 3500 2064 3566 que
2094 3479 2507 3545 vertebantur
2536 3475 2704 3541 inter
2735 3478 3077 3556 utramque

836 3597 1202 3685 Ciuitatem,
1250 3595 1552 3665 videlicet
1595 3593 1842 3660 Arbum
1895 3593 1958 3657 et
2007 3587 2284 3671 Nonam,
2316 3594 2448 3651 tam
2479 3604 2597 3669 pro
2629 3581 2840 3649 diuiso
2871 3600 3067 3666 quam

836 3727 949 3795 pro
1013 3707 1356 3793 communi,
1418 3724 1632 3772 coram
1695 3698 1993 3768 omnibus
2058 3694 2409 3781 propositis
2469 3699 2534 3758 et
2593 3689 2905 3774 allegatis
2965 3705 3082 3773 per

838 3823 1176 3902 utramque
1207 3819 1457 3903 partem
1476 3837 1493 3900 ;
1526 3818 1593 3879 et
1624 3828 1817 3895 super
1847 3806 1948 3875 his
1968 3804 2194 3874 habita
2215 3801 2694 3871 deliberacione
2715 3803 2780 3865 et
2799 3795 3073 3864 consilio

837 3927 1138 4013 diligenti
1189 3924 1465 4011 plurium
1514 3919 1885 4006 sapientum
1934 3922 2067 3983 tam
2108 3910 2494 3981 secularium
2527 3927 2719 3993 quam
2751 3904 3079 3989 religioso-

835 4056 995 4120 rum,
1045 4040 1111 4102 et
1158 4053 1303 4101 cum
1352 4026 1651 4115 diligenti
1701 4024 1918 4095 studio
1949 4021 2349 4107 inuestigata
2378 4024 2444 4087 et
2474 4015 2733 4101 cognita
2764 4014 3076 4095 veritate3

838 4153 903 4212 et
950 4143 1196 4213 vocatis
1252 4140 1456 4209 eciam
1488 4137 1678 4206 dictis
1697 4133 1987 4224 partibus
2019 4136 2086 4200 et
2113 4129 2328 4198 citatis
2353 4145 2569 4195 coram
2599 4122 2806 4204 nobis,
2837 4131 2904 4191 et
2934 4143 3079 4190 con·

837 4252 1047 4322 ductis
1094 4251 1245 4318 hinc
1292 4248 1361 4316 in
1408 4247 1674 4315 ciuitate
1719 4242 1922 4311 Jadre
1950 4260 2068 4329 per
2091 4238 2419 4323 legitimos
2448 4233 2717 4302 nuncios
2749 4239 2816 4302 et
2846 4232 3066 4298 amba·

838 4363 1151 4429 seiatores
1198 4359 1532 4442 utriusque
1580 4352 1881 4422 Ciuitatis
1930 4357 1995 4418 et
2024 4348 2356 4431 utriusque
2387 4340 2759 4412 Communis
2789 4343 3081 4406 astantes

836 4473 1170 4559 presentes
1224 4467 1312 4536 ad
1364 4467 1500 4553 hec,
1534 4470 1670 4532 tam
1702 4483 1819 4549 pro
1851 4459 2171 4528 communi
2200 4474 2393 4540 quam
2426 4472 2543 4539 pro
2574 4449 2784 4518 diuiso
2816 4467 3076 4517 suarum

841 4581 1209 4664 muitarum,
1264 4575 1616 4648 secundum
1667 4573 1939 4641 formam
1971 4575 2037 4639 et
2065 4570 2456 4656 potestatem
2488 4559 2673 4628 nobis
2704 4559 2930 4626 datam
2964 4575 3082 4641 per

840 4697 1178 4774 utramque
1210 4695 1462 4775 partem
1491 4686 1560 4753 in
1593 4684 1767 4751 dicto
1799 4677 2303 4767 compromisso:
2336 4672 2457 4740 Dei
2488 4669 2748 4738 nomine
2778 4666 3112 4737 inuocato.
