3319 5249
1916 345 2023 422 ,50

854 546 993 610 Rex
1044 563 1207 608 auus
1259 548 1480 608 noster
1530 541 1893 608 contulerat
1941 547 2004 607 et
2039 540 2402 606 donauerat
2444 538 2656 605 eidem
2701 540 2933 604 Comiti
2966 541 3117 604 Per-

856 651 1048 716 chino
1083 649 1412 732 quandam
1464 653 1705 714 terram
1738 648 1952 714 Castri
2004 646 2085 713 de
2115 644 2400 732 Ryuche,
2455 666 2581 729 que
2613 644 2946 711 uillicatus
2979 646 3116 711 Ma-

855 757 1028 840 chyk
1080 762 1505 840 nuncupatur,
1559 754 1745 818 iuxta
1796 773 2032 837 aquam
2062 753 2324 840 Velyka
2373 755 2756 819 existentem
2812 772 2955 818 cum
2994 772 3115 818 suo

856 863 1201 948 priuilegio
1236 868 1551 947 perpetuo
1607 861 2112 945 possidendam;
2160 859 2332 945 quod
2381 859 2642 943 quidem
2697 858 3116 944 priuilegium

855 973 965 1038 aui
999 972 1206 1037 nostri
1259 971 1568 1036 insertum
1622 977 1764 1036 erat
1795 968 1877 1034 de
1929 970 2125 1035 uerbo
2178 968 2263 1034 ad
2300 971 2563 1035 uerbum
2597 968 2727 1053 ipsi
2765 965 3117 1053 priuilegio

854 1080 1100 1146 domini
1153 1077 1356 1161 patris
1411 1078 1636 1158 nostri,
1691 1085 1755 1143 et
1801 1098 1919 1163 per
1972 1076 2139 1142 idem
2196 1075 2679 1158 confirmatum;
2729 1097 2852 1158 que
2904 1076 3117 1141 eciam

856 1185 1211 1271 priuilegia
1261 1166 1518 1250 demum
1572 1191 1636 1249 et
1667 1203 1783 1249 nos
1835 1204 2034 1269 super
2066 1182 2431 1250 huiusmodi
2465 1183 2826 1250 collacione
2857 1181 3119 1267 prefato

856 1293 1089 1360 Comiti
1122 1292 1400 1358 Percino
1432 1290 1612 1358 facta
1641 1293 2105 1377 approbantes,
2163 1311 2306 1358 cum
2341 1299 2559 1358 nostro
2591 1291 2951 1356 feceramus
2983 1291 3115 1373 pri-

858 1399 1098 1482 uilegio
1150 1399 1534 1466 confirmari.
1583 1398 1714 1466 Sed
1762 1400 1916 1482 quia
1966 1400 2212 1484 placuit
2265 1399 2472 1465 eidem
2526 1397 2760 1466 Comiti
2791 1397 3115 1464 Perchino

855 1508 1093 1575 dictam
1127 1514 1369 1573 terram
1401 1526 1724 1591 exponere
1765 1506 2154 1590 uendicioni,
2202 1507 2403 1591 pecijt
2455 1527 2497 1571 a
2529 1506 2715 1572 nobis
2750 1502 3013 1590 placide
3047 1511 3119 1570 et

856 1617 1197 1698 instanter,
1229 1623 1300 1681 ut
1331 1615 1456 1680 sibi
1491 1614 1572 1679 de
1604 1614 1834 1696 Regali
1869 1613 2367 1697 magnificencia
2396 1611 2908 1694 concederemus,
2940 1611 3118 1693 quod

858 1723 1100 1789 dictam
1153 1730 1392 1789 terram
1429 1741 1611 1787 suam
1646 1720 2045 1787 donaticiam
2098 1721 2305 1806 possit
2336 1728 2400 1786 et
2430 1722 2652 1786 valeat
2683 1719 2883 1785 libere
2915 1739 3115 1804 expo-

857 1850 1012 1896 nere
1064 1829 1451 1897 uendicioni.
1501 1830 1636 1896 Nos
1686 1829 1890 1913 igitur
1940 1828 2131 1894 iustis
2182 1828 2467 1895 eiusdem
2506 1827 2775 1895 Comitis
2808 1826 3120 1891 Perchini

857 1938 1156 2023 precibus
1208 1936 1656 2003 fauorabiliter
1704 1947 2080 2024 annuentes,
2130 1937 2570 2003 concessimus
2607 1944 2673 2002 et
2701 1935 3117 2022 permisimus

856 2045 977 2110 sibi
1032 2046 1314 2110 uendere
1382 2046 1764 2128 cuicumque
1830 2045 2035 2110 uellet
2095 2051 2333 2110 terram
2392 2045 2858 2130 supradictam.
2929 2043 3111 2109 Idem

856 2154 1074 2236 itaque
1126 2153 1353 2220 Comes
1393 2151 1747 2219 Perchinus
1799 2154 1866 2218 in
1917 2153 2141 2220 eodem
2193 2155 2461 2220 instanti
2513 2153 2709 2239 dedit,
2749 2150 3015 2217 tradidit
3050 2159 3117 2217 et

857 2260 1150 2326 uendidit
1181 2279 1395 2325 coram
1448 2260 1636 2326 nobis
1668 2261 1880 2345 ipsam
1914 2267 2155 2327 terram
2189 2261 2271 2325 de
2300 2260 2589 2345 Ryucbe,
2624 2278 2749 2342 que
2782 2257 3116 2323 uillicatus

857 2353 1142 2449 Machy'k
1192 2365 1446 2446 dicitur,
1496 2366 1871 2433 Alexandro
1906 2367 1988 2433 de
2021 2366 2248 2434 Mehus
2300 2365 2732 2452 personaliter
2778 2365 2844 2430 in
2897 2364 3114 2431 nostri

856 2475 1193 2559 presencia
1245 2476 1611 2555 constituto,
1666 2494 1781 2560 pro
1834 2474 2127 2542 ducentis
2176 2482 2240 2541 et
2272 2477 2616 2560 sexaginta
2666 2475 2901 2541 marcis
2935 2495 3111 2541 com-

853 2582 1067 2649 munis
1102 2584 1359 2668 argenti
1391 2583 1515 2650 sibi
1551 2582 1865 2668 plenarie,
1902 2583 2070 2651 sicut
2091 2583 2278 2667 dixit,
2312 2582 2676 2669 persolntffi,
2712 2584 2831 2651 sub
2863 2582 3113 2650 eisdem

855 2691 1040 2756 metis
1074 2698 1136 2755 et
1167 2690 1453 2757 terminis
1504 2690 1568 2756 in
1601 2691 1797 2758 dictis
1829 2692 2196 2775 priuilegiJs
2232 2692 2735 2777 comprehensiS,
2796 2699 3113 2775 perpetuo

853 2804 918 2861 et
968 2797 1483 2863 inreuocabiliter
1532 2797 2018 2882 possidendam.
2080 2800 2161 2864 Vt
2212 2798 2411 2882 igitur
2459 2799 2648 2864 huius
2702 2798 3112 2864 uendicionis

853 2904 1054 2971 series
1105 2925 1184 2970 ex
1215 2912 1441 2971 nostra
1480 2906 1905 2989 permissione
1956 2907 2127 2972 facte
2167 2912 2481 2991 perpetuo
2532 2915 2935 2992 perseueret,
2986 2927 3115 2972 nec

851 3032 967 3096 per
999 3014 1368 3098 quempiam
1420 3013 1622 3095 possit
1673 3013 1737 3078 in
1772 3014 2023 3079 irritum
2077 3014 2452 3097 retractari3
2504 3020 2842 3098 presentes
2893 3013 3110 3081 eidem

852 3119 1229 3185 Alexandro
1265 3119 1494 3185 Com'iti
1537 3119 1834 3187 dedimus
1870 3122 2139 3206 litteras,
2182 3120 2458 3205 duplicis
2493 3119 2698 3205 sigilli
2731 3121 2940 3188 nostri
2972 3142 3109 3187 mu·

852 3224 1094 3293 nimine
1127 3229 1478 3293 roboratas.
1528 3227 1772 3293 Datum
1825 3249 1943 3314 per
1993 3247 2224 3295 manus
2259 3226 2551 3310 Magistri
2583 3227 2919 3294 Benedicti
2956 3230 3109 3294 Pre-

852 3332 1050 3417 positi
1083 3332 1402 3399 Budensis
1452 3334 1604 3399 aule
1647 3340 1865 3400 nostre
1895 3333 2053 3400 Vice
2085 3332 2479 3419 Cancellarij
2521 3332 2741 3399 dilecti
2783 3342 2847 3398 et
2896 3333 3114 3401 fidelis

851 3438 1059 3504 nostri
1091 3460 1261 3504 auno
1292 3438 1554 3505 Domini
1605 3439 1949 3505 millesimo
1984 3439 2114 3507 (30ο
2146 3441 2627 3526 septuagesimo
2666 3449 2921 3528 quarte,
2974 3445 3111 3527 pri-

851 3545 959 3610 die
993 3546 1138 3612 idus
1173 3546 1495 3634 Januarij,
1530 3549 1741 3631 Regni
1782 3555 1998 3613 autem
2031 3549 2237 3615 nostri
2288 3568 2459 3614 anno
2510 3547 2815 3615 secundo.
2867 3551 3108 3616 Metro-

851 3653 1067 3737 polica
1131 3654 1306 3720 Sede
1368 3655 1830 3739 Strigoniensis
1892 3657 2185 3723 Ecclesie
2246 3662 2560 3741 vacante3
2608 3656 3110 3725 venerabilibus

848 3761 1141 3846 patribus
1173 3761 1499 3848 Stephano
1534 3762 1873 3829 Colocensi
1927 3769 1990 3828 et
2021 3765 2316 3830 Johanne
2355 3763 2730 3848 Spalatensi
2764 3763 3109 3850 Archiepi-

847 3871 1099 3956 scopis;
1154 3870 1499 3954 Lamperto
1548 3871 1891 3953 Agriensi,
1939 3870 2193 3938 Briccio
2234 3871 2695 3958 Obanadiensi,
2742 3871 2869 3939 Job
2905 3871 3108 3949 Quin-

801 3986 804 3987 ’
848 3977 1355 4062 queecclesiensi
1379 4028 1393 4057 ,
1448 3977 1651 4043 Paulo
1684 3978 2186 4063 wesprimiensi
2227 3979 2375 4044 aule
2405 3985 2622 4046 nostre
2655 3979 3108 4065 Cancellario;

846 4084 1193 4169 Phylyppo
1226 4083 1557 4150 Waciensi
1610 4087 1759 4151 aule
1794 4085 2058 4153 domine
2097 4088 2343 4170 Regine
2391 4087 2734 4154 karissime
2784 4089 3111 4168 consortis

847 4197 1066 4255 nostre
1117 4190 1567 4275 Cancellari03
1618 4192 2006 4260 Lodomerio
2060 4194 2492 4279 Waradieusi,
2548 4196 2951 4280 Thymotheo
2986 4196 3110 4260 Za·

845 4295 1190 4379 grabiensi,
1225 4299 1542 4381 Dyonisio
1577 4300 1907 4368 Jauriensi
1942 4311 2006 4367 ct
2036 4303 2229 4369 Petro
2251 4303 2725 4369 Transsiluano
2758 4302 3107 4387 Episcopis

847 4404 1177 4470 Ecclesiae
1211 4406 1334 4470 Dei
1366 4405 1640 4473 feliciter
1669 4408 2204 4490 gubernantibus.
2273 4409 2589 4496 Dyonisio
2619 4409 2946 4490 Palatino,
2982 4408 3105 4474 Co-

845 4510 1001 4577 mite
1051 4510 1130 4576 de
1180 4511 1448 4598 Oclych,
1504 4512 1737 4581 Jndice
1789 4514 2259 4601 Cumanorum3
2330 4516 2597 4585 Heri-ico
2651 4518 2831 4584 Bano
2893 4517 3106 4584 tocius

843 4618 1228 4706 Sclauonie;
1262 4621 1555 4706 Nycolao
1591 4622 1932 4708 Woyuoda
1963 4625 2398 4692 Transilvano
2432 4624 2681 4692 Comitc
2715 4627 2796 4690 de
2828 4625 3101 4712 Zouuk3
