3319 5249
1787 345 1910 421 186

1772 837 1923 905 127.

716 1017 778 1084 A
809 1019 1181 1085 kereszteaek
1200 1020 1753 1103 sze'kesfehe'rva'ri
1770 1021 2211 1105 konventje'nek
2232 1019 2780 1107 bizonysdqlevele,
2815 1023 2978 1108 hoqy

721 1122 984 1214 Cheqvei
1016 1125 1319 1195 Salamon
1353 1128 1680 1215 qunkuth
1728 1138 1888 1193 ‘nevit
1939 1128 2156 1215 helyam
2187 1128 2323 1194 Ζέυὸ
2354 1130 2630 1214 szdlleje't
2661 1131 2788 1195 Pa'l
2822 1131 2978 1195 olen-

1364 1237 1838 1324 dredipapm'zk
1857 1238 2092 1302 eladta.
2132 1238 2326 1304 1277.

933 1413 1303 1482 Conuentus
1371 1416 1624 1482 Domus
1684 1414 2048 1501 Hospitalis
2098 1415 2623 1483 Jerosolomitani
2673 1415 2757 1483 de
2807 1417 2978 1485 Alba

719 1524 1015 1591 omnibus
1058 1522 1299 1590 Christi
1352 1522 1648 1590 fidelibus
1685 1530 2020 1609 presentes
2070 1524 2325 1591 litteras
2363 1523 2756 1609 inspecturis
2807 1526 2978 1593 salu-

719 1620 851 1698 tem
883 1632 950 1698 in
980 1631 1259 1699 Domino
1293 1632 1781 1717 sempiternam.
1817 1631 1921 1698 Ad
1951 1632 2394 1701 vniuersorum
2427 1632 2734 1700 noticiam
2758 1640 2980 1701 tenore

719 1741 1126 1827 presencium
1160 1740 1456 1808 uolumus
1489 1741 1868 1827 peruenire,
1919 1742 2092 1826 quod
2144 1742 2456 1810 Salomon
2508 1741 2681 1807 filius
2730 1742 2869 1809 Bek
2902 1740 2984 1808 de

714 1847 877 1916 villa
909 1849 1174 1933 Chegue
1204 1849 1286 1916 de
1316 1849 1578 1936 populis
1627 1850 2008 1936 Monasterij
2065 1849 2149 1917 de
2199 1848 2445 1935 Mayad
2474 1869 2591 1934 pro
2626 1868 2701 1915 se
2749 1856 2816 1916 et
2847 1869 2966 1935 pro

722 1957 864 2042 ipso
898 1957 1039 2023 Bek
1073 1962 1263 2042 patre
1295 1975 1433 2041 suo,
1468 1962 1533 2023 et
1566 1977 1684 2042 pro
1718 1956 1986 2044 Chama,
2021 1964 2086 2023 et
2119 1977 2235 2042 pro
2268 1954 2568 2025 Johanne
2601 1956 2758 2042 filijs
2779 1956 2985 2041 ipsius

719 2062 882 2149 Bek,
933 2064 1241 2133 fratribus
1277 2068 1434 2150 suis,
1468 2085 1687 2133 coram
1720 2065 1910 2133 nobis
1944 2068 2329 2134 constitutus
2362 2065 2688 2150 quandam
2722 2064 2979 2134 vineam

720 2190 906 2238 suam
940 2172 1270 2239 emticiam
1291 2224 1310 2260 ,
1359 2179 1429 2238 ut
1479 2171 1775 2259 dicebat,
1825 2172 1892 2237 in
1944 2172 2268 2240 territorio
2294 2172 2500 2259 ipsius
2535 2172 2692 2240 ville
2723 2174 2984 2259 Cbegue

720 2277 788 2342 in
820 2279 963 2345 loco
992 2278 1344 2362 Egenkuth
1375 2286 1628 2364 uocato,
1678 2283 1863 2347 iuxta
1896 2279 2153 2349 vineam
2204 2280 2566 2368 Michaelis,
2618 2278 2884 2348 Crestus
2919 2287 2986 2348 et

719 2386 950 2453 Jacobi
979 2386 1257 2455 filiorum
1291 2387 1448 2454 Ibus
1480 2388 1565 2454 de
1596 2387 1762 2454 villa
1814 2388 2012 2476 Gyug
2042 2408 2086 2455 a
2113 2394 2305 2474 parte
2341 2387 2754 2457 meridionali
2788 2409 2983 2476 super

720 2494 925 2562 tribus
958 2495 1291 2581 iugeribus
1323 2500 1637 2561 terrarum
1673 2496 1905 2581 sitam,
1955 2517 2100 2564 cum
2155 2503 2333 2563 terra
2378 2495 2652 2563 duorum
2685 2496 2980 2580 iugerum

719 2624 838 2690 pro
867 2602 1232 2692 plantanda
1263 2602 1458 2671 vinea
1491 2604 1885 2691 competenti
1935 2604 2021 2671 ab
2072 2605 2323 2672 oriente
2376 2603 2591 2673 eidem
2646 2603 2838 2672 vinee
2875 2626 2985 2672 an-

721 2732 892 2780 nexa
921 2713 1126 2780 Paulo
1158 2713 1399 2778 clerico
1432 2711 1567 2777 filio
1598 2712 1920 2798 Stephani
1953 2712 2175 2780 clerici
2219 2713 2302 2780 de
2333 2712 2502 2780 villa
2521 2711 2851 2781 Olendred
2868 2734 2988 2800 pro

725 2827 1002 2905 quatuor
1032 2821 1270 2887 marcis
1305 2819 1716 2887 denariorum
1748 2828 2060 2908 perpetuo
2113 2828 2179 2888 et
2218 2821 2491 2907 pacifice
2523 2821 2985 2908 possidendam

723 2934 823 2994 est
855 2928 1192 2996 confessus
1226 2927 1619 3013 uendidisse,
1671 2934 1737 2994 et
1769 2930 1981 3015 ipsam
2015 2931 2358 3014 pecuniam
2399 2929 2484 2996 ab
2519 2929 2745 2998 eodem
2779 2930 2988 2998 Paulo

724 3038 959 3105 elerico
1008 3038 1199 3123 plene
1249 3037 1617 3122 recepisse;
1666 3058 1744 3106 eo
1776 3045 2150 3124 assumpto,
2200 3039 2373 3124 quod
2422 3041 2791 3122 quicunque
2841 3058 2983 3123 pre-

725 3144 968 3213 dictam
1020 3145 1276 3212 vineam
1329 3145 1432 3211 uel
1484 3151 1724 3212 terram
1776 3146 2046 3213 duorum
2075 3148 2387 3231 *iugerum
2440 3154 2868 3215 memoratam
2902 3147 2988 3214 ab

723 3254 869 3340 ipso
897 3254 1108 3321 Paulo
1143 3253 1379 3320 clerico
1431 3255 1536 3320 uel
1594 3255 1679 3320 ab
1733 3255 1874 3321 eius
1908 3254 2253 3322 heredibus
2285 3261 2577 3341 repetere
2611 3254 2890 3322 uoluerit
2922 3254 2990 3321 in

727 3369 1075 3446 posterum,
1124 3361 1294 3428 idem
1327 3362 1469 3428 Bek
1502 3368 1565 3427 et
1595 3362 1734 3430 eius
1765 3361 1881 3446 filij
1919 3362 2216 3449 superius
2256 3361 2601 3448 nominati,
2651 3383 2730 3430 ac
2762 3380 2986 3428 conse·

729 3478 999 3554 quenter
1031 3467 1302 3538 heredes
1336 3472 1641 3556 ipsorum,
1680 3492 1935 3557 semper
1966 3478 2029 3537 et
2059 3472 2300 3556 vbique
2338 3470 2645 3557 expedire
2678 3471 2985 3536 tenebun-

729 3587 835 3645 tur
863 3578 1093 3645 labore
1154 3579 1418 3663 proprio
1469 3586 1533 3645 et
1583 3597 1895 3663 expensa.
1964 3580 2041 3645 In
2092 3579 2276 3644 cuius
2318 3580 2415 3645 rei
2447 3577 2889 3644 testimouium
2924 3584 2987 3643 et

727 3689 1101 3754 memoriam
1135 3686 1489 3771 pleniorem
1522 3683 1610 3751 ad
1643 3684 2026 3770 peticionem
2062 3688 2193 3752 iam
2216 3685 2373 3751 dicti
2393 3685 2761 3753 Salomonis
2781 3686 2993 3752 Paulo
3040 3702 3058 3720 ·

726 3796 961 3862 clerico
1024 3794 1356 3880 sepedicto
1420 3801 1755 3878 presentes
1816 3794 2113 3861 dedimus
2173 3794 2431 3861 litteras
2495 3799 2713 3861 nostro
2768 3792 2992 3878 sigillo

729 3902 1201 3987 communitas3
1296 3921 1470 3968 anno
1543 3901 1809 3967 Domini
1879 3902 2101 3970 M⁰CC⁰
2162 3902 2647 3988 septuagesimo
2711 3901 2995 3985 septimo

729 4017 965 4078 octauo
1015 4009 1164 4075 idus
1218 4008 1621 4076 Nouemsris.
1693 4010 1920 4077 Fratre
1981 4009 2303 4077 Robertho
2362 4009 2586 4075 Priore
2637 4007 3000 4092 eodemque

729 4116 1008 4184 Custode
1037 4116 1336 4183 Ecclesie
1366 4122 1607 4200 nostre,
1663 4124 1726 4183 et
1757 4117 1961 4183 fratre
2006 4118 2259 4202 Wgone
2310 4117 2695 4202 Prcceptore
2748 4117 2996 4181 Domus

730 4230 951 4293 nostre
984 4224 1435 4291 existentibus.

622 4429 633 4438 2
730 4384 797 4448 (Δ
821 4386 1171 4439 keresztesek
1199 4383 1682 4438 melros-sehervari
1708 4386 2113 4452 konventjeuek
2161 4390 2313 4439 1328.
2341 4404 2515 4448 „nono
2546 4387 2665 4438 idus
2699 4385 2863 4451 Julij,
2892 4386 3000 4436 fra·

727 4481 811 4526 tre
836 4476 1061 4527 Markus
1086 4476 1410 4542 Preceptore
1435 4484 1490 4528 et
1515 4474 1687 4529 fratre
1713 4479 1973 4546 Philippo
2003 4478 2238 4531 Custode
2263 4479 2510 4530 Ecclesie
2547 4482 2730 4529 nostre
2757 4476 2987 4530 existen·

730 4567 905 4617 tibus⁸
957 4565 1268 4626 „Johannes
1293 4565 1433 4618 filius
1459 4566 1663 4618 Mathei
1689 4570 1924 4634 proximi
1962 4568 2194 4634 quodam
2219 4569 2381 4619 Pauli
2412 4567 2595 4618 clerici
2641 4565 2706 4616 de
2745 4565 2999 4617 Inferiori

728 4656 867 4707 villa
890 4653 1137 4708 Endred“
1169 4652 1411 4708 szamasa
1436 4656 1552 4708 kelt
1577 4653 1870 4710 atiratabol
1894 4677 1907 4722 ς
1947 4673 1981 4709 a
2007 4658 2173 4710 budai
2201 4659 2302 4708 kir.
2339 4653 2585 4712 kamarai
2609 4651 2993 4718 leveltarban.)
