3319 5249
1841 385 1977 455 264

1833 937 1984 1007 183.

780 1134 903 1203 IV.
955 1136 1189 1205 &0216
1236 1138 1457 1224 kirdly
1507 1137 2003 1224 v69int62kedesi
2032 1142 2222 1225 Joqot
2270 1138 2360 1203 dd
2408 1136 2671 1201 Moridn
2703 1137 3032 1203 conte-mele.

1687 1247 1881 1314 1279.
1929 1246 2131 1312 horel.

999 1437 1351 1507 Ladizlaus
1387 1439 1514 1506 Dei
1544 1440 1770 1524 gracia
1797 1441 1934 1506 Rex
1968 1439 2255 1524 Vngarie
2286 1436 2589 1507 fidelibus
2619 1437 2757 1506 suis
2790 1437 3037 1505 Abbati

782 1554 847 1615 et
879 1546 1243 1614 Conuentui
1277 1545 1685 1614 Waradiensi
1718 1547 1998 1614 salutem
2032 1551 2097 1612 et
2125 1543 2436 1631 graciam.
2471 1544 2631 1612 Cum
2663 1565 2780 1613 nos
2802 1544 3037 1612 Comiti

780 1653 1074 1722 Moriano
1123 1653 1257 1721 filio
1284 1652 1565 1721 Moriani
1613 1674 1746 1721 non
1789 1653 2082 1741 habenti.
2113 1653 2426 1738 heredes,
2477 1654 2650 1722 sicut
2702 1652 2907 1739 dixit,
2958 1652 3040 1718 de

781 1762 1302 1849 possessionibus
1334 1762 1506 1848 suis,
1556 1763 1941 1846 cuicumque
1989 1761 2303 1850 voluerit,
2356 1762 2630 1829 liberam
2668 1758 3038 1826 dederimus

782 1869 1153 1938 conferendi
1203 1869 1617 1958 facultatem3
1680 1871 1982 1938 fidelitati
2035 1878 2251 1939 vestre
2298 1870 2718 1958 precipiendo
2768 1869 3037 1937 manda-

785 1998 964 2066 mus,
1014 1983 1333 2065 quatenus
1382 1979 1693 2065 quicquid
1746 1980 1921 2046 idem
1953 1979 2036 2047 de
2067 1978 2584 2064 possessionibus
2612 1980 2751 2045 suis
2783 1975 3038 2045 ordina-

786 2085 952 2155 uerit
981 2106 1199 2155 coram
1231 2086 1438 2171 uobis,
1484 2093 1736 2154 uestras
1788 2084 1998 2152 eidem
2030 2085 2118 2152 ad
2146 2085 2270 2153 hoc
2301 2084 2752 2172 priuilegiales
2785 2084 3042 2151 litteras

786 2191 1139 2261 concedere
1187 2192 1505 2261 debeatis.
1565 2195 1809 2260 Datum
1858 2193 1928 2260 in
1975 2193 2165 2261 Surlo
2216 2194 2283 2259 in
2335 2190 2501 2263 festo
2551 2191 2741 2260 Beati
2783 2190 3043 2259 Andree

784 2300 1108 2389 Apostoli.

1242 2462 1314 2528 (A
1338 2462 1504 2517 buda
1528 2458 1906 2528 ksptnlannak
1938 2462 2057 2513 isc.
2085 2478 2157 2513 uz.
2184 2476 2235 2513 ι.
2263 2455 2595 2526 Auratam.)
2718 2525 2730 2530 ,

1703 2697 2128 2708 ————--———

1843 3087 1994 3156 184.

789 3291 1051 3356 Moridn
1086 3289 1400 3355 comesnek
1428 3288 1846 3374 veqrendelete
1862 3337 1883 3369 ,
1931 3290 2219 3375 melylyel
2267 3288 2479 3355 wbbek
2516 3289 2661 3355 kezt
2692 3312 2735 3354 a
2763 3290 3037 3376 nytilszi·

788 3400 916 3485 qeti
962 3395 1551 3485 apdczazdrddnak
1601 3400 1663 3463 is
1710 3394 1981 3463 birtokot
2027 3400 2532 3483 haqyomdnyoz.
2617 3400 2810 3464 1279.
2851 3397 3043 3464 karta

1004 3589 1572 3658 Excellentissimo
1609 3590 1869 3659 domino
1902 3611 2018 3659 suo
2048 3592 2362 3658 Ladizlao
2393 3590 2517 3658 Dei
2559 3589 2786 3677 gracia
2813 3592 3052 3661 illustri

791 3699 951 3783 Regi
999 3698 1292 3782 Vngarie
1342 3696 1713 3767 Conuentus
1763 3700 2143 3785 Monasterij
2208 3698 2673 3769 waradiensis
2707 3699 3049 3768 oraciones

784 3810 856 3877 in
886 3805 1161 3873 Domino
1209 3811 1341 3872 tam
1391 3805 1643 3874 debitas
1696 3826 1889 3890 quam
1923 3805 2217 3874 denotas.
2264 3808 2545 3875 Litteras
2596 3807 2826 3875 Vestre
2855 3826 3041 3875 reue-

785 3920 1027 4000 rentur,
1057 3920 1132 3979 ut
1162 3919 1474 3997 tenemur,
1520 3914 1882 3999 recepimus
1916 3915 2035 3981 sub
2070 3914 2192 3981 hac
2223 3915 2472 3983 forma:

1001 4018 1356 4088 Ladizlaus
1418 4020 1503 4087 D.
1565 4040 1661 4105 gr.
1724 4023 1866 4089 Rex
1931 4022 2219 4105 Vngarie
2278 4022 2404 4089 stb.
2468 4019 2896 4105 (klivetkezik
2943 4022 3055 4087 IV.

782 4126 1023 4195 Laszlo
1055 4125 1418 4215 kiralynak
1461 4129 1608 4196 183.
1645 4149 1736 4194 sz.
1769 4149 1831 4195 a.
1867 4126 2251 4214 engedelye.

1002 4233 1277 4303 Nouerit
1323 4234 1521 4320 igitur
1569 4234 1803 4302 Uestre
1853 4235 2351 4302 Dominacionis
2399 4234 2820 4321 Magnitudo,
2871 4236 3052 4321 quod

787 4342 875 4410 ad
912 4342 1185 4410 eundem
1238 4342 1555 4412 Comitem
1593 4344 1951 4411 Morianum
1990 4344 2059 4409 in
2091 4344 2259 4412 lecto
2292 4343 2681 4428 egritudinis
2712 4361 2831 4410 sue
2860 4361 3056 4412 accu-

788 4452 1076 4540 bantem,
1111 4450 1198 4518 ad
1217 4452 1607 4538 peticionem
1633 4452 1839 4538 ipsius
1864 4472 1983 4539 per
2001 4469 2189 4519 suum
2220 4452 2531 4519 nuncium
2551 4451 2858 4533 delatam,
2880 4449 3057 4518 misi·

794 4577 936 4627 mus
955 4578 1151 4626 unum
1171 4579 1253 4628 ex
1270 4557 1462 4628 nobis
1482 4560 1693 4629 virum
1713 4559 2060 4647 ydoneum,
2089 4578 2302 4625 coram
2325 4578 2451 4644 quo
2471 4558 2646 4627 idem
2670 4559 2899 4628 Comes
2917 4559 3053 4628 Mo·

787 4662 1016 4734 rianus
1064 4686 1249 4736 suum
1302 4668 1611 4737 conderet
1659 4673 2133 4736 testamentum.
2182 4665 2307 4745 Qui
2364 4666 2772 4753 postmodum
2809 4666 2898 4733 ad
2927 4687 3050 4742 nos
