3319 5249
1390 335 1523 399 459

1296 424 1557 433 w-—e—omm
1592 426 1603 433 .

1377 1140 1528 1224 aso.

314 1380 376 1446 A
429 1379 805 1444 keresztesek
854 1379 1219 1461 eszterqami
1266 1374 1717 1463 konnentjenek
1790 1376 2342 1459 bizonysciqlevele,
2414 1378 2578 1461 hoqy

316 1487 608 1551 fila-rothi
671 1486 882 1572 Falbp
943 1486 1264 1550 comesnek
1311 1485 1450 1568 fiai
1488 1484 1766 1549 Thuteus
1826 1492 1995 1545 ‘nevil
2058 1482 2578 1549 &rb‘kbirtokukat

312 1595 559 1660 Miklds
600 1596 664 1659 6⁸
694 1595 879 1658 Pe‘ter
921 1594 1357 1674 mesterelcnek,
1405 1590 1617 1658 Weeoh
1656 1591 2033 1656 unokdinak
2064 1591 2343 1658 ezadtdk.
2377 1592 2573 1659 1287.

532 1816 761 1891 Frater
789 1823 1168 1890 Dominicus
1199 1824 1514 1912 Magister
1533 1824 1780 1890 Domus
1801 1824 2166 1911 Hospitalis
2199 1824 2424 1892 Sancti
2443 1827 2568 1893 Re·

312 1936 419 2018 gis
455 1933 536 2000 de
569 1932 898 2016 Strigonio
930 1939 995 1998 et
1028 1933 1400 2000 conuentus
1429 1933 1716 2000 eiusdem
1750 1934 2014 2018 Domus,
2065 1932 2388 2000 vniuersis
2437 1938 2570 1997 tam

310 2040 726 2127 presentibus
759 2061 956 2125 quam
990 2039 1222 2106 futuris
1243 2047 1583 2126 presentes
1602 2042 1857 2108 litteras
1879 2041 2264 2126 inspecturis
2287 2039 2568 2106 salutem

309 2150 377 2216 in
415 2149 700 2216 omnium
732 2149 1081 2216 saluatore.
1114 2146 1217 2214 Ad
1270 2148 1712 2215 vniuersorum
1761 2147 2071 2216 noticiam
2123 2148 2349 2215 harum
2402 2146 2570 2214 serie

307 2257 609 2324 volumus
640 2256 1011 2341 peruenire:
1048 2253 1220 2339 quod
1253 2256 1484 2322 Comes
1503 2257 1841 2343 Nicolaus,
1867 2255 2187 2340 Georgius
2207 2261 2274 2320 et
2290 2253 2568 2338 Turdus,

307 2363 432 2448 filij
468 2362 736 2430 Comitis
765 2362 1080 2449 Phylpus,
1114 2362 1367 2428 nobiles
1399 2361 1708 2430 videlicet
1739 2364 1819 2429 de
1857 2362 2130 2445 Moroth,
2182 2380 2400 2428 coram
2456 2379 2571 2425 no·
2649 2423 2654 2428 .

309 2472 416 2539 bis
449 2469 877 2555 personaliter
907 2468 1237 2537 constituti
1269 2469 1549 2537 confessi
1579 2475 1731 2539 sunt
1750 2470 1904 2537 vina
1924 2491 2100 2554 uoce,
2123 2468 2295 2554 quod
2333 2475 2568 2534 terram

308 2599 498 2648 suam
529 2575 993 2645 hereditariam
1030 2577 1321 2645 Thuteus
1369 2584 1667 2645 vocatam
1719 2578 2171 2646 vendidissent
2223 2584 2288 2643 et
2344 2595 2566 2644 coram

307 2686 499 2779 nobis
530 2684 956 2752 vendiderunt
986 2685 1299 2770 Magistro
1330 2685 1630 2772 Nycalao
1667 2693 1731 2753 et
1762 2687 2077 2770 Magistro
2109 2687 2319 2768 Petro,
2367 2702 2568 2769 nepo-

308 2797 486 2862 tibus
519 2792 778 2878 Weech‚
815 2791 1099 2875 quinque
1131 2793 1364 2859 marcis
1397 2791 1692 2878 plenarie
1744 2793 2022 2878 receptis
2073 2799 2138 2859 et
2186 2790 2429 2858 habitis
2483 2791 2569 2855 ab

309 2901 579 2988 eisdem,
601 2900 670 2964 in
702 2898 943 2967 eisdem
976 2899 1162 2967 metis
1195 2905 1258 2965 et
1274 2901 1595 2982 terminis,
1628 2901 1795 2967 sicut
1815 2900 1940 2986 ipsi
1961 2899 2159 2985 ijdem
2179 2898 2565 2983 dignoscun-

308 3015 418 3074 tur
449 3005 840 3093 possedisse,
873 3007 1011 3075 iure
1044 3007 1438 3075 hereditario
1470 3009 1540 3075 in
1572 3008 1742 3076 filios
1775 3008 2057 3076 filiorum
2105 3005 2565 3075 inreuocabili-

310 3122 412 3182 ter
444 3120 510 3180 et
546 3113 612 3179 in
643 3122 1024 3200 perpetuum
1058 3113 1545 3200 possidendam.
1579 3114 1776 3182 Cuius
1807 3113 2070 3197 quidem
2101 3121 2275 3181 terre
2305 3113 2543 3199 propin

307 3221 572 3305 quiores
641 3220 1141 3289 conterminales
1205 3222 1479 3306 predicti
1547 3222 1781 3289 Comes
1845 3221 2203 3309 Nycolaus,
2233 3219 2558 3302 Georgius

306 3340 372 3396 et
406 3327 703 3396 Thurdos
736 3349 777 3394 a
806 3335 992 3415 parte
1025 3329 1352 3413 aquilonis
1385 3329 1647 3398 eosdem
1680 3330 2061 3413 Magistrum
2094 3327 2459 3412 Nycolaum
2497 3333 2563 3392 et

308 3438 616 3520 Petrum;
650 3455 693 3501 a
728 3441 912 3521 parte
945 3457 1100 3503 uero
1151 3427 1564 3504 meridionali
1616 3444 1861 3503 terram
1912 3428 2203 3503 Ecclesie
2254 3434 2563 3501 Albensis

308 3564 351 3609 a
384 3552 574 3629 parte
606 3545 776 3614 silue
807 3565 953 3612 esse
984 3545 1381 3613 afirmarunt.
1416 3544 1807 3629 obligantes
1841 3547 2046 3612 eciam
2100 3565 2173 3611 se
2222 3544 2354 3609 iam
2412 3543 2567 3609 dicti

310 3651 543 3718 Comes
574 3651 928 3735 Nycolaus,
965 3652 1289 3735 Georgius
1323 3659 1396 3721 nt
1428 3654 1729 3721 Thurdos
1762 3652 1848 3720 ad
1897 3654 2036 3738 hoc,
2071 3658 2135 3718 et
2166 3651 2340 3718 filios
2388 3669 2562 3735 suos,

307 3778 461 3844 ymo
494 3755 664 3826 filios
692 3758 972 3825 filiorum
1007 3758 1380 3847 eorundem,
1416 3767 1484 3826 ut
1517 3760 1574 3826 si
1604 3781 1722 3846 per
1753 3761 2121 3846 quempiam
2155 3758 2416 3825 racione
2467 3759 2562 3841 ip·

308 3866 444 3931 sins
477 3870 647 3931 terre
695 3886 1002 3950 processu
1052 3874 1404 3951 temporum
1457 3875 1683 3935 contra
1734 3872 2121 3934 memoratos
2172 3867 2559 3950 Magistrum

308 3970 672 4058 Nycolaum
708 3978 772 4039 et
800 3973 1085 4059 Petrum,
1118 3975 1221 4040 uel
1273 3994 1422 4042 suos
1471 3974 1746 4043 heredes
1798 3972 2236 4059 heredumque
2286 3993 2552 4041 suorum

315 4099 724 4145 successores
756 4081 1027 4148 materia
1058 4081 1417 4165 questionis
1448 4082 1586 4148 fieri
1621 4082 1972 4167 contingat,
2025 4082 2329 4168 expedire
2378 4088 2548 4148 tenc·

310 4193 529 4253 rentur
563 4184 897 4273 (propriis)
932 4188 1260 4272 laboribus
1296 4195 1361 4256 et
1395 4192 1717 4274 expensis.
1750 4190 1834 4255 Vt
1866 4189 2065 4274 igitur
2096 4190 2288 4257 huius
2342 4185 2564 4256 vendi·

310 4295 517 4362 cionis
549 4313 665 4360 seu
698 4297 1050 4379 empcionis
1083 4297 1286 4364 series
1315 4299 1512 4364 robur
1541 4304 1854 4385 perpetue
1884 4297 2214 4370 firmitatis
2268 4299 2563 4366 obtineat

309 4420 432 4466 nec
460 4420 581 4485 per
613 4400 978 4486 quempiam
1010 4404 1077 4469 in
1109 4404 1357 4470 irritum
1390 4405 1611 4472 valeat
1643 4407 1982 4475 retractari
2001 4457 2021 4492 ,
2053 4406 2144 4471 ad
2175 4405 2557 4482 instanciam

311 4515 376 4573 et
405 4507 796 4591 peticionem
831 4510 1181 4579 eorundem
1216 4512 1489 4579 Comitis
1519 4514 1581 4578 N
1581 4513 1819 4597 ycolai,
1853 4511 2115 4598 Georgij
2158 4521 2221 4578 et
2255 4512 2556 4578 Thurdos

304 4614 658 4701 sepedictis
690 4614 1005 4702 Magistro
1058 4618 1350 4704 Nycolao
1399 4627 1465 4687 ct
1512 4621 1706 4688 Petro
1757 4629 2092 4706 presentes
2121 4620 2558 4690 concessimus
