3319 5249
1391 382 1581 480 ιδ’(-

298 579 505 663 Regni
542 580 768 661 nostri,
817 587 1082 664 propter
1133 599 1259 663 que
1310 577 1481 645 idem
1535 578 1835 645 dominus
1876 576 2072 647 Ottou
2104 578 2458 647 maioribus
2493 587 2558 647 et

298 686 730 773 amplioribus
762 687 1359 756 remuneracionum
1409 686 1594 752 donis
1628 685 1861 768 dignus
1911 686 2292 772 haberetur;
2342 687 2408 752 in
2439 687 2556 754 ali·

300 795 562 880 qualem
630 802 848 862 tamen
910 795 1571 881 reconpensaeionum
1630 793 2057 860 seruiciorum
2110 814 2369 861 suorum
2409 816 2554 881 pre-

296 902 506 972 dietas
538 905 983 991 possessiones
1031 902 1405 980 seuuillas,
1457 921 1728 985 quarum
1778 901 2041 967 nomina
2092 904 2158 970 in
2210 903 2554 988 priuilegio

288 1011 561 1108 predicti
615 1014 825 1098 patris
885 1012 1090 1079 nostri
1144 1010 1311 1077 dixit
1360 1011 1584 1078 taliter
1632 1010 1986 1097 contium-13
2036 1011 2343 1077 videlieet
2395 1011 2556 1078 uilla

286 1121 631 1204 Razlauth,
680 1122 837 1187 item
868 1120 1033 1187 uilla
1065 1119 1305 1186 Sancte
1337 1119 1698 1204 TrinitatiS,
1747 1118 1910 1185 villa
1942 1116 2243 1186 Omnium
2281 1118 2548 1185 Sancto·

292 1247 450 1314 rum,
470 1227 638 1295 villa
658 1228 939 1314 Kobula,
977 1227 1143 1294 villa
1160 1225 1426 1312 Bardfa,
1464 1226 1877 1313 Mokurlang‚
1914 1225 2230 1312 Guebold‚
2262 1227 2557 1310 Margan,

289 1333 625 1421 Stemella,
680 1343 744 1403 et
773 1334 1134 1421 Rodamyn,
1184 1354 1326 1401 oum
1359 1334 1656 1401 omnibus
1706 1334 2097 1401 utilitatibus
2132 1342 2197 1401 et
2227 1336 2553 1419 pertinen-

289 1443 411 1528 oijs
444 1443 769 1511 vniuersis
800 1442 1009 1509 eidem
1073 1440 1333 1508 domino
1388 1441 1646 1528 ottoni,
1699 1449 1761 1509 et
1812 1462 1928 1527 per
1958 1461 2103 1508 eum
2135 1440 2272 1509 suis
2303 1440 2553 1509 heredi-

293 1554 433 1636 bus,
482 1551 922 1635 heredumque
972 1569 1232 1616 snorum
1284 1550 1762 1616 successoribus
1815 1548 2126 1633 dedimus,
2166 1549 2552 1617 donanimus

296 1669 358 1726 et
390 1661 784 1727 contulimus
819 1661 959 1726 iure
991 1666 1296 1744 perpetuo
1334 1657 1788 1743 possidendae,
1838 1657 2263 1724 donacionem
2297 1677 2413 1724 seu
2433 1658 2553 1724 col·

303 1768 627 1835 lacionem
660 1766 954 1834 eiusdem
986 1765 1191 1851 patris
1212 1765 1419 1831 nostri
1460 1764 1787 1833 mediante
1806 1765 2146 1851 priuilegio
2168 1786 2285 1832 suo
2307 1765 2549 1831 saetam

296 1875 762 1942 confirmando.
813 1872 1001 1941 Vnde
1034 1874 1349 1957 uolumus,
1395 1875 1567 1957 quod
1608 1874 1829 1940 nullus
1864 1873 2181 1940 Comitum
2215 1893 2331 1941 seu
2374 1874 2551 1940 nobi-

296 1984 452 2061 lium
483 1983 696 2067 Regni
729 1982 927 2049 nostri
961 1981 1171 2068 ipsum
1217 1981 1545 2047 dominum
1603 1983 1902 2049 Ottonem
1953 1982 2211 2048 racione
2261 1982 2550 2067 ipsarum

298 2092 784 2177 possessionum
817 2091 995 2158 ultra
1026 2090 1298 2157 sormam
1349 2088 1674 2174 priuilegij
1729 2089 2020 2156 eiusdem
2071 2090 2278 2175 patris
2329 2090 2552 2173 nostri,

296 2208 361 2265 et
391 2199 600 2266 nostri
634 2198 876 2264 audeat
927 2199 1034 2264 uel
1077 2203 1410 2282 presumat
1460 2196 1821 2281 inquietare
1855 2217 1969 2263 seu
2002 2196 2069 2261 in
2101 2197 2320 2280 aliquo
2353 2198 2550 2265 mole-

295 2314 493 2391 stare,
546 2305 893 2372 dummodo
926 2304 1096 2372 idem
1138 2304 1435 2371 dominus
1487 2303 1703 2385 Ottou,
1756 2323 1899 2369 oum
1931 2324 2048 2387 per
2079 2324 2196 2370 nos
2228 2304 2424 2372 suerit
2455 2325 2549 2371 re·

294 2415 592 2499 quisitns,
648 2423 937 2497 tempore
971 2417 1330 2498 opportuno
1379 2411 1607 2479 fideles
1662 2412 2031 2498 inpenderit
2062 2412 2430 2480 famulatus.
2478 2413 2548 2476 In

296 2523 475 2589 euius
510 2522 607 2587 rei
643 2519 1014 2586 memoriam
1065 2518 1567 2599 firmitatemque
1617 2524 1998 2603 perpetuam
2037 2526 2372 2603 presentes
2405 2539 2548 2584 con·

300 2630 614 2697 cessimus
647 2629 899 2694 litteras
933 2626 1135 2710 sigilli
1171 2624 1374 2692 nostri
1426 2621 1749 2712 dupplieis
1801 2626 2155 2695 munimine
2186 2627 2548 2695 roboratas.

293 2741 531 2804 Datum
556 2757 672 2822 per
703 2754 936 2801 manus
970 2733 1364 2801 venerabilis
1417 2733 1538 2798 viri
1587 2735 1891 2817 Magistri
1923 2734 2171 2800 Thome
2201 2735 2406 2802 Eleoti
2441 2735 2548 2800 Al-

294 2845 513 2912 bensis
578 2843 729 2909 aule
778 2849 1003 2909 nostre
1051 2839 1633 2925 vice-Cancellarij
1691 2841 1916 2908 dilecti
1969 2848 2034 2908 et
2077 2840 2290 2908 fidelis
2322 2843 2547 2926 nostri,

297 2973 465 3019 anno
498 2951 763 3019 Domini
804 2949 1235 3016 N⁰CC⁰LXX⁰
1270 2948 1566 3034 septimo,
1620 2949 1829 3033 Regni
1881 2932 2093 3015 autem
2148 2950 2348 3016 nostri
2380 2970 2550 3016 anno

290 3067 492 3128 sexto.

308 3241 582 3304 {Exedetie
633 3236 979 3304 bb'rhArtyam
1018 3254 1051 3289 a
1094 3238 1392 3289 zold-vor‘os
1441 3235 1897 3302 selyemzsinoron
1949 3239 2160 3301 fiiggbtt
2203 3234 2386 3303 penset
2406 3236 2546 3287 elve-

801 3338 941 3383 szett
967 3349 981 3393 ;
1022 3347 1055 3381 a
1075 3331 1241 3381 budai
1268 3331 1370 3382 kir.
1398 3329 1639 3380 kamarai
1662 3324 2041 3392 leveltarban.)
