3319 5249
1399 294 1530 360 255

1382 1060 1533 1131 1¹75.

327 1277 391 1344 A
423 1280 624 1344 budai
651 1281 1092 1367 kdptalannak
1124 1280 1671 1365 bizonysdqlevde,
1723 1282 1888 1365 hoqy
1951 1280 2130 1344 Pater
2161 1302 2355 1345 comes
2396 1279 2586 1345 Tibor

332 1388 644 1451 comesnek
677 1390 784 1471 fia
831 1388 1230 1455 Pomdszban
1268 1390 1391 1454 birt
1404 1387 1646 1475 foldm’t
1696 1412 1739 1452 α
1789 1387 2170 1473 nytilsziqeti
2198 1391 2588 1474 apdczazdv·-

1123 1497 1252 1561 mk
1302 1496 1530 1562 eladta.
1598 1494 1793 1562 1279.

856 1710 915 1774 A
1433 1709 1487 1773 B
2011 1709 2062 1775 C

548 1886 917 1973 Capitulum
968 1886 1291 1953 Budensis
1341 1887 1637 1954 Ecclesie
1691 1885 1986 1963 omnibus
2014 1884 2256 1953 Christi
2288 1885 2586 1953 fidelibus

335 2002 668 2078 presentes
703 1994 953 2061 litteras
995 1994 1384 2080 inspecturis
1422 1994 1700 2062 salutem
1755 1994 1819 2059 in
1858 1993 2156 2060 Domino.
2205 1992 2311 2059 Ad
2340 1994 2590 2063 vniuer·

333 2122 546 2167 sorum
578 2103 886 2171 noticiam
938 2110 1158 2171 tenore
1209 2103 1614 2188 presencium
1653 2101 1949 2168 volumus
1989 2100 2366 2188 peruenire,
2418 2102 2590 2186 quod

335 2210 575 2277 nobilis
640 2210 740 2276 uir
799 2212 1027 2277 Petrus
1087 2210 1313 2279 Comes
1360 2210 1530 2277 filius
1578 2209 1940 2295 Thybnrcij
2002 2209 2275 2277 Comitis
2324 2210 2407 2275 ab
2460 2229 2592 2275 una

334 2326 551 2405 parte,
619 2319 848 2385 Petrus
916 2325 979 2386 ct
1040 2320 1350 2386 Nicolaus
1403 2318 1686 2387 Comites
1719 2318 2029 2386 officiales
2063 2338 2356 2387 sororum
2391 2317 2590 2384 Beate

336 2425 671 2515 Mario-de
722 2426 946 2494 Insula
997 2448 1114 2513 pro
1149 2429 1377 2495 eadem
1411 2428 1707 2495 Ecclesia
1769 2448 1847 2493 ex
1911 2427 2119 2493 altera
2151 2447 2369 2494 coram
2404 2424 2590 2492 nobis

336 2535 769 2620 personaliter
800 2534 1173 2620 constituti3
1251 2536 1546 2622 prefatus
1597 2533 1827 2601 Comes
1877 2536 2108 2602 Petrus
2150 2533 2320 2601 dixit
2351 2539 2415 2600 et
2446 2553 2591 2599 con·

334 2644 550 2710 fessus
615 2650 750 2726 est,
819 2645 1191 2728 porcionem
1223 2663 1409 2711 suam
1460 2665 1653 2727 quam
1705 2643 1901 2710 habet
1949 2644 2014 2709 in
2067 2644 2305 2712 Pomaz
2335 2647 2591 2710 centum

335 2751 682 2836 sexaginta
750 2759 813 2817 et
840 2785 845 2786 ff
876 2758 1155 2838 quatuor
1207 2754 1499 2836 iugerum
1550 2751 2069 2845 contingencium
2102 2800 2122 2835 ‚
2203 2769 2346 2816 cum
2380 2749 2594 2816 feneto

338 2858 666 2944 uidelicet,
714 2862 903 2927 terris
935 2860 1290 2928 arabilibus
1323 2911 1341 2943 ,
1391 2860 1643 2927 duabus
1675 2859 1907 2946 vineiS,
1947 2865 2010 2926 et
2049 2877 2179 2924 uno
2213 2859 2355 2924 loco
2390 2856 2595 2936 vinee,

339 2989 416 3033 ac
465 2966 764 3035 omnibus
823 2968 973 3053 alijs
1024 2967 1447 3055 pertinencijs
1499 2974 1562 3034 et
1611 2965 1986 3050 attinenciis
2027 2965 2231 3051 ipsius
2263 2964 2593 3051 porcionis

341 3076 703 3163 vniuersis,
747 3076 868 3144 sub
922 3077 1169 3144 eisdem
1227 3075 1458 3162 metis,
1508 3076 1714 3159 signis
1757 3081 1822 3142 et
1853 3073 2171 3160 terminis,
2221 3073 2452 3155 quibus
2486 3071 2594 3137 ha·

343 3192 567 3253 etenus
630 3183 799 3251 idem
854 3185 1081 3252 Comes
1133 3186 1359 3252 Petrus
1408 3182 1636 3250 habuit
1669 3189 1732 3248 et
1760 3181 2074 3268 possedit,
2119 3180 2495 3247 vendidisse
2529 3186 2596 3246 et

344 3292 685 3362 tradidisse
719 3294 908 3362 dictis
942 3294 1268 3361 sororibus
1320 3302 1386 3362 et
1426 3293 1719 3359 Ecclesie
1753 3293 1993 3359 Sancte
2023 3291 2228 3357 Marie
2259 3288 2344 3356 de
2371 3285 2594 3354 Insula

342 3423 455 3487 pro
485 3402 717 3486 viginti
753 3402 989 3469 marcis
1030 3402 1142 3468 fini
1173 3401 1430 3485 argenti
1469 3406 1782 3486 perpetuo
1816 3406 1880 3467 et
1912 3397 2420 3467 irreuocabilitcr
2449 3415 2596 3480 pos-

344 3509 723 3598 sidendam3
802 3508 1125 3597 Tyburcio
1188 3509 1388 3575 fratre
1446 3506 1735 3575 eiusdem
1794 3507 2062 3574 Comitis
2113 3505 2330 3590 Petri,
2413 3503 2596 3569 Iwan

345 3617 470 3686 filio
503 3621 742 3708 Kenez,
790 3626 854 3686 et
886 3617 1238 3686 Benedicto
1272 3617 1403 3685 filio
1437 3617 1703 3701 Thome‚
1759 3614 2052 3700 cognatis
2101 3613 2238 3680 suis
2289 3632 2596 3714 persona·

348 3727 494 3796 liter
527 3727 914 3814 astantibus,
968 3733 1031 3795 et
1080 3724 1447 3793 huiusmodi
1478 3721 1845 3792 vendicioni
1879 3727 1943 3790 et
1977 3720 2301 3813 empcioni
2333 3739 2598 3787 consen-

346 3855 483 3902 sum
518 3835 939 3922 prebentibus
990 3841 1056 3903 et
1107 3854 1489 3916 assensum;
1538 3828 1896 3913 obligando
1936 3849 2006 3896 se
2044 3832 2109 3895 et
2139 3847 2292 3895 suos
2323 3823 2596 3893 heredes

347 3944 514 4011 idem
550 3943 780 4011 Comes
812 3944 1061 4028 Petrus,
1114 3940 1528 4029 expedituros
1568 3939 1781 4006 dictas
1819 3957 2074 4005 sorores
2105 3936 2189 4002 ab
2224 3932 2417 4018 omni,
2467 3952 2596 4015 que

347 4052 602 4119 racione
633 4050 806 4118 dicte
838 4050 1160 4137 porcionis
1208 4068 1518 4136 processu
1568 4043 1875 4133 temporis
1907 4043 2157 4111 moneri
2191 4041 2597 4124 contingeret

346 4160 683 4245 questione
745 4158 881 4227 suis
932 4156 1213 4246 proprijs
1261 4157 1596 4224 laboribus
1657 4160 1723 4222 et
1785 4153 2112 4237 expensis.
2160 4151 2238 4217 In
2287 4148 2470 4216 cuius
2501 4147 2595 4212 rei

348 4268 719 4336 memoriam
752 4274 1262 4352 perpetuamque
1290 4264 1656 4332 firmitatem
1711 4267 2041 4349 presentes
2081 4258 2169 4324 ad
2206 4255 2595 4325 instanciam

350 4378 554 4462 partis
619 4374 969 4465 utriusque
1000 4375 1431 4455 concessimus
1483 4374 1739 4439 litteras
1767 4368 1969 4452 sigilli
2002 4366 2205 4435 nostri
2239 4364 2597 4431 munimine

350 4488 706 4553 roboratas.
756 4485 1031 4550 Datum
1096 4502 1212 4570 per
1275 4500 1512 4549 manus
1561 4476 1861 4563 Magistri
1919 4474 2244 4561 Ambrosij
2310 4469 2601 4538 Lectoris

350 4591 672 4660 Budensis
704 4611 877 4659 anno
912 4590 1174 4658 Domini
1203 4590 1295 4657 Μο
1327 4587 1457 4656 00⁰
1490 4586 1698 4654 LXX⁰
1728 4604 1921 4654 nono.
1961 4580 2276 4665 Magistro
2296 4576 2599 4646 Johanne
