3319 5249
1821 301 1951 367 174

1791 816 1942 884 116.

728 1015 845 1083 IV.
880 1017 1109 1082 Lciszld
1142 1017 1360 1102 kim-aly
1395 1017 1749 1102 meyerb'siti
1798 1015 1914 1082 IV.
1951 1017 2114 1083 Βέῐα
2143 1018 2502 1106 Ιῡίφτίἰμηαλ·
2556 1022 2832 1087 1269-ki
2863 1022 2992 1087 Ko-

727 1126 838 1190 kos
869 1125 1089 1211 foldet
1138 1128 1450 1211 tciryyazci
1496 1125 1888 1210 adoma'nydt
1938 1126 2203 1212 Istvcm,
2253 1126 2678 1194 Lochardnak
2711 1130 2819 1212 fia
2860 1136 2993 1196 ezei-

1633 1240 1840 1301 mcira.
1889 1239 2084 1302 1277.

938 1430 1286 1498 Ladizlaus
1349 1429 1473 1498 Dei
1534 1432 1765 1516 gracia
1826 1431 2179 1519 Hungarie‚
2243 1434 2631 1520 Dalmacie‚
2695 1433 2986 1521 Croacie,

724 1539 962 1624 Rame,
1013 1540 1275 1626 Seruie,
1328 1536 1655 1623 Gallicie,
1720 1539 2118 1627 Lodomerie,
2180 1539 2494 1608 Cumanie
2544 1543 2988 1627 Bulgarieque

726 1647 863 1712 Rex
895 1647 1191 1714 omnibus
1259 1647 1497 1714 Christi
1544 1645 1847 1716 fidelibus
1901 1656 2242 1736 presentes
2283 1649 2538 1717 litteras
2597 1651 2986 1737 inspecturis

721 1756 996 1823 salutem
1030 1755 1098 1820 in
1132 1756 1415 1822 omnium
1449 1758 1794 1823 saluatore.
1826 1757 1931 1822 Ad
1961 1758 2405 1826 uniuersorum
2425 1759 2731 1826 noticiam
2753 1760 2985 1825 harum

720 1863 889 1932 serie
940 1865 1235 1931 volumus
1292 1865 1675 1949 peruenire,
1726 1864 1896 1948 quod
1948 1867 2179 1932 Comes
2222 1866 2592 1952 Stephanus
2652 1868 2828 1934 filius
2861 1868 2979 1931 Lo·

718 1971 936 2039 thardi
967 1970 1053 2039 ad
1083 1978 1371 2040 nostram
1404 1972 1723 2040 accedens
1752 1975 2161 2059 presenciam
2213 1975 2506 2042 exhibuit
2556 1976 2743 2043 nobis
2777 1975 2980 2060 quod-

718 2081 871 2146 dam
902 2079 1318 2165 priuilegium
1352 2080 1562 2147 felicis
1597 2079 2073 2150 recordacionis
2116 2082 2531 2151 Serenissimi
2582 2084 2780 2169 Regis
2814 2083 2971 2150 Bele

716 2186 1055 2254 karissimi
1088 2189 1199 2253 aui
1232 2190 1455 2275 nostri,
1489 2209 1618 2255 non
1648 2189 1985 2278 abolitum,
2035 2212 2168 2257 non
2200 2192 2656 2278 cancellatum,
2708 2214 2840 2260 non
2886 2212 2981 2259 ra-

716 2315 880 2382 sum,
915 2315 1034 2361 nec
1066 2295 1132 2360 in
1163 2295 1388 2378 aliqua
1439 2296 1539 2363 sui
1579 2303 1769 2382 parte
1806 2297 2138 2385 viciatum,
2187 2307 2412 2385 petens
2446 2319 2591 2366 cum
2623 2299 2974 2386 instancia,

711 2411 781 2471 ut
815 2411 879 2472 et
911 2425 1027 2472 nos
1079 2405 1293 2490 ipsum
1345 2403 1763 2490 priuilegium
1826 2413 1892 2472 ct
1953 2401 2381 2474 collacionem
2429 2406 2561 2474 iam
2615 2405 2855 2475 dudum
2907 2407 2975 2472 in

707 2516 849 2600 ipso
877 2513 1225 2599 priuilegio
1290 2513 1350 2581 ei
1397 2513 1677 2600 factam,
1724 2517 2109 2582 confirmare
2169 2515 2253 2583 de
2300 2516 2709 2600 benignitate
2761 2517 2976 2600 Regia

708 2622 1145 2708 dignaremur.
1194 2622 1390 2690 Cuius
1421 2629 1603 2691 tenor
1635 2622 1787 2691 talis
1822 2631 1957 2692 est:

918 2732 1081 2798 Bela
1110 2731 1193 2796 D.
1225 2751 1320 2815 gr.
1354 2731 1690 2816 Hungarie
1724 2733 1843 2799 stb.
1876 2735 2013 2800 Rex
2033 2734 2158 2800 stb.
2192 2730 2626 2820 (ko‘vetkezik
2658 2733 2766 2801 IV.
2799 2735 2968 2802 Bela

701 2839 1059 2928 kiralynak
1092 2839 1648 2927 adomanylevele‚
1694 2841 1857 2906 mint
1885 2842 2457 2930 gytijtemenyunk
2491 2842 2687 2926 vm„
2726 2842 2964 2929 vagyis

700 2971 743 3018 a
773 2945 1077 3018 masodik
1110 2947 1358 3033 folyam
1391 2950 1453 3013 3.
1486 2946 1838 3016 koteteben
1871 2953 2021 3017 232.
2059 2947 2135 3035 1.)

914 3057 1050 3124 Nos
1081 3056 1282 3140 igitur
1312 3053 1737 3141 peticionibus
1775 3054 2064 3124 eiusdem
2115 3058 2386 3124 Comitis
2419 3056 2736 3144 Stephani
2769 3056 2962 3123 incli-

589 3161 597 3169 ’
696 3165 856 3250 nati,
900 3185 983 3231 ne
1015 3169 1241 3232 nostra
1271 3164 1535 3246 Regalis
1588 3164 2009 3231 Excellencia
2049 3165 2291 3232 omissa
2324 3164 2826 3232 deliberacionis
2862 3185 2958 3231 se-

698 3275 797 3342 rie
863 3272 1289 3341 donacionem
1361 3289 1478 3339 seu
1529 3272 2090 3339 confirmacionem
2153 3271 2524 3340 huiusmodi
2577 3273 2961 3339 collacionis

699 3383 915 3451 facere
949 3400 1227 3468 propere
1258 3379 1576 3464 uideatur,
1628 3378 1715 3448 ad
1748 3381 2058 3448 maiorem
2096 3381 2191 3447 rei
2226 3379 2683 3448 certitudinem
2718 3387 2782 3448 et
2814 3401 2959 3446 cau-

694 3493 894 3559 telam
924 3491 1137 3576 ipsum
1168 3488 1582 3576 priuilegium
1616 3488 1701 3554 de
1735 3490 1935 3556 verbo
1988 3488 2077 3554 ad
2108 3491 2376 3556 uerbum
2409 3489 2825 3575 presentibus
2857 3489 2955 3553 in-

693 3596 967 3667 serendo
997 3596 1270 3665 fecimus
1304 3598 1688 3666 confirmari.
1738 3600 1818 3664 In
1870 3597 2052 3666 cuius
2102 3600 2197 3664 rei
2250 3598 2624 3665 memoriam
2675 3597 2948 3663 firmita-

690 3714 951 3792 temque
1000 3710 1379 3793 perpetuam
1432 3713 1762 3792 presentes
1814 3706 2249 3775 concessimus
2308 3707 2561 3773 litteras
2625 3705 2954 3792 dupplicis

688 3815 887 3901 sigilli
921 3815 1127 3883 nostri
1166 3813 1513 3881 munimine
1553 3814 1935 3882 roborando.
1986 3816 2228 3881 Datum
2271 3835 2388 3900 per
2422 3833 2652 3881 manus
2688 3812 2953 3879 discreti
3039 3869 3050 3878 .

687 3923 811 3991 viri
860 3922 1159 4007 Magistri
1208 3921 1527 3988 Johannis
1591 3918 1915 3988 Budensis
1966 3922 2262 3988 Ecclesie
2294 3921 2624 4006 Prepositi
2657 3920 2808 3986 aule
2842 3940 2955 3984 no·

684 4039 821 4099 stre
851 4031 1433 4116 vice-Cancellarij
1470 4030 1690 4098 dilecti
1723 4036 1787 4097 et
1816 4029 2028 4097 fidelis
2063 4031 2267 4097 nostri
2302 4050 2476 4096 anno
2506 4028 2776 4094 Domini
2808 4028 2948 4093 mil-

683 4137 910 4207 lesimo
943 4138 1381 4207 ducentesimo
1415 4137 1902 4223 septuagesimo
1925 4139 2218 4224 septimo,
2250 4134 2461 4223 Regni
2493 4143 2710 4204 autem
2745 4137 2947 4203 nostri

684 4267 855 4313 anno
889 4247 1131 4330 quinto.

1915 4358 1932 4367 x

679 4425 961 4500 (Eredetic
1002 4427 1351 4496 borbat-tyan,
1387 4446 1420 4482 a
1443 4428 1630 4496 penset
1679 4427 1803 4496 siu-g
1842 4435 2025 4481 moi-'os
2077 4427 2545 4495 sclyemzsinoron
2596 4430 2830 4493 suggett,
2874 4428 2942 4480 dc

913 4497 1025 4552 mar
1047 4498 1332 4555 iemaliott.
1373 4501 1523 4554 Meli.
1554 4501 1752 4568 Szaiay
1840 4507 2032 4568 goston
2061 4500 2124 4553 ιἰι·
2151 4499 2586 4568 gyiijtemenyeb
2598 4501 2703 4568 cn.)
