3319 5249
1670 285 1710 348 6

569 489 689 553 hoc
722 486 864 554 dari
918 486 1330 571 priuilegium
1384 483 1722 551 faciemus.
1792 484 2032 547 Datum
2067 480 2229 545 Albe
2282 481 2347 545 in
2382 479 2617 563 vigilia
2649 480 2832 546 Nati-

572 596 799 662 uitatis
834 597 1036 662 Beate
1074 593 1366 679 Virginis
1401 614 1572 659 anno
1606 591 1864 659 Domini
1900 589 2338 655 M⁰CC⁰LXX⁰
2372 587 2678 654 seeundo.

575 776 848 842 (Eredetie
876 752 1221 841 lissrhartyan,
1273 776 1527 841 melynek
1574 791 1637 826 az
1684 744 1924 839 okmany
1969 770 2162 825 hatara
2189 778 2434 837 nyomott
2479 768 2718 838 peesetje
2744 784 2837 819 na-

790 863 1073 931 gyobbara
1100 864 1213 918 mar
1241 863 1523 927 lemallott,
1579 881 1612 915 a
1639 865 1803 915 budai
1831 865 1933 915 kir.
1962 865 2209 914 kamarai
2242 857 2625 922 leveltarban.)

1491 1134 1921 1144 ———-——

1680 1506 1745 1571 5.

581 1713 628 1774 Ι
632 1709 697 1773 V.
752 1710 979 1774 Ldszld
1026 1710 1372 1793 lcv'rcilynak
1414 1730 1740 1793 paron-esa
1796 1732 1837 1771 a
1883 1707 2082 1771 bu-dai
2124 1709 2500 1792 preposthoz
2522 1756 2542 1786 ,
2593 1709 2755 1793 hoyy
2804 1730 2846 1769 a

584 1820 997 1905 boldoysciyos
1048 1841 1312 1903 asszony
1350 1820 1618 1901 Βκ-ιῗρρΐώι
1665 1818 1797 1880 Ζόυό
1849 1818 2228 1903 apcitcza'kat
2268 1816 2562 1901 bizonyos
2611 1814 2846 1880 sze'llfflc

1275 1926 1607 1991 birtoka'ba
1645 1928 1904 1991 Hemesa.
1960 1929 2151 1993 1272.

804 2123 874 2186 L.
910 2122 1032 2187 Dei
1067 2121 1293 2204 gracia
1327 2123 1465 2187 Rex
1500 2122 1842 2205 Hungarie
1873 2122 2048 2188 fideli
2092 2142 2208 2189 suo
2239 2126 2316 2191 Α.
2355 2120 2693 2205 Preposito
2727 2123 2848 2187 Bu-

590 2229 779 2298 densi
815 2233 1093 2297 salutem
1145 2235 1208 2296 et
1241 2231 1549 2313 graciam.
1603 2231 1762 2296 Cum
1799 2231 2188 2299 karissimus
2240 2240 2425 2319 pater
2456 2236 2677 2297 noster
2707 2232 2845 2296 Rex

591 2337 956 2424 Stephanus
1011 2338 1115 2423 pie
1166 2338 1472 2405 memorie
1525 2360 1747 2405 omnes
1800 2341 2026 2406 vineas
2082 2341 2270 2425 Gyan
2324 2345 2388 2405 et
2439 2339 2676 2405 Rubini
2728 2339 2846 2422 filij

591 2448 901 2532 Serperes
936 2447 1176 2512 ciuium
1198 2447 1757 2534 Sti-igoniensium,
1782 2450 1892 2532 qui
1926 2448 2236 2515 heredum
2267 2456 2564 2515 carentes
2598 2445 2844 2513 solacio

594 2556 1059 2641 decesserunt,
1112 2554 1178 2619 in
1224 2555 1540 2621 territorio
1591 2555 1754 2621 uille
1805 2562 1867 2621 et
1898 2556 2184 2622 ciuitatis
2220 2555 2687 2642 Strigoniensis
2722 2552 2851 2619 exi-

593 2669 859 2745 stentes,
893 2663 1265 2730 karissimis
1301 2663 1541 2730 nostris
1581 2666 1914 2732 sororibus
1947 2665 2030 2731 de
2063 2666 2292 2733 Insula
2322 2669 2527 2732 Beate
2558 2662 2850 2747 Virginis

589 2778 906 2856 perpetuo
958 2772 1304 2839 contulerit
1357 2773 1810 2859 possidendae,
1876 2782 2062 2859 prout
2114 2776 2180 2840 in
2231 2774 2465 2840 litteris
2517 2773 2849 2838 karissimi

595 2881 796 2965 patris
829 2882 1033 2946 nostri
1086 2880 1369 2947 uidimus
1421 2882 1756 2967 contineri,
1806 2882 2106 2948 fidelitati
2143 2888 2250 2948 tue
2300 2879 2531 2946 damus
2586 2880 2853 2946 firmiter

593 2988 660 3051 in
714 2988 1073 3070 mandatis;
1144 2995 1463 3071 quatenus
1516 2996 1994 3073 procuratorem
2066 3009 2358 3057 sororum
2409 2986 2851 3072 predictarum

594 3095 856 3162 nomine
907 3105 971 3162 et
1004 3097 1143 3162 uice
1194 3097 1547 3162 earundem
1598 3097 1664 3161 in
1719 3098 2200 3182 possessionem
2251 3098 2586 3164 vinearum
2639 3095 2846 3181 predi·

597 3209 844 3268 etarum
883 3201 1291 3286 introducas3
1341 3203 1494 3285 quia
1543 3204 1968 3271 donacionem
2018 3202 2351 3271 karissimi
2401 3201 2605 3289 patris
2645 3208 2851 3268 ratam

592 3310 836 3376 habere
886 3312 1184 3376 volumus
1234 3311 1302 3377 in
1353 3310 1477 3377 hac
1529 3320 1738 3397 parte.
1815 3315 2052 3379 Datum
2106 3312 2174 3375 in
2213 3311 2440 3379 Insula
2472 3312 2676 3377 Beate
2709 3310 2848 3375 Vir-

595 3418 768 3504 ginis
800 3417 1086 3484 seeunda
1120 3417 1286 3483 feria
1316 3418 1615 3503 proxima
1649 3425 1799 3504 post
1830 3418 2323 3485 Exaltaeionem
2347 3421 2583 3486 Sancte
2615 3419 2855 3485 Crucis.

808 3527 1007 3591 Kival
1038 3550 1057 3589 .·
1105 3526 1182 3591 A.
1216 3526 1552 3613 Preposito
1593 3527 1901 3592 Budensi.
1950 3565 2036 3574 -
2086 3525 2272 3601 Quod
2323 3528 2459 3591 Rex
2503 3524 2854 3592 Ladizlaus

600 3632 778 3700 dedit
829 3632 1052 3700 vineas
1102 3633 1462 3716 aliquorum
1517 3634 1754 3700 ciuium
1795 3633 2346 3717 Strigoniensibus
2399 3634 2730 3701 sororibus
2772 3633 2854 3697 de

597 3743 820 3809 Insula
851 3742 918 3807 in
953 3741 1262 3810 Colnuch.

595 3924 873 3987 (Eredetie
917 3920 1271 3992 bb'rhartyan,
1319 3939 1352 3973 a
1378 3919 1771 3989 zarpeesetnek
1800 3919 2169 3989 maradvAnya
2194 3939 2443 3989 megum,
2496 3940 2530 3974 a
2556 3922 2721 3974 budai
2749 3923 2850 3974 kir.

1394 4014 1643 4065 kamarai
1671 4010 2052 4078 leveltarban.)
