3319 5249
1291 343 1422 409 433

240 545 501 606 suerunt
534 544 667 605 toto
699 558 888 623 posse
923 538 1310 621 manifeste,
1361 559 1554 621 quam
1604 539 1714 604 hic
1749 560 2035 624 oponere
2084 549 2312 608 contra
2365 563 2484 608 nos

241 645 616 728 videantur;
653 643 974 740 sedanod
1007 645 1194 713 liberi
1259 653 1322 711 et
1373 647 1584 713 securi
1619 646 1862 732 prefati
1898 647 2228 715 Jadratini
2261 646 2492 715 Vestro

239 753 619 820 Sanctitatis
651 753 975 820 mediante
1007 753 1275 838 anxilio,
1328 752 1617 838 consilio,
1656 752 2068 839 proteccione
2098 755 2389 839 speciali,
2423 762 2489 822 et

257 858 500 946 fanore,
535 859 755 943 sicque
786 866 1228 948 protegantur,
1248 861 1421 945 quod
1439 860 1556 927 alii
1580 859 1815 928 exinde
1835 860 2171 947 speculum
2188 870 2256 930 et
2286 883 2496 931 exem-

240 967 413 1053 plum
443 968 755 1053 habeant,
775 967 1022 1035 similia
1053 970 1195 1036 sine
1216 969 1573 1037 esitacione
1595 968 1826 1052 aliqua
1856 969 2147 1037 securius
2178 968 2491 1055 faciendi,

235 1095 308 1141 ac
340 1074 569 1144 Vestre
602 1075 984 1144 sanctitatis
1017 1075 1443 1161 beneplacitis
1476 1083 1541 1143 et
1574 1073 1904 1142 mandatis
1938 1096 2053 1161 per
2087 1077 2311 1144 omnia
2343 1098 2493 1145 cum

236 1182 617 1250 obediencia
648 1181 874 1250 debita
904 1181 1406 1268 complacenda;
1469 1191 1533 1251 et
1567 1185 1737 1268 qnod
1771 1184 2003 1252 Veneti
2058 1183 2374 1251 antedicti
2410 1184 2493 1251 de

236 1313 349 1359 sua
380 1291 711 1379 protervia
743 1312 874 1358 non
905 1293 1164 1377 possint
1194 1292 1480 1378 amplius
1514 1291 1800 1377 gloriari,
1834 1289 1952 1359 sed
1982 1312 2202 1360 eorum
2235 1313 2407 1379 pena
2425 1300 2493 1359 et

243 1399 569 1467 correccio
602 1400 687 1467 sit
706 1407 913 1467 metus
947 1399 1311 1485 multorum,
1354 1407 1420 1467 et
1438 1398 1746 1486 deinceps
1781 1420 1907 1466 non
1938 1406 2207 1468 attentet
2240 1401 2484 1485 aliquis

237 1529 310 1576 ac
340 1515 671 1594 presumat
701 1508 981 1577 similius
1027 1516 1252 1576 contra
1312 1510 1673 1577 Romanum
1708 1509 2084 1577 Pontificem
2120 1514 2182 1575 et
2214 1506 2491 1575 Vniuer-

240 1618 380 1684 sale
414 1618 786 1683 Dominium
810 1624 1209 1704 ‘perpetrare
1240 1616 1520 1684 Domino
1588 1617 2000 1685 concedente.
2031 1618 2274 1684 Datum
2306 1614 2490 1681 Scar-

237 1724 406 1792 done
440 1725 548 1791 die
582 1724 757 1789 XVI.
792 1724 990 1790 Junii.

238 1944 333 2003 (Aa
365 1943 593 2007 egykori
622 1942 891 1992 velenczci
932 1938 1285 2009 keznirsasag
1332 1939 1834 2011 „commemoriali“
1865 1943 2037 1994 czimii
2083 1938 2489 2008 allamkbnyve·

236 2033 339 2081 nek
368 2034 411 2081 1.
442 2032 629 2082 kotete
690 2032 807 2083 168.
836 2032 870 2081 1.
897 2029 1053 2091 utini,
1083 2048 1117 2082 a
1167 2030 1417 2097 belgi-adi
1459 2030 1815 2097 tudomanyos
1867 2030 2103 2084 t'arsnlat
2133 2031 2485 2095 „minuatv-

1004 2118 1157 2185 jabcl
1186 2123 1301 2175 xv.
1356 2125 1469 2173 ket.
1499 2126 1622 2174 205.
1651 2122 1711 2187 l.)

1151 2390 1572 2400 -n———ss

1282 2890 1437 2956 309.

232 3107 509 3196 Geryely
540 3111 747 3174 trau-i
771 3106 1018 3194 pitspb'lc
1053 3110 1116 3171 e's
1160 3105 1332 3170 Trau
1364 3110 1555 3171 vetros
1587 3104 1761 3169 kazti
1796 3104 2195 3191 eqqezkedese
2229 3131 2270 3169 a
2328 3105 2493 3170 tized

1051 3214 1431 3300 tdrqydban.
1467 3213 1661 3279 1285.

449 3432 526 3497 In
576 3429 703 3496 Dei
753 3429 1014 3495 nomine
1044 3428 1274 3496 Amen.
1326 3429 1514 3494 Anno
1566 3426 1831 3494 Domini
1881 3426 2496 3513 M⁰CC⁰LXXX⁰V⁰,

228 3537 596 3605 indiccione
628 3535 818 3603 XIII⁰
851 3536 960 3603 die
992 3534 1311 3603 dominico
1362 3533 1577 3603 XXX.
1628 3535 2040 3614 Decembris;
2090 3536 2493 3621 temporibus

229 3646 473 3713 domini
504 3644 793 3711 Ladislai
826 3645 946 3713 Dei
979 3644 1205 3729 gracia
1238 3643 1650 3711 Serenissimi
1683 3645 1882 3727 Regis
1915 3643 2222 3730 Vngarie,
2289 3663 2481 3710 vene·

230 3755 461 3821 rabilis
492 3752 699 3838 patris
751 3751 993 3819 domini
1044 3752 1340 3835 Gregorij
1411 3751 1835 3819 miseracione
1884 3751 2129 3819 Diuina
2183 3749 2493 3839 Episcopi

227 3860 724 3945 Traguriensis;
792 3858 1117 3943 Magnifici
1180 3858 1305 3925 viri
1357 3857 1601 3926 domini
1654 3858 1952 3943 Gregorij
2009 3857 2278 3926 Comitis
2336 3859 2493 3925 'I'ta-

228 3971 421 4055 gurij,
459 3977 524 4036 et
558 3969 796 4036 nobilis
826 3969 948 4036 viri
982 3966 1226 4035 domini
1262 3966 1567 4050 Palmerij
1623 3965 1865 4034 domini
1899 3967 2080 4032 Falci
2131 3967 2213 4034 de
2265 3967 2482 4033 Firmo

227 4075 526 4144 Ciuitatis
580 4077 885 4161 Tragurij
939 4076 1310 4143 Potestatis.
1373 4073 1477 4140 Ad
1537 4076 1849 4142 honorem
1911 4082 1977 4141 et
2040 4073 2484 4140 reuerenciam

226 4185 349 4254 Dei
382 4185 854 4269 omnipotentis
907 4191 971 4252 et
1002 4186 1205 4251 Beate
1237 4185 1439 4250 Marie
1486 4183 1798 4267 Virginis,
1833 4202 1954 4249 nec
2007 4202 2137 4249 non
2188 4189 2253 4247 et
2305 4183 2492 4248 Beati

227 4294 573 4380 Laurencij
614 4294 913 4376 martiris,
947 4301 1014 4359 et
1063 4291 1286 4358 Sancti
1337 4290 1662 4357 Johannis
1696 4287 2108 4357 confessoris.
2142 4289 2480 4356 Predictus

230 4401 630 4468 venerabilis
665 4407 846 4486 pater
879 4399 1179 4465 dominus
1214 4396 1566 4479 Gregorius
1587 4381 2054 4480 Traguriensis
2108 4394 2488 4480 Episcopus,

230 4529 360 4575 vna
395 4529 540 4576 cum
574 4505 841 4574 domino
875 4504 1195 4572 Geruasio
1224 4503 1700 4569 Archidiacono
1750 4502 2129 4569 Primicerio
2182 4500 2499 4585 Gasiotto,

233 4623 296 4682 et
327 4621 461 4681 toto
494 4613 799 4701 Capitulo
831 4633 948 4681 sue
995 4611 1169 4679 dicte
1222 4609 1512 4678 Ecclesie
1563 4609 1795 4678 Sancti
1830 4607 2178 4691 Laurencij
2233 4608 2495 4693 Episco-

322 4750 650 4787 :romanu
682 4749 844 4785 nuno.
878 4748 1019 4784 mer.
1056 4755 1135 4767 --
1173 4746 1315 4781 mn.
1354 4738 1428 4785 ¹⁷.
2093 4719 2174 4786 28
