3319 5249
1426 284 1549 354 181

1399 968 1546 1035 128.

335 1201 435 1269 Aa
485 1209 852 1292 mterqami
896 1207 1350 1294 kdptalannak
1399 1207 1922 1294 bizonysdqlevele
1940 1254 1960 1286 ‚
2010 1209 2175 1293 hoqy
2211 1203 2337 1271 Pal
2378 1214 2597 1271 mmor

331 1337 369 1377 a
400 1306 1027 1403 kirdlynejeqywje,
1076 1317 1328 1382 testvdre
1358 1314 1541 1381 Pe'ter
1578 1317 1926 1403 πιερόἷάέεε
1959 1313 2327 1403 ta'ryydban
2358 1338 2399 1378 a
2433 1313 2592 1378 chol·

634 1425 786 1490 noki
813 1423 1108 1511 mipekkel
1137 1421 1601 1510 bardtsdqooan
1632 1424 2038 1510 eqyezkedett.
2090 1426 2283 1490 1277.

544 1661 681 1729 Nos
715 1658 1087 1749 Capitulum
1120 1659 1417 1729 Ecclesie
1450 1660 1914 1747 strigoniensis
1945 1659 2177 1727 damus
2209 1677 2327 1745 pro
2346 1676 2579 1724 memo·

323 1769 441 1855 ria,
490 1767 668 1855 quod
697 1770 867 1839 sicut
915 1771 983 1838 in
1034 1771 1269 1841 litteris
1320 1771 1677 1840 Hermanni
1736 1767 2038 1856 Magistri
2090 1773 2154 1835 et
2204 1765 2576 1832 Conuentus

320 1875 800 1947 cruciferorum
833 1879 1123 1948 Ecclesie
1155 1879 1377 1948 Sancti
1404 1879 1602 1964 Regis
1635 1877 1715 1946 de
1748 1875 2075 1961 Strigonio
2106 1873 2390 1942 vidimus
2424 1892 2574 1940 con·

317 1984 503 2053 tineri
537 1986 605 2052 in
640 2006 861 2074 causa,
908 2007 1102 2073 quam
1155 1989 1464 2073 Magister
1513 1986 1759 2054 Paulus
1810 1986 1961 2051 aule
2011 1982 2274 2052 domine
2320 1982 2572 2063 Regine

314 2092 621 2161 Notarius
651 2093 734 2161 de
763 2096 971 2180 Deer,
1021 2104 1083 2164 et
1135 2094 1367 2164 Comes
1418 2095 1735 2164 Martinus
1785 2093 2103 2161 Officialis
2135 2089 2406 2159 Comitis
2438 2089 2564 2155 Do·

319 2202 538 2270 minici
551 2201 912 2270 Castellani
927 2203 1009 2273 de
1020 2202 1391 2290 Wysagrad
1411 2224 1527 2289 pro
1544 2205 1770 2272 eodem
1796 2203 1879 2269 D.
1895 2200 2145 2269 Comite
2167 2198 2429 2268 domino
2449 2216 2565 2265 suo

312 2328 505 2396 super
533 2308 999 2379 interfeccione
1030 2308 1298 2379 Comitis
1330 2311 1504 2379 Petri
1537 2310 1759 2378 fratris
1790 2310 1997 2396 ipsius
2016 2308 2312 2393 Magistri
2348 2305 2560 2390 Pauli,

307 2418 415 2502 qui
444 2415 705 2502 quidem
737 2412 967 2487 Petrus
996 2419 1208 2488 fuerat
1238 2419 1533 2487 seruiens
1562 2421 1642 2486 D.
1694 2416 1963 2486 Comitis
2000 2414 2297 2502 predicti,
2346 2434 2424 2480 ac
2455 2431 2558 2479 su·

305 2545 418 2611 per
447 2526 917 2595 interfeeeione
944 2528 1207 2614 paruuli
1240 2534 1305 2596 et
1334 2527 1596 2612 cognati
1650 2527 1957 2613 eiusdem,
1997 2532 2060 2592 et
2092 2522 2431 2592 ablacione
2461 2540 2555 2586 re-

305 2655 440 2702 rum
472 2655 757 2723 suarum,
806 2645 1030 2705 contra
1077 2639 1348 2726 populos
1401 2638 1806 2706 dominarum
1857 2654 2145 2704 sororum
2196 2633 2278 2701 de
2326 2632 2556 2702 Insula

302 2742 538 2812 Sancte
567 2744 774 2813 Marie
803 2744 887 2812 de
917 2744 1077 2813 villa
1108 2745 1405 2814 Cholnuk
1457 2752 1817 2833 mouerant,
1865 2744 2031 2809 inter
2079 2748 2301 2830 partes
2341 2739 2550 2827 predi·

300 2859 432 2921 ctas
462 2871 581 2938 per
614 2852 949 2922 arbitrium
982 2855 1294 2924 bonorum
1344 2855 1629 2923 virorum
1682 2852 1984 2921 extiterat
2034 2849 2252 2917 taliter
2290 2849 2546 2917 ordina-

295 2969 464 3028 tum:
510 2960 686 3045 quod
717 2960 994 3046 predicti
1025 2962 1251 3049 populi
1283 2960 1360 3032 de
1393 2964 1554 3031 villa
1593 2961 1895 3030 Cholnuk
1944 2957 2200 3047 prefato
2231 2955 2544 3042 Magistro

296 3067 493 3136 Panlo
522 3075 592 3135 et
622 3067 763 3138 eius
794 3069 1118 3156 fratribus,
1162 3072 1413 3140 scilicet
1452 3073 1741 3139 Peturke
1792 3080 1855 3138 et
1905 3068 2113 3136 Paulo
2179 3067 2542 3134 debuerant

294 3175 544 3244 soluere
575 3195 791 3246 eoram
855 3179 1147 3264 predicto
1197 3181 1534 3249 Conuentu
1586 3180 1889 3264 sexagita
1937 3194 2194 3243 marcas
2231 3176 2300 3241 in
2331 3172 2539 3243 tribus

290 3285 581 3352 terminis
613 3285 699 3353 ad
727 3287 852 3354 boc
884 3289 1255 3373 assignatis.
1307 3291 1390 3355 Et
1419 3308 1566 3356 cum
1617 3308 1735 3356 nos
1787 3288 1873 3353 ad
1910 3284 2296 3371 peticionem
2330 3282 2531 3350 domi-

291 3410 510 3458 narum
542 3413 836 3463 sororum
868 3394 1302 3482 predictarum
1337 3402 1621 3464 nostrum
1662 3395 1868 3463 eciam
1921 3393 2245 3461 bominem
2280 3391 2368 3458 ad
2402 3411 2534 3457 ma·

286 3497 479 3567 iorem
514 3500 867 3569 cautellam
902 3502 1338 3587 misissemus,
1391 3504 1573 3571 cuius
1606 3499 1973 3570 testimonio
2011 3499 2310 3585 predicta
2354 3497 2532 3566 fleret

282 3612 342 3671 et
369 3606 803 3693 compleretur
831 3610 1101 3694 solacio,
1150 3610 1321 3678 idem
1354 3610 1546 3678 homo
1575 3620 1797 3678 noster
1847 3608 1931 3678 ad
1968 3629 2087 3676 nos
2118 3606 2525 3695 postmodum

281 3713 536 3782 rediens
589 3717 777 3783 nobis
805 3717 1065 3784 retulit:
1115 3719 1285 3802 quod
1335 3721 1403 3786 in
1437 3719 1664 3787 ultimo
1705 3718 1978 3785 termino
2018 3717 2105 3783 ad
2136 3715 2521 3784 soluendum

275 3824 631 3912 assignato,
679 3824 912 3910 prefati
948 3828 1170 3914 popuii
1224 3829 1307 3897 de
1356 3828 1658 3896 Cholnuk
1709 3829 1778 3893 in
1830 3824 2100 3914 predicti
2153 3826 2523 3892 Conuentus

272 3933 331 3994 et
358 3930 566 4017 ipsius
599 3930 889 4001 hominis*
910 3937 1114 4003 nostri
1164 3939 1504 4022 presencia
1551 3938 1882 4004 soluerunt
1921 3933 2175 4022 prefato
2209 3931 2517 4015 Magistro

269 4034 467 4107 Paulo
498 4045 564 4108 et
593 4041 880 4111 Peturke
912 4042 1098 4113 fratri
1128 4045 1287 4131 eius,
1336 4052 1633 4131 presente
1665 4046 1978 4130 Magistro
2030 4040 2278 4110 Jacobo
2310 4037 2515 4107 Nota-

268 4144 358 4210 rio
387 4146 716 4217 Dominici
758 4152 1043 4236 Comitis,
1093 4154 1315 4221 decem
1353 4164 1418 4221 et
1450 4161 1596 4223 octo
1647 4171 1944 4221 marcas:
1995 4150 2326 4219 residuum
2359 4169 2513 4217 uero

265 4250 543 4335 ipsarum
577 4260 928 4343 sexaginta
957 4281 1323 4331 marcarum
1356 4262 1569 4331 fuerat
1592 4264 1659 4330 in
1692 4260 2015 4348 prioribus
2055 4257 2349 4325 terminis
2368 4276 2511 4344 per·

264 4360 557 4429 solutum.
602 4366 691 4434 Et
719 4368 958 4456 prefati
986 4372 1299 4457 Magister
1329 4373 1596 4460 Paulus,
1645 4384 1710 4441 et
1745 4370 2046 4455 Peturke,
2086 4386 2165 4435 ac
2198 4364 2509 4434 Notarius

262 4462 332 4529 D·
381 4470 653 4541 comitis
684 4476 1013 4562 predictos
1046 4479 1318 4568 populos
1352 4481 1437 4549 de
1468 4479 1769 4549 Cholnuk
1818 4499 2010 4568 super
2060 4482 2264 4545 morte
2315 4481 2379 4544 et
2411 4494 2505 4541 re·

261 4572 369 4643 bus
400 4580 717 4664 predictis
746 4585 1141 4671 reliquerunt
1185 4588 1564 4676 expeditos3
1611 4589 1706 4657 ita
1736 4589 1910 4677 quod
1941 4587 2001 4654 si
2031 4584 2141 4670 qui
2174 4585 2257 4652 de
2288 4587 2503 4651 cetero
