3319 5249
1354 318 1484 393 491

1288 407 1609 420 ————

310 513 633 582 sonaliter
665 511 962 596 astantis,
995 510 1425 580 vendiderunt
1474 510 1708 578 Comiti
1739 510 2014 579 Nicolao
2075 512 2212 598 filio
2245 512 2434 580 Buda
2463 534 2613 599 pro-

309 640 549 688 nouem
581 622 822 688 mareis
881 622 1167 688 latorum
1200 619 1610 687 denariorum
1674 618 1814 686 iure
1862 626 2181 706 perpetuo
2216 619 2488 707 pacifice
2518 628 2586 689 et

313 727 536 813 quiete
569 726 1098 795 inreuoeabiliter
1127 723 1590 820 possidendam
1623 725 1933 793 heredum
1968 727 2038 794 in
2068 725 2357 794 heredes.
2380 724 2582 796 Cuius

310 833 577 917 quidem
606 839 776 902 terre
806 828 975 903 mete'
1005 832 1102 900 sio
1140 832 1505 918 incipiunt:
1558 832 1734 916 quod
1783 830 1994 918 prima
2024 839 2205 907 meta
2235 833 2464 921 incipit
2496 835 2606 902 ab·

308 940 652 1010 occident-e
681 962 725 1007 a
753 947 928 1007 meta
958 932 1244 1008 eiusdem
1278 938 1546 1007 Comitis
1589 939 1855 1008 Nicolai
1886 941 1955 1005 in
1986 943 2102 1007 uia
2135 960 2327 1008 eruce
2358 941 2582 1025 signa·

308 1058 404 1138 ta,
438 1056 505 1116 et
538 1050 736 1116 currit
767 1047 850 1117 ad
882 1047 1257 1132 aquilonem
1288 1048 1356 1113 in
1387 1067 1631 1131 magna
1681 1047 1792 1116 via
1811 1099 1828 1132 ,
1860 1049 1969 1114 ubi
2000 1048 2301 1135 peruenit
2330 1040 2418 1116 ad
2449 1069 2581 1116 me·

313 1164 418 1225 tas
451 1156 840 1241 angulares3
872 1155 956 1223 de
987 1155 1220 1240 quibus
1254 1154 1447 1224 uertit
1477 1175 1550 1222 se
1613 1155 1700 1222 ad
1733 1158 2041 1227 orientem
2063 1209 2083 1244 ,
2136 1163 2200 1222 et
2231 1156 2432 1222 currit
2463 1175 2606 1241 per·

310 1265 613 1350 virgulta
661 1262 728 1329 in
761 1282 1001 1348 magno
1034 1262 1293 1349 spaci05
1328 1262 1565 1330 deinde
1614 1264 1811 1349 subyt
1852 1270 2090 1331 terram
2124 1263 2442 1331 arabilem
2476 1282 2577 1330 us-

315 1394 444 1456 que
474 1372 689 1438 riuum
720 1370 969 1455 Oziuag
999 1377 1459 1457 nuncupatum,
1495 1368 1605 1437 ubi
1637 1377 1794 1438 sunt
1825 1371 1950 1439 due
1983 1378 2154 1439 mete
2189 1380 2393 1439 terree
2418 1393 2434 1455 ;
2456 1390 2582 1456 que

315 1479 616 1549 saliendo
648 1479 850 1547 intrat
881 1479 1111 1545 iterum
1162 1485 1400 1546 terram
1432 1478 1791 1565 arabilem,
1846 1488 1910 1547 et
1943 1482 2148 1547 intrat
2178 1481 2418 1547 siluam
2453 1499 2620 1550 ma-,

316 1609 539 1674 gnam,
569 1593 633 1654 et
678 1587 775 1655 sie
807 1608 955 1654 eum
987 1585 1329 1653 latitudine
1369 1585 1599 1671 viginti
1633 1587 1921 1670 quinque
1953 1587 2252 1671 iugerum
2284 1587 2462 1656 uenit
2493 1585 2582 1652 ad

320 1697 491 1765 alias
523 1702 730 1762 metas
762 1695 1145 1779 angulares3
1180 1693 1263 1761 de
1305 1694 1539 1778 quibus
1592 1694 1909 1762 currendo
1941 1716 2058 1781 per
2089 1704 2343 1763 ueteres
2376 1701 2583 1761 metas

316 1806 505 1871 iuxta
538 1801 866 1887 quandam
896 1802 1069 1868 uiam
1119 1800 1363 1868 directe
1412 1801 1499 1868 ad
1551 1801 1884 1870 meridiem
1917 1802 2213 1887 peruenit
2245 1802 2331 1868 ad
2372 1807 2583 1866 metas

324 1910 596 1978 Comitis
629 1908 886 1975 Nicolai
919 1907 1259 1992 antedicti,
1288 1907 1507 1992 ibique
1528 1908 1927 1976 terminatur.
1948 1909 2085 1975 Hoe
2106 1909 2386 1989 adiecto,
2407 1906 2583 1989 quod

324 2018 662 2087 Johannes
695 2024 760 2083 et
788 2016 904 2100 filij
960 2016 1064 2083 sui
1100 2035 1178 2082 ao
1230 2016 1517 2102 ipsorum
1568 2013 1839 2082 heredes
1894 2015 2208 2081 Comitem
2242 2015 2582 2081 Nicolaum

325 2134 394 2193 et
425 2126 631 2210 ipsius
661 2123 936 2192 heredes
967 2144 1009 2190 a
1039 2123 1545 2190 molestantibus
1578 2122 1880 2189 omnibus
1931 2125 2190 2190 racione
2224 2130 2396 2188 terre
2430 2141 2579 2186 uen-

322 2234 462 2301 dite
493 2239 793 2299 tenentur
852 2229 1161 2316 expedire
1228 2231 1507 2317 proprijs
1566 2230 1899 2296 laboribus
1952 2236 2016 2296 et
2076 2228 2415 2315 expensis3
2469 2229 2582 2310 qui

320 2345 381 2410 si
466 2340 769 2426 expedire
829 2341 1214 2423 nequirent,
1279 2346 1516 2406 extunc
1577 2347 1814 2406 terram
1895 2358 2055 2422 eque
2117 2337 2450 2404 ualentem
2511 2334 2581 2399 in

316 2449 477 2534 alijs
508 2447 694 2514 terris
727 2451 1010 2533 ipsorum
1049 2447 1461 2531 hereditarijs
1498 2452 1795 2514 tenentur
1847 2453 2131 2512 statuere
2184 2442 2414 2510 Comiti
2473 2441 2584 2507 Ni*

319 2557 507 2624 oolao
539 2554 929 2640 supradicto.
962 2554 1151 2633 Quod
1180 2563 1249 2622 ut
1282 2562 1485 2621 ratum
1533 2554 1637 2636 sit,
1702 2572 1971 2638 presens
2022 2552 2573 2640 scr-iptumlcontu·

319 2666 517 2731 limus
546 2669 767 2730 nostro
800 2664 1013 2746 sigillo
1047 2663 1520 2730 communitum.
1556 2663 1866 2745 Magistro
1889 2661 2205 2726 Michaele
2236 2657 2577 2745 Preposito

319 2772 617 2838 Ecclesie
678 2777 914 2857 nostre,
946 2773 1188 2838 Jacobo
1223 2768 1518 2854 Custode,
1557 2769 1792 2834 Cozma
1823 2769 2090 2834 Deeano
2126 2767 2580 2834 existentibus.

320 2880 518 2946 Anno
581 2881 663 2944 ab
727 2877 1184 2945 lucarnaeione
1245 2877 1505 2942 Domini
1556 2875 1788 2941 ΜὊΟ0
1850 2875 2289 2958 octuagesimo
2324 2882 2578 2942 octauo,

318 3074 605 3142 (Eredetio
651 3071 1019 3141 bb‘rharty‘n,
1068 3091 1100 3126 a
1138 3075 1812 3141 sargawumswiolaszmfl
1865 3074 2318 3139 selyemzsinoron
2368 3075 2585 3135 siiggott

670 3165 850 3232 peeset
877 3167 1173 3228 elveszett3
1200 3182 1233 3216 a
1269 3168 1433 3217 budai
1482 3169 1581 3220 kir.
1611 3169 1851 3216 kamarai
1882 3161 2259 3229 leveltarban.)
