3319 5249
1867 328 2001 396 350

1850 955 2006 1023 249.

812 1175 939 1245 IV.
991 1177 1219 1246 Ldszld
1266 1176 1617 1263 kirdlynak
1668 1175 1933 1254 Zaheus,
1981 1173 2285 1258 Adorjdn
2336 1177 2556 1252 fia'ndk
2606 1187 2799 1245 6³22oe
2820 1179 3030 1263 javait

817 1289 1131 1376 tdryyazd
1160 1286 1530 1371 adomdnya
1573 1283 1801 1350 Tamds
1837 1287 2020 1348 vdczi
2038 1286 2290 1371 piiepok
2321 1287 2383 1352 έε
2413 1288 2701 1353 τεείυένεί
2728 1290 3031 1355 szdmcira.

1838 1388 2031 1460 1283.

1026 1607 1375 1678 Ladizlaus
1435 1608 1560 1676 Dei
1621 1610 1844 1693 gracia
1906 1608 2266 1696 Hungarie,
2330 1610 2686 1699 Dalmacie,
2752 1612 3031 1697 Croacie,

817 1719 1038 1804 Rame,
1087 1718 1331 1800 Seruio„
1401 1716 1690 1802 Gallicie,
1757 1717 2158 1804 Lodomerie,
2212 1716 2542 1805 Cumanie,
2609 1721 3035 1805 Bulgarieque

819 1827 956 1892 Rex
1006 1826 1297 1893 omnibus
1344 1823 1580 1892 Christi
1634 1822 1934 1891 fidelibus
1987 1834 2116 1893 tam
2147 1829 2553 1912 presentibus
2588 1849 2778 1912 quam
2813 1829 3035 1894 suturis

818 1941 1184 2016 presentem
1216 1933 1521 2020 paginam
1556 1932 1943 2020 inspecturis
1974 1934 2247 2002 salutem
2280 1937 2348 2002 in
2380 1936 2659 2004 omnium
2690 1937 3033 2004 saluatore.

819 2039 1017 2125 Regie
1050 2040 1480 2109 Sublimitatis
1512 2042 1792 2126 exquirit
1824 2041 2125 2130 officium,
2178 2044 2266 2111 ibi
2304 2047 2532 2113 molem
2583 2044 2894 2132 inponere
2921 2046 3038 2111 lar-

817 2149 1091 2233 gicionis
1139 2157 1203 2218 et
1253 2150 1487 2238 gracie,
1540 2152 1647 2218 vbi
1687 2150 2017 2219 fidelitatis
2050 2152 2284 2220 eximie
2314 2156 2624 2222 exuberat
2655 2156 2949 2223 meritum
2981 2164 3039 2221 et

820 2258 1128 2344 procedit.
1162 2259 1443 2328 Proinde
1476 2260 1562 2329 ad
1593 2260 2041 2329 uniuersorum
2072 2261 2374 2330 noticiam
2406 2263 2633 2332 harum
2662 2264 2836 2333 serie
2869 2262 3037 2333 uolu-

823 2387 962 2434 mus
993 2366 1372 2454 peruenire:
1409 2367 1583 2454 quod
1618 2388 1758 2436 cum
1788 2369 2040 2437 Zaheus
2088 2369 2260 2439 filius
2307 2371 2584 2440 Adriani
2641 2373 2722 2441 de
2755 2371 3042 2458 partibus

824 2473 1168 2542 Sclauonie
1199 2473 1365 2542 inter
1397 2476 1707 2544 intestina
1744 2477 1949 2563 prelia
1969 2484 2035 2545 et
2051 2477 2269 2547 hostes
2289 2489 2625 2566 congestos
2645 2487 3048 2566 nocumenta,

824 2581 1144 2652 maleficia
1175 2591 1240 2651 et
1268 2585 1479 2672 spolia
1509 2584 1790 2672 plurima
1840 2585 2280 2678 commisisset,
2333 2596 2404 2657 ut
2452 2590 2635 2676 quasi
2667 2591 3046 2679 promiscuo-

823 2711 962 2756 rum
1013 2692 1467 2760 maleficiorum
1516 2676 1927 2780 perpetracio
1959 2695 2124 2763 inter
2155 2697 2320 2765 alios
2349 2699 2609 2766 malicie
2638 2708 2899 2768 actores
2930 2697 3046 2766 sibi

821 2808 1104 2882 nequeat
1149 2800 1521 2888 specialiter
1566 2803 1894 2889 inputari;
1947 2805 2015 2872 in
2065 2808 2638 2892 exaggeracionem
2672 2809 2886 2877 eciam
2939 2828 3047 2876 sue

824 2906 1182 2990 iniquitatis
1234 2916 1297 2976 et
1347 2909 1665 2997 nequicie,
1716 2920 1930 2997 preter
1977 2913 2289 2981 indictum
2338 2924 2704 3004 preceptum
2755 2917 3052 3002 Regium,

818 3035 967 3101 ymo
998 3016 1222 3102 pocius
1254 3021 1478 3083 contra
1509 3017 1788 3087 edictum
1821 3021 2063 3107 pariter
2081 3029 2145 3089 et
2163 3023 2494 3106 indictum,
2519 3024 2605 3093 ad
2626 3025 3049 3096 obsidendum

826 3130 891 3188 et
923 3125 1420 3210 expugnandum
1472 3145 1550 3192 ac
1598 3128 2014 3213 optinendum
2044 3138 2323 3200 castrum
2356 3133 2620 3203 Comitis
2652 3134 2965 3203 Germani
2996 3140 3056 3201 et

824 3230 1091 3298 fratrum
1127 3252 1382 3301 suorum
1414 3233 1700 3302 fidelium
1731 3243 2109 3326 nostrorum,
2152 3260 2268 3308 suo
2299 3249 2476 3309 motu
2507 3244 2768 3330 proprio
2801 3245 3052 3313 eleuato

822 3340 1161 3408 temerarie
1193 3341 1454 3430 uexillo,
1485 3350 1617 3410 tam
1648 3344 2086 3415 inhumaniter
2137 3369 2329 3434 quam
2366 3350 2711 3419 infideliter
2742 3374 2887 3420 cum
2919 3352 3052 3419 suis

827 3448 1244 3534 complicibus
1277 3449 1401 3519 sibi
1434 3448 1740 3521 adunatis
1771 3454 1838 3522 in
1870 3456 2117 3525 scelere
2168 3460 2608 3547 processisset,
2637 3462 2863 3548 ibique
2892 3463 3056 3530 inter

822 3565 1151 3625 consertos
1201 3566 1265 3627 et
1313 3559 1808 3631 defendencium
1860 3587 2090 3635 manus
2139 3588 2257 3637 sue
2305 3570 2807 3656 perniciositatis
2840 3572 3056 3658 noxijs

828 3664 1178 3749 obligatus,
1228 3666 1392 3735 sicut
1439 3672 1690 3757 meruit,
1743 3671 1955 3742 fuerat
2005 3677 2492 3766 interhemptus,
2548 3679 2724 3748 nullo
2767 3682 2834 3747 in
2868 3682 3059 3748 rebus

824 3772 1125 3841 humanis
1173 3772 1479 3844 heredum
1529 3781 1775 3850 solacio
1833 3784 2119 3869 legitime
2152 3783 2473 3875 derelicto,
2507 3789 2729 3874 sicque
2761 3789 3057 3857 omnibus

823 3880 1009 3948 bonis
1043 3883 1206 3971 eius,
1236 3887 1752 3971 possessionibus
1783 3892 1852 3959 in
1881 3894 2071 3964 rebus
2104 3898 2505 3966 monentibus
2537 3895 2714 3987 (igy)
2745 3906 2809 3965 et
2839 3919 2913 3967 se
2933 3920 3060 3964 mo·

828 3986 1147 4075 uentibus,
1176 3992 1385 4060 seruis
1412 3993 1723 4064 videlicet
1742 4007 1806 4066 et
1823 4000 2103 4090 ancillis,
2123 4005 2645 4090 possessionibus
2664 4007 3061 4094 prediorum,

824 4094 1370 4185 hereditariarum,
1419 4106 1879 4195 empticiarum,
1927 4111 2405 4198 acquisitarum,
2453 4134 2569 4180 seu
2602 4115 2896 4199 quolibet
2927 4116 3061 4183 alio

823 4202 1011 4273 titulo
1041 4204 1125 4273 ad
1156 4228 1300 4276 eum
1331 4213 1821 4303 pertinencium,
1872 4217 1953 4285 de
1985 4218 2124 4289 iure
2154 4229 2218 4290 et
2248 4245 2329 4292 ex
2358 4222 2560 4308 Regni
2600 4226 3062 4295 cousuetudine

824 4313 1186 4399 approbata
1231 4314 1317 4382 ad
1367 4340 1596 4391 manus
1647 4335 1906 4395 nostras
1955 4330 2193 4416 Regias
2226 4332 2681 4402 vniuarsaliter
2713 4333 3061 4418 deuolutis,

821 4440 938 4487 nos
985 4432 1321 4495 censentes
1372 4450 1454 4496 ex
1503 4431 1742 4522 animo,
1793 4436 1958 4506 sicut
2006 4437 2193 4508 decet
2242 4449 2307 4510 et
2338 4442 2621 4532 expedit,
2657 4441 2806 4527 quid
2844 4443 3059 4510 deme-

822 4537 1039 4603 reatur
1089 4531 1493 4606 infidelitatis
1540 4542 1870 4630 socordia,
1921 4547 2157 4632 quidue
2205 4555 2549 4643 perspicua
2597 4555 2879 4625 fidelitas
2928 4579 3051 4627 me

819 4644 1072 4709 rentur:
1124 4643 1460 4714 vniuersas
1510 4655 1951 4737 possessiones
2003 4656 2160 4725 dicti
2209 4660 2432 4752 Zahey
2491 4667 2737 4753 absque
2785 4667 3054 4740 heredis
