3319 5249
1699 399 2018 498 *3394*

1790 1021 1943 1090 337.

731 1222 779 1284 1
785 1220 849 1287 V.
883 1220 1115 1287 Ldszlo‘
1144 1220 1504 1304 kirdlynak
1534 1220 1798 1287 Bareza
1846 1228 2008 1285 nevil
2020 1219 2244 1307 foldet
2272 1225 2584 1307 tdrqyazd
2616 1223 3010 1288 hatdrozata‘

728 1329 970 1396 Miklda
999 1332 1062 1394 ὡ
1092 1329 1382 1411 Mdrton,
1414 1328 1607 1395 Miku
1643 1329 1806 1412 fiai,
1839 1352 1869 1394 s
1901 1350 1944 1391 a
2010 1330 2236 1395 kassai
2263 1329 2584 1417 vend69ek
2614 1331 2777 1397 k'o'zt.
2811 1331 3017 1396 1288.

942 1522 1079 1590 Nos
1111 1520 1214 1611 (L.
1248 1522 1373 1589 Dei
1406 1522 1634 1607 gracia
1653 1523 1798 1588 Rex
1829 1520 2174 1606 Hungarie
2200 1523 2510 1590 memorie
2540 1525 2997 1592 commendan-

735 1630 864 1715 tes)
895 1629 1333 1713 significamus
1363 1629 1601 1712 quibus
1632 1625 1900 1714 expedit
1948 1627 2273 1696 vniuersis
2311 1666 2992 1680 ——————
3019 1614 3029 1623 ’

733 1770 1537 1789 ———————
1589 1735 1776 1803 Miku
1826 1756 1868 1820 p
1903 1771 1990 1784 —·
2021 1742 2111 1785 ‘—-
2163 1775 2243 1785 —
2305 1736 2560 1804 Bareha
2602 1743 2899 1804 noestam
2935 1747 3004 1805 et

730 1845 1019 1931 hospites
1051 1843 1135 1912 de
1168 1845 1385 1911 Kassa
1437 1878 1996 1891 —————
2036 1841 2331 1909 eiusdem
2396 1843 2672 1911 Hannus
2702 1852 2770 1911 et
2797 1843 2999 1912 Geor·

728 1953 880 2037 gius
939 1951 1203 2017 nomine
1256 1989 1333 2000 —-
1354 1976 1461 1995 ·—-
1496 1985 1571 1997 -
1628 1986 1680 1996 -
1736 1987 1815 1998 —
1874 1948 2018 2016 sine
2051 1950 2287 2017 herede
2349 1950 2728 2019 deoedentis
2790 1955 3010 2019 tacita*

736 2060 1011 2127 ueritate
1040 2094 1128 2105 -—-
1160 2093 1249 2103 ——
1285 2088 1363 2099 -—
1402 2092 1480 2108 ’-
1518 2064 1667 2123 sent
1696 2055 1825 2123 sibi
1858 2055 2001 2123 dari
2025 2077 2042 2140 ς
2062 2066 2284 2123 tamen
2315 2091 2987 2107 ——————

733 2172 800 2232 et
831 2165 1135 2233 Nicolaus
1165 2184 1245 2231 ae
1274 2163 1596 2230 Martinus
1629 2163 1745 2247 filij
1789 2197 2351 2214 —————
2388 2165 2565 2232 Edus
2597 2167 2847 2251 Comes,
2898 2185 2994 2232 eo·

737 2271 922 2358 gnati
952 2272 1241 2357 ipsorum
1273 2267 1357 2336 de
1387 2269 1663 2356 Barcha,
1697 2270 1930 2337 fratres
1962 2270 2119 2337 dieti
2150 2270 2354 2355 Mykn
2401 2274 2734 2357 patrueles
2766 2273 2855 2339 ad
2887 2295 3000 2340 no-

734 2389 1024 2448 nostram
1060 2377 1447 2446 aeeedentes
1479 2378 1887 2464 presenciam
1918 2380 2293 2461 retulerunt,
2327 2379 2503 2463 qnod
2535 2388 2712 2447 terra
2743 2382 3004 2449 Barcha

735 2496 908 2556 esset
934 2489 1224 2573 ipsorum
1256 2484 1649 2552 hereditaria
1673 2519 1751 2531 —
1778 2522 1866 2535 --
1902 2523 1980 2533 —
2021 2522 2110 2534 —
2143 2494 2209 2554 et
2238 2486 2478 2573 porcio,
2516 2506 2643 2569 qne
2671 2489 2740 2554 in
2771 2488 3000 2555 eadem

743 2638 821 2649 --
868 2633 942 2643 —
986 2632 1063 2641 —
1104 2632 1182 2642 ——
1219 2592 1537 2676 contingit
1568 2631 1657 2642 --
1693 2632 1770 2641 -
1806 2594 2072 2660 racione
2103 2594 2538 2680 proximitatis
2566 2630 2657 2644 —-
2687 2634 2777 2645 —-
2814 2633 2893 2644 -
2932 2603 2992 2664 et

738 2705 808 2769 in
842 2722 1037 2787 qnam
1069 2699 1184 2784 alij
1245 2736 1320 2747 —
1366 2735 1445 2747 -
1488 2736 1566 2745 -—
1623 2736 1688 2746 —
1727 2697 2209 2785 possidendam.
2264 2701 2503 2767 Verum
2554 2700 2714 2784 qnia
2744 2703 3004 2770 onieun*

679 2829 683 2834 ’
740 2831 869 2893 que
902 2809 967 2874 in
1002 2826 1120 2876 suo
1150 2807 1289 2873 iure
1329 2825 1458 2873 non
1491 2807 1789 2872 uolumus
1821 2805 2124 2890 derogari
2161 2844 2238 2854 —
2281 2842 2361 2854 —
2402 2844 2480 2854 ——
2515 2814 2758 2875 terram
2790 2845 2881 2857 —-
2915 2846 2987 2856 -

737 2950 1296 2966 —————
1333 2913 1706 2981 testimonio
1756 2912 2005 2982 eisdem
2066 2912 2531 3000 possidendam
2550 2966 2569 3003 ,
2605 2923 2799 3001 pront
2827 2917 3000 2984 idem.

740 3024 943 3110 Myku
975 3021 1192 3109 (pater
1224 3020 1472 3108 eorum)
1508 3020 1872 3087 dinoscitur
1890 3022 1974 3088 ab
2006 3023 2279 3107 antiqno
2329 3022 2718 3108 possedisse.
2751 3025 3004 3093 Datum

738 3132 810 3197 in
838 3132 1042 3215 Seeps
1103 3130 1212 3197 die
1243 3128 1513 3195 Sabbati
1576 3133 1735 3195 ante
1767 3130 2175 3197 Dominioam
2224 3131 2461 3199 Letare
2521 3150 2694 3197 anno
2732 3130 3003 3199 Domini

740 3240 807 3304 M
820 3239 980 3304 ⁹⁰00
1013 3237 1406 3321 octagesimo
1438 3241 1690 3301 octauo.

745 3452 1022 3516 (Exedetie
1050 3447 1400 3517 δὸτὶιᾶηγέῃ,
1442 3454 1572 3517 igen
1592 3449 1944 3518 megronsssst
1969 3450 2286 3521 illapotban
2313 3451 2371 3505 68
2396 3452 2513 3507 mir
2537 3455 2652 3521 alig
2674 3452 2960 3506 clv-abath
2983 3472 3008 3516 ;

1377 3556 1411 3592 a
1436 3537 1681 3604 Bar-0⁸⁸5
1710 3538 1900 3593 esalad
1937 3540 2354 3611 loveltarfiban.)
