3319 5249
1406 391 1531 457 195

333 584 477 651 ficio
506 583 920 671 reprehensi;
967 585 1229 652 tandem
1274 606 1430 674 nos,
1486 586 1642 670 quia
1691 585 1762 652 id
1813 583 1987 669 quod
2035 586 2239 654 semel
2293 587 2588 653 Ecclesie

332 691 690 779 reliquitur,
739 693 1210 762 irretractabile
1261 715 1407 763 esse
1440 693 1671 779 debet,
1725 691 2098 777 sepedictas
2148 694 2588 780 possessiones

332 805 541 888 ipsius
574 785 761 869 Petri
784 804 876 870 sic
909 801 1234 887 defuncti,
1285 808 1418 870 tam
1470 799 1946 887 hereditarias,
2008 823 2201 887 quam
2253 802 2590 888 empticias

335 918 398 977 et
430 912 769 998 aquisitae,
816 912 981 980 sicut
1017 912 1451 998 premittitur;
1522 919 1584 978 et
1635 910 2018 996 specialiter
2063 917 2298 978 terram
2353 910 2589 977 Pomaz

335 1026 672 1105 uocatam,
723 1025 788 1086 et
836 1018 1166 1103 quandam
1212 1020 1469 1086 vineam
1522 1018 1814 1085 eiusdem
1848 1018 1914 1083 in
1948 1018 2276 1086 territorio
2310 1018 2592 1085 Budensi

335 1126 720 1193 existentem
745 1177 763 1210 ,
811 1126 1002 1193 simul
1043 1147 1184 1192 cum
1223 1126 1596 1194 molendino
1632 1125 1759 1193 sito
1792 1126 1859 1191 in
1891 1125 2140 1193 Calidis
2174 1126 2380 1210 Aquis
2415 1126 2592 1210 apud

335 1234 609 1320 Budam,
638 1234 723 1301 ab
755 1233 900 1319 ipso
933 1234 1271 1318 Gregorio,
1306 1241 1369 1302 et
1403 1236 1487 1302 ab
1520 1233 1671 1320 alijs
1703 1236 2123 1321 quibuslibet,
2185 1234 2296 1318 qui
2347 1234 2415 1300 in
2466 1237 2590 1301 eis-

339 1340 483 1409 dem
533 1339 636 1409 ius
685 1340 924 1410 habere
956 1361 1027 1409 se
1056 1349 1437 1429 antumant,
1501 1341 1895 1411 remouendo
1945 1343 2325 1428 reliquimus
2380 1340 2590 1408 eidem

338 1449 633 1516 Ecclesie
662 1449 863 1516 Beate
896 1449 1186 1532 Virginis
1218 1458 1530 1535 perpetuo
1562 1450 1830 1536 pacifice
1859 1449 2315 1535 possidendas.
2352 1452 2594 1516 Datum

342 1554 521 1621 Bude
553 1554 721 1623 feria
758 1556 1046 1623 secunda
1063 1558 1361 1655 proxima
1400 1565 1550 1643 post
1569 1556 1962 1625 dominicam
1983 1558 2594 1643 Ramispalmarum.

341 1737 614 1803 (Eredetie
669 1734 994 1804 bb'rhartyan
1016 1776 1029 1800 ‚
1090 1738 1346 1804 melynek
1408 1734 1601 1789 hatara
1648 1742 1895 1803 nyomott
1943 1735 2182 1804 pecsetje
2221 1737 2477 1789 elveszett
2497 1775 2510 1800 ‚
2559 1754 2594 1789 a

949 1827 1115 1878 budai
1160 1828 1262 1878 kir.
1311 1829 1561 1880 kamarai
1603 1824 1988 1894 leveltArban.)

1397 2684 1547 2752 135.

354 2922 464 2987 IV.
493 2921 727 2988 Ldszld
756 2867 1110 3002 kirdlpnak
1141 2940 1524 3005 uqyanarra
1553 2920 1925 3000 vonatkozd,
1966 2942 2009 2985 a
2040 2919 2240 2986 budai
2273 2921 2610 3007 kdptalan-

718 3031 848 3095 nak
884 3030 1083 3095 szdlld
1119 3029 1386 3094 iktatdsi
1406 3050 1755 3113 parancsa.
1808 3032 2003 3096 1277.
2036 3030 2238 3096 kam-al.

565 3259 917 3328 Ladizlaus
947 3259 1073 3327 Dei
1106 3258 1333 3344 gracia
1361 3261 1502 3327 Rex
1532 3258 1871 3344 Hungarie
1920 3259 2223 3327 fidelibus
2253 3258 2388 3327 suis
2422 3257 2610 3345 Capi-

272 3351 285 3358 ’
355 3371 489 3438 tulo
521 3367 814 3434 Budensi
844 3366 1125 3433 salutem
1157 3374 1222 3434 et
1252 3368 1567 3452 graciam.
1617 3367 1778 3436 Cum
1829 3388 1946 3434 nos
1984 3369 2325 3437 vniuersas
2357 3388 2612 3455 posses-

356 3477 571 3544 siones
623 3473 799 3541 Petri
849 3472 970 3558 filij
1024 3473 1161 3539 Vza
1211 3471 1525 3541 heredum
1557 3473 1798 3542 solacio
1831 3474 2147 3558 destituti,
2195 3481 2330 3541 tam
2363 3475 2613 3543 heredi-

358 3582 578 3666 tarias,
627 3599 819 3664 quam
876 3581 1216 3665 empticias
1273 3587 1338 3647 et
1367 3582 1689 3664 aquisitas
1721 3635 1739 3668 ,
1817 3590 1882 3649 et
1955 3583 2328 3668 specialiter
2375 3590 2614 3650 terram

358 3691 594 3758 Pomaz
625 3694 943 3773 uocatam,
973 3688 1326 3755 secundum
1359 3689 1528 3773 quod
1560 3689 1731 3756 idem
1786 3692 2012 3758 Petrus
2057 3689 2127 3755 in
2159 3691 2334 3757 bona
2365 3689 2612 3757 ualetu-

359 3797 532 3883 dine,
581 3816 663 3862 ex
691 3792 1119 3878 permissione
1140 3791 1397 3872 ⁸domini
1429 3796 1521 3863 St.
1556 3797 1734 3863 clare
1765 3794 2247 3864 recordacionis
2281 3796 2436 3862 olim
2467 3795 2612 3862 illu-

360 3906 512 3972 stris
544 3904 742 3987 Regis
773 3902 1114 3986 Hungarie
1147 3905 1353 3989 patris
1401 3903 1606 3972 nostri
1654 3902 1993 3971 karissimi
2033 3904 2287 3988 legauit
2316 3901 2610 3969 Ecclesie

360 4011 561 4078 Beate
591 4007 879 4094 Virginis
912 4009 996 4077 de
1026 4010 1251 4078 Insula
1270 4062 1290 4098 ,
1340 4011 1504 4078 sicut
1526 4010 1603 4076 -id
1636 4011 1704 4077 in
1738 4008 2024 4077 eiusdem
2055 4009 2289 4077 litteris
2319 4008 2608 4095 inspexi-

361 4140 503 4185 mus
534 4116 843 4184 contineri
866 4168 886 4202 ,
951 4114 1406 4199 reliquerimus
1457 4118 1752 4186 Ecclesie
1781 4124 2168 4184 memorate:
2218 4119 2512 4186 volumus
2547 4123 2612 4183 et

365 4224 669 4295 fidelitati
737 4229 959 4291 uestre
1024 4223 1408 4291 mandantes
1470 4224 1864 4311 precipimus
1885 4277 1903 4311 ,
1968 4232 2287 4308 quatenus
2347 4225 2619 4291 mittatis

366 4354 558 4400 unum
624 4352 705 4399 ex
756 4330 942 4399 uobis
992 4329 1200 4397 virum
1230 4330 1554 4417 ydoneum
1603 4353 1720 4418 pro
1769 4332 2173 4419 testimonie,
2224 4352 2440 4400 coram
2492 4350 2618 4415 qno

365 4439 610 4507 Paulus
650 4436 1055 4506 Tauarnicus
1112 4444 1333 4504 noster
1381 4438 1712 4524 predictas
1763 4439 2211 4524 possessiones
2260 4439 2621 4506 reambulet

368 4546 774 4630 presentibus
811 4543 1108 4613 omnibus
1139 4545 1602 4613 commetaneis
1652 4552 1719 4612 et
1764 4544 2001 4615 vicinis
2020 4597 2038 4632 ‚
2085 4552 2149 4614 et
2199 4552 2446 4615 statuat
2494 4546 2618 4631 ipsi

366 4654 656 4724 Ecclesie
686 4650 1139 4740 possidendas,
1170 4652 1687 4722 contradiccione
1719 4653 2067 4724 cuiuslibet
2096 4675 2225 4722 non
2267 4654 2567 4721 obstante
2592 4675 2608 4735 ;

2167 4762 2300 4830 13*
