3319 5249
1791 333 1931 397 538

719 531 896 593 terea
928 535 1148 610 partes
1182 546 1299 611 pro
1331 529 1499 595 bono
1565 527 1746 613 pacis
1795 533 2105 613 perpetuo
2171 528 2479 597 durature
2513 528 2982 597 ordinauerunt

721 633 888 701 inter
917 654 1009 719 se,
1044 633 1213 718 quod
1259 634 1416 718 quia
1446 635 1896 721 possessiones
1941 637 2231 720 ipsarum
2265 636 2559 721 parcium
2594 657 2711 723 per
2743 657 2976 722 aquam

723 747 786 807 et
816 741 1052 807 siluam
1083 740 1270 806 Baba
1304 740 1747 826 distinguntur
1779 741 2301 828 possessionibus
2347 741 2658 811 videlicet
2694 745 2976 832 Chepani

723 856 787 913 et
818 848 1162 933 Laurencij
1198 869 1276 915 ac
1328 847 1768 935 proximorum
1830 869 2089 916 suorum
2150 849 2580 936 predictorum
2617 873 2660 918 a
2688 852 2967 934 meridie,

725 963 790 1022 et
821 955 905 1021 ab
938 957 1211 1042 oriente,
1277 961 1342 1021 et
1398 956 1925 1041 possessionibus
1990 955 2391 1043 prefatorum
2454 960 2738 1026 filiorum
2801 960 2976 1028 Ebed

726 1070 788 1131 et
819 1063 1254 1150 proximorum
1286 1082 1548 1132 suorum
1582 1084 1623 1130 a
1657 1071 1844 1148 parte
1896 1063 2187 1150 predicte
2238 1086 2408 1148 aque
2456 1085 2686 1134 uersus
2736 1069 2975 1151 aquilo-

725 1191 870 1238 nem
902 1169 1423 1255 remanentibus;
1459 1169 1539 1237 de
1572 1177 1786 1239 cetero
1815 1190 2029 1255 neque
2064 1171 2431 1258 Chepanus,
2455 1174 2877 1260 Laurencius‚
2912 1184 2972 1243 et

724 1280 1009 1366 proximi
1040 1297 1261 1346 eorum
1311 1299 1352 1346 a
1383 1285 1568 1363 parte
1621 1278 2104 1364 possessionum
2157 1279 2440 1347 filiorum
2493 1281 2673 1348 Ebed
2725 1290 2789 1349 et
2839 1302 2977 1368 pro-

728 1387 1111 1473 pinquorum
1206 1405 1467 1453 suorum
1501 1410 1516 1472 ;
1610 1392 1675 1453 et
1740 1406 1776 1452 e
1842 1405 2159 1453 conuerso
2223 1406 2433 1469 neque
2496 1386 2613 1473 filij
2680 1389 2865 1457 Ebed
2923 1397 2986 1456 et

724 1495 1073 1582 propinqui
1135 1494 1236 1561 sui
1288 1514 1330 1561 a
1361 1501 1545 1580 parte
1594 1495 2074 1581 possessionum
2110 1492 2408 1582 Chepani
2438 1502 2503 1563 et
2533 1497 2880 1584 Laurencij
2916 1503 2980 1565 et

724 1602 1162 1688 proximorum
1197 1621 1424 1669 eorum
1457 1603 1682 1684 aliqua
1715 1600 1978 1668 racione
2028 1603 2139 1669 uel
2172 1602 2393 1687 aliquo
2425 1604 2616 1671 titulo
2648 1604 2979 1672 medianti-

724 1711 846 1776 bus
880 1714 1183 1796 poterunt
1217 1709 1438 1794 aliqua
1467 1708 1612 1776 iura
1642 1709 1971 1792 porcionis
2023 1710 2392 1778 uendicare.
2446 1709 2858 1780 Addiderunt
2889 1712 2979 1780 in-

729 1836 944 1904 super,
978 1817 1146 1902 quod
1177 1817 1233 1886 si
1284 1816 1655 1904 sepedictus
1706 1818 2019 1885 Nicolaus
2083 1818 2373 1904 prefatas
2423 1819 2871 1905 possessiones
2903 1839 2983 1887 ex

729 1924 956 1993 fauore
988 1924 1373 1994 dileccionis
1436 1924 1788 2011 sepedictis
1841 1925 2000 2010 filijs
2031 1925 2215 1995 Ebed
2264 1933 2329 1992 et
2390 1927 2703 2013 proximis
2764 1948 2981 1996 eorum

732 2033 872 2101 siue
903 2032 969 2099 in
1003 2033 1141 2100 uita
1173 2033 1311 2100 siue
1340 2033 1409 2100 in
1444 2037 1646 2098 morte
1693 2033 2058 2100 liberaliter
2090 2033 2433 2103 donauerit
2450 2088 2471 2123 ,
2524 2034 2646 2104 erit
2677 2035 2803 2105 sibi
2831 2036 2982 2104 libe-

731 2162 871 2208 rum
905 2141 1142 2208 facere.
1176 2141 1253 2206 In
1287 2160 1477 2225 quem
1513 2140 1722 2208 eciam
1755 2140 2097 2207 articulum
2121 2140 2469 2229 Chepanus
2503 2151 2567 2211 et
2582 2145 2982 2213 Laurencius

732 2268 813 2315 ac
843 2249 1124 2334 proximi
1160 2267 1381 2316 eorum
1412 2267 1575 2333 pure
1624 2255 1692 2314 et
1721 2247 2097 2334 simpliciter
2160 2258 2638 2318 consenserunt.
2689 2253 2766 2317 In
2801 2251 2981 2319 cuius

734 2357 828 2421 rei
883 2354 1258 2423 memoriam
1321 2360 1655 2440 presentes
1707 2355 2142 2423 concessimus
2192 2356 2441 2439 litteras
2495 2364 2716 2424 nostro
2764 2358 2981 2443 sigillo

735 2462 1094 2529 roboratas.
1129 2464 1368 2529 Datum
1403 2461 1568 2529 seria
1587 2462 1817 2547 quinta
1847 2469 1995 2547 post
2031 2462 2267 2529 festum
2301 2463 2490 2531 Beati
2525 2464 2789 2551 Georgij
2824 2486 2976 2533 mar·

732 2569 876 2635 tiris
908 2588 1078 2637 anno
1110 2568 1375 2638 Domini
1419 2571 1766 2638 millesimo
1829 2569 2269 2640 ducentesimo
2303 2572 2746 2658 nonagesimo,
2779 2573 2976 2659 Magi·

731 2677 883 2744 stris
917 2674 1280 2744 Carachino
1313 2678 1672 2766 Preposito,
1737 2678 2082 2747 Dominico
2116 2678 2410 2766 Clamore,
2474 2681 2640 2750 Bors
2690 2682 2975 2767 Lectore,

733 2783 1061 2869 Stephano
1096 2785 1379 2853 Custode
1409 2786 1702 2855 Ecclesie
1735 2794 1950 2855 nostre
1983 2787 2429 2857 existentibus.

1196 2931 1254 2996 A
1623 2933 1678 2997 B
2047 2935 2097 3001 G
2462 2935 2524 3001 D

732 3074 1002 3138 (Erodetie
1026 3071 1374 3142 bb'rhartyam
1400 3076 1658 3142 melynek
1684 3075 1854 3143 sugg&
1878 3075 2112 3144 pecsetje
2171 3074 2286 3129 mar
2312 3078 2581 3139 lehullott‚
2609 3095 2643 3129 a
2669 3094 2841 3131 nomn.
2870 3093 2978 3131 mu·

1521 3181 1677 3217 zeum
1716 3163 2197 3232 kezirattAraban.)

1647 3436 1771 3446 -——-
1797 3439 2070 3448 --------·„-

1785 3882 1940 3948 390.

730 4061 789 4127 A
859 4065 1127 4129 vasvdri
1174 4063 1631 4149 kdptalannak
1684 4085 2069 4150 uqyanazon
2118 4065 2558 4150 eqyezkede'sre
2626 4066 2976 4133 vonatkozd

1450 4170 1998 4255 bizonysciylevele.
2049 4170 2242 4236 1290.

1264 4313 1322 4378 A
1842 4316 1897 4380 Β
2251 4302 2261 4306 ”
2415 4315 2468 4382 G

950 4456 1085 4523 Nos
1118 4457 1496 4544 Capitulum
1528 4457 1826 4524 Ecclesie
1857 4455 2040 4523 Beati
2072 4457 2408 4523 Michaelis
2463 4457 2854 4544 Archangeli
2904 4457 2983 4529 de

738 4564 964 4632 Castro
997 4563 1297 4653 (Ferreo)
1319 4565 1724 4633 notificamus
1744 4573 1964 4633 tenore
1998 4566 2400 4653 presencium
2433 4562 2776 4650 vniuersis,
2796 4562 2968 4653 quod
