3319 5249
1445 343 1568 408 211

1450 986 1596 1055 148.

370 1205 433 1271 A
465 1204 664 1271 budae·
694 1203 1141 1291 kdptalannalc
1194 1204 1717 1290 bt'zonysdqlevele
1736 1255 1757 1286 ,
1806 1208 1968 1290 hoqy
2011 1230 2052 1270 a
2084 1207 2466 1293 nyt'dsziqeti
2485 1231 2634 1295 pre·

376 1315 661 1378 montre‘k
711 1316 946 1398 apcigja
997 1336 1075 1378 az
1126 1316 1334 1379 ottam'
1370 1314 2001 1414 ‘domokosrendieket
2050 1339 2090 1380 α
2144 1317 2352 1381 ‘romaz‘
2391 1315 2638 1382 sze'knel

1162 1420 1618 1507 bepanaszolta.
1663 1425 1853 1489 1278.

603 1618 739 1684 Nos
795 1615 1166 1701 Capitulum
1217 1617 1538 1686 Budensis
1576 1617 1867 1686 Ecclesic
1901 1617 2130 1687 damus
2160 1639 2276 1703 pro
2308 1622 2634 1707 memoria,

391 1726 562 1811 quod
612 1728 710 1793 vir
762 1727 1109 1810 religiosus
1162 1727 1365 1793 frater
1415 1729 1734 1794 Martinus
1768 1728 1982 1795 dictus
2017 1730 2242 1797 Abbas
2276 1729 2358 1796 de
2392 1728 2634 1797 Ordine

387 1836 1082 1904 Premonstratensium
1131 1835 1199 1902 in
1250 1836 1546 1902 Ecclesia
1595 1837 1816 1903 Sancti
1869 1837 2206 1905 Michaelis
2239 1837 2637 1921 Archangeli

380 1944 461 2009 de
492 1944 717 2010 Insula
746 1945 1071 2028 Leporum
1105 1963 1529 2029 commoranS,
1577 1964 1706 2010 una
1745 1965 1883 2010 cum
1918 1943 2304 2028 quibusdam
2326 1944 2635 2011 fratribus

379 2054 519 2120 suis
551 2051 638 2117 ad
669 2059 954 2120 nostram
991 2051 1423 2136 personaliter
1476 2052 1849 2119 accedendo
1902 2055 2327 2139 presenciam,
2382 2053 2637 2122 nomine

380 2180 500 2225 suo
555 2167 619 2227 et
661 2158 931 2225 fratrum
988 2179 1248 2225 suorum
1300 2166 1696 2244 protestatus
1751 2169 1886 2244 est,
1939 2160 2108 2244 quod
2160 2183 2302 2229 cum
2354 2180 2560 2244 nuper
2594 2182 2633 2225 a

383 2267 869 2350 granaminibus
905 2273 970 2334 et
1001 2266 1256 2352 iniuriJs
1292 2267 1493 2335 illatis
1529 2276 1592 2334 et
1623 2269 1985 2335 inferendis
2019 2290 2133 2356 per
2163 2269 2632 2355 Predicatores,

379 2376 489 2459 qui
522 2382 672 2443 sunt
703 2383 1147 2461 procuratores
1181 2383 1551 2444 sanctarum
1595 2376 1990 2445 monealium
2025 2376 2106 2444 de
2141 2378 2368 2445 eadem
2399 2376 2634 2473 insula,

382 2485 788 2570 appellasset
836 2483 920 2549 ad
969 2485 1202 2552 Sedem
1260 2487 1695 2571 Apostolicam
1737 2486 2153 2572 solempniter
2186 2492 2249 2553 et
2280 2486 2346 2552 in
2378 2484 2636 2569 scriptis

381 2592 644 2662 nomine
674 2613 790 2660 suo
823 2597 886 2661 et
911 2593 1277 2662 Conuentus
1299 2595 1422 2680 sui,
1458 2594 1758 2681 ponendo
1781 2614 1871 2680 se,
1917 2602 1981 2663 et
2002 2594 2403 2662 Conuentum
2425 2613 2634 2679 suum,

382 2721 466 2766 ac
496 2701 714 2768 omnia
746 2719 866 2766 sua
898 2702 1016 2768 sub
1049 2701 1455 2786 proteccione
1506 2701 1696 2769 Sedis
1746 2702 2142 2788 Apostolice,
2195 2700 2634 2787 pupplicando

384 2810 898 2896 appellacionem
931 2829 1114 2876 suam
1145 2814 1277 2875 tam
1313 2808 1481 2895 apud
1513 2810 2020 2893 Strigoniensem
2041 2809 2402 2892 ecclesiam,
2438 2827 2633 2891 quam

381 2914 563 3001 apud
594 2914 761 2982 alias
796 2917 1122 3000 ecclesias,
1171 2918 1295 3004 ipsi
1345 2916 1791 2984 Predicatores
1826 2917 1890 2982 in
1922 2924 2355 3002 contemptum
2389 2923 2451 2982 et
2484 2917 2634 2981 irre-

386 3026 748 3090 uerenciam
780 3025 1155 3110 Apostolice
1188 3025 1380 3091 Sedis
1433 3024 1599 3091 feria
1631 3032 1866 3109 quarta
1895 3026 2192 3111 proxima
2224 3029 2372 3110 post
2401 3025 2635 3089 Resur-

382 3133 743 3200 reccionem
777 3132 1037 3200 Domini
1072 3133 1285 3202 missis
1318 3132 1577 3199 famulis
1598 3134 1761 3218 suis,
1795 3133 2250 3218 potencialiter
2269 3131 2636 3214 seruitores,

386 3243 525 3307 siue
557 3239 839 3308 seruicia
872 3240 1030 3307 dicti
1066 3241 1340 3308 Abbatis
1372 3249 1436 3307 et
1470 3240 1846 3308 Conuentus
1885 3241 1985 3307 sui
2019 3244 2415 3321 exercentes,
2475 3236 2635 3304 fece·

384 3356 534 3415 mnt
563 3348 910 3416 crvdeliter
943 3355 1006 3416 et
1039 3349 1339 3417 atrociter
1372 3348 1439 3415 in
1474 3350 1927 3417 contumeliam
1961 3349 2247 3434 ipsorum
2291 3344 2638 3428 uerberari,

387 3456 792 3525 uestimentis
827 3464 891 3523 et
918 3457 1110 3524 rebus
1144 3457 1297 3540 alijs
1336 3456 1699 3541 spoliantes
1741 3455 2033 3540 eosdem,
2081 3454 2400 3538 quendam
2433 3454 2636 3520 eciam

385 3584 470 3628 ex
519 3564 614 3631 eis
665 3564 951 3632 letaliter
999 3564 1433 3631 uulnerantes.
1482 3566 1551 3630 In
1594 3566 1879 3632 crastino
1912 3571 2126 3630 autem
2160 3557 2451 3632 eiusdem
2487 3562 2635 3650 diei,

384 3673 509 3738 hoc
539 3680 640 3740 est
670 3674 902 3758 quinta
950 3674 1117 3741 feria
1164 3677 1460 3759 proxima
1496 3672 1694 3759 ijdem
1731 3673 1961 3739 famuli
1995 3672 2309 3738 dictorum
2342 3670 2636 3736 Predica-

384 3789 617 3864 torum,
666 3782 1014 3866 assumptis
1057 3782 1350 3867 pluribus
1392 3782 1839 3866 complicibus,
1893 3780 1975 3846 de
2007 3778 2312 3845 mandato
2348 3776 2634 3844 domino·

384 3909 527 3955 rum
579 3908 840 3956 suorum
904 3909 1048 3956 cum
1099 3887 1388 3976 gladijs,
1451 3895 1515 3956 et
1563 3887 1881 3975 fustibus,
1931 3908 2008 3953 ac
2040 3887 2287 3954 lanceis
2319 3885 2638 3951 irruerunt

385 4015 587 4082 snper
616 4004 872 4082 portam
903 3997 1209 4084 ipsorum,
1257 4004 1320 4063 et
1353 3997 1624 4064 eandem
1675 4002 1924 4082 portam
1960 3993 2368 4079 confringere
2399 4013 2631 4061 conan-

385 4116 510 4196 tes,
563 4110 1028 4191 attemptantes
1080 4105 1422 4174 extrahere
1472 4095 1825 4172 seruitores
1863 4105 2139 4172 Abbatis
2173 4111 2237 4170 et
2270 4103 2637 4171 Conuentus

388 4217 473 4283 de
504 4216 823 4303 claustro,
869 4223 931 4284 et
979 4217 1203 4302 peiora
1251 4215 1570 4301 prioribus
1619 4214 1685 4280 in
1737 4213 2031 4299 personis
2085 4214 2368 4299 ipsorum
2421 4210 2638 4277 facere

390 4326 815 4393 conabuntur.
864 4323 1072 4411 Super
1103 4325 1354 4411 quibus,
1410 4344 1602 4406 quum
1640 4323 1726 4391 ad
1766 4321 2154 4408 peticionem
2186 4319 2391 4406 ipsius
2425 4321 2637 4388 Abba-

388 4436 476 4502 tis
527 4441 589 4502 et
638 4433 908 4500 fratrum
961 4453 1221 4500 suorum
1277 4430 1439 4500 duas
1474 4451 1804 4517 personas,
1873 4428 2179 4498 videlicet
2239 4429 2636 4515 presbiteros

389 4541 570 4609 chori
621 4542 828 4608 nostri
869 4542 1275 4609 misissemus
1306 4541 1392 4606 ad
1424 4538 1813 4624 videndum3
1865 4538 2066 4623 ijdem
2100 4536 2439 4623 presbiteri
2474 4535 2635 4602 redi-

389 4658 573 4722 entes
636 4651 725 4718 ad
792 4670 909 4717 nos
941 4650 1332 4733 retulerunt,
1397 4648 1566 4732 quod
1617 4647 1774 4714 dicti
1829 4645 2273 4713 Predicatores
2327 4644 2410 4712 de
2448 4645 2640 4711 rebus

2192 4757 2318 4820 14*
