3319 5249
1794 262 1932 329 536

727 466 879 529 runt
904 459 1092 528 nobis
1142 464 1440 545 patentes
1475 460 1733 526 litteras
1795 463 2052 525 nostras
2100 476 2216 544 pro
2269 460 2564 545 partibus
2615 457 2992 545 duplicatas

730 588 925 657 super
959 567 1284 636 communi
1318 564 1637 635 diuisione
1689 568 2138 635 vniuersorum
2188 567 2502 634 nobilium
2557 567 2638 633 de
2697 566 3004 632 Zurchuk

732 676 1065 746 confectas
1097 680 1166 742 et
1195 694 1562 761 concessae,
1597 675 1665 742 in
1697 676 1932 759 quibus
1965 673 2228 759 quidem
2260 662 2502 742 litteris
2534 695 2749 742 coram
2809 673 3005 740 nobis
3055 687 3067 699 ·

658 814 659 817 ¹
732 784 1042 871 perlectis
1075 780 1160 849 de
1189 784 1387 851 uerbo
1420 782 1505 849 ad
1559 783 1827 850 uerbum
1879 783 2124 868 pariter
2174 789 2239 848 et
2288 783 2548 851 collatis
2600 782 2768 849 inter
2829 781 3003 848 alios

731 890 1043 959 articulos
1076 889 1417 959 diuisionis
1466 890 1835 959 huiusmodi
1885 889 2338 976 comperimus,
2395 891 2571 974 quod
2622 890 2994 976 sepedictus

737 997 958 1067 Bench
990 994 1423 1069 molendinum
1490 997 1888 1065 antedictum
1940 997 2009 1064 in
2060 1018 2234 1082 aqua
2282 999 2550 1065 Tornua
2599 1000 2798 1066 situm
2850 1018 2999 1065 cum

737 1106 947 1173 tribus
978 1106 1313 1189 iugeribus
1345 1113 1512 1173 terre
1543 1110 1702 1183 ante
1736 1105 2423 1196 ipsuQmolendinum
2456 1126 2498 1173 a
2529 1113 2713 1191 parte
2744 1105 2993 1189 aquilo-

742 1217 845 1282 nis
907 1215 975 1282 iu
1003 1234 1131 1282 uno
1197 1214 1428 1282 ordine
1458 1213 1889 1281 existentibus
1920 1219 1987 1279 et
2018 1211 2106 1278 ad
2136 1213 2406 1282 eandem
2438 1216 2706 1300 plagam
2746 1213 2992 1296 aquilo·

742 1323 847 1389 nis
878 1322 946 1389 in
994 1321 1362 1409 latitudine,
1396 1321 1568 1389 etad
1600 1322 1917 1389 orientem
1949 1342 2030 1390 ae
2060 1320 2146 1389 ad
2181 1321 2579 1389 occidentem
2621 1323 2691 1389 in
2726 1320 3001 1406 longitu-

747 1429 901 1497 dine
920 1429 1453 1515 protendentibus
1474 1436 1538 1496 et
1559 1429 2033 1516 pertinentibus
2054 1428 2142 1496 ad
2161 1428 2337 1496 idem
2355 1430 2810 1510 molendinum,
2831 1427 3002 1511 quod

745 1536 814 1602 in
847 1535 1202 1605 medietate
1235 1536 1662 1624 longitudinis
1710 1537 1915 1623 ipsius
1967 1545 2135 1605 terre
2190 1537 2259 1604 in
2310 1536 2489 1603 dicta
2538 1556 2715 1621 aqua
2762 1533 3001 1602 dicitur

745 1662 891 1712 esse
922 1643 1135 1733 situm,
1169 1652 1396 1712 contra
1426 1644 1918 1715 vniuersitatem
1952 1645 2264 1713 nobilium
2316 1644 2398 1713 de
2431 1644 2659 1713 eadem
2692 1641 2997 1710 Zurchuk

748 1750 1104 1818 secundum
1134 1750 1471 1819 arbitrium
1504 1753 1849 1838 proborum
1883 1752 2167 1821 virorum
2201 1759 2390 1820 extra
2421 1771 2673 1818 omnem
2712 1771 2994 1819 commu·

748 1858 968 1926 nitatis
1000 1858 1383 1928 diuisionem
1417 1859 1739 1946 prefatam
1771 1846 2162 1947 optinuisset
2211 1862 2482 1947 prestito
2532 1861 2855 1947 corporali
2909 1859 2999 1924 iu·

751 1973 1058 2051 ramento,
1089 1971 1155 2035 et
1187 1964 1358 2034 idem
1408 1968 1663 2035 nobiles
1697 1966 1779 2036 de
1829 1968 2137 2035 Zurchuk
2187 1965 2509 2054 prefatum
2562 1967 3029 2064 molendinum⁹

753 2096 897 2144 cum
929 2073 1118 2142 dictis
1150 2077 1356 2143 tribus
1388 2075 1728 2159 iugeribus
1782 2081 1951 2143 terre
2001 2074 2207 2142 eidem
2261 2073 2487 2142 Bench
2538 2081 2603 2142 et
2650 2071 2998 2142 heredibus

752 2182 888 2250 suis
919 2180 1192 2267 pacifice
1221 2190 1285 2249 et
1317 2184 1534 2267 quiete
1566 2181 2029 2269 possidendum
2065 2182 2521 2267 reliquissent;
2557 2183 2722 2250 sieut
2756 2189 2820 2248 et
2853 2182 2998 2267 Erd‚

754 2290 1081 2378 Salomon,
1115 2290 1323 2357 Belud
1356 2299 1421 2359 et
1452 2292 1796 2376 Bogizlaus
1828 2292 1974 2358 uice
2003 2290 2291 2358 omnium
2326 2290 2639 2357 nobilium
2670 2288 2992 2376 predicto·

758 2418 901 2467 rum
931 2400 1344 2484 reliquerunt.
1396 2400 1534 2467 Nos
1585 2398 1787 2484 igitur
1834 2398 1923 2464 ad
1972 2398 2208 2466 iustam
2259 2398 2643 2484 peticionem
2696 2397 3004 2465 nobilium

757 2506 1195 2594 predictorum
1229 2507 1535 2575 articulos
1567 2503 1963 2594 prefatarum
1995 2507 2353 2573 litterarum
2375 2526 2502 2572 non
2527 2524 2842 2592 rasarum,
2882 2526 3006 2573 non

762 2615 1292 2701 cancellatarum,
1329 2636 1450 2683 nec
1478 2614 1545 2682 in
1579 2614 1802 2699 aliqua
1824 2614 1925 2681 sui
1947 2620 2132 2700 parte
2163 2612 2571 2699 uiciatarum‚
2607 2612 3008 2698 presentibus

762 2723 963 2790 inseri
998 2722 1291 2809 fecimus,
1325 2730 1387 2790 et
1421 2721 1506 2788 ad
1535 2728 1914 2810 perpetuam
1937 2723 2030 2790 rei
2054 2720 2428 2788 memoriam
2460 2721 2703 2789 eisdem
2724 2728 3011 2787 nostrum

763 2830 1048 2915 sigillum
1082 2829 1384 2898 duximus
1416 2828 1889 2917 apponendum.
1943 2831 2185 2895 Datum
2218 2827 2284 2894 in
2337 2827 2506 2896 festo
2553 2828 3008 2915 Apostolorum

762 2938 1051 3026 Philippi
1089 2948 1154 3007 et
1205 2941 1436 3007 Jacobi
1470 2941 1819 3006 Beatorum
1851 2958 2024 3005 anno
2057 2938 2319 3005 Domini
2351 2937 2727 3006 millessimo
2782 2937 3013 3004 duceu-

767 3049 1005 3116 tesimo
1038 3047 1483 3132 nonagesimo.
1517 3045 1850 3131 Magistris
1885 3043 2251 3113 Carachino
2284 3044 2643 3132 Preposito,
2676 3043 3015 3110 Dominico

774 3156 1074 3242 Cantore,
1141 3157 1303 3225 Bors
1363 3157 1652 3243 Lectore,
1714 3153 2044 3241 Stephano
2109 3154 2391 3222 Custode
2451 3153 2747 3222 Ecclesie
2805 3161 3017 3219 nostre

772 3263 1219 3331 existentibus.

774 3475 1053 3542 (Eredetie
1079 3473 1436 3546 bssrbar’tysn,
1463 3477 1692 3545 melyriil
1720 3491 1755 3527 α
1779 3473 2041 3544 kaptalan
2068 3476 2306 3544 pecsetje
2331 3473 2622 3540 lemallott,
2647 3491 2682 3527 a
2706 3492 2877 3528 nemz.
2909 3492 3017 3526 mu-

1570 3584 1741 3630 zeum,
1768 3565 2253 3633 kezirattairaban.)
