3319 5249
1332 324 1456 391 201
1515 417 1565 429 „.

1332 1007 1481 1077 139.

291 1227 393 1291 IV.
444 1225 680 1292 Ldszld
725 1226 943 1311 kira'ly
992 1231 1344 1317 meyerlisz'ti
1420 1229 1485 1292 V.
1541 1231 1892 1295 Istucinhak
1947 1230 2116 1293 Rum
2177 1239 2335 1293 nevil
2399 1233 2533 1292 teir„

282 1340 479 1421 yyazd
543 1336 811 1402 1272-ki
860 1339 1253 1420 adomdnya't
1306 1337 1540 1403 Mikl6s
1590 1361 1786 1404 comes
1837 1342 1898 1404 6⁸
1949 1339 2274 1403 Duruszld
2317 1350 2532 1403 mester

1126 1450 1440 1510 szcimcira.
1491 1447 1683 1511 1278.

492 1658 843 1727 Ladizlaus
906 1661 1030 1726 Dei
1091 1661 1318 1745 gracia
1377 1661 1713 1745 Hungarie
1735 1713 1754 1749 ,
1807 1660 2143 1728 Dalmacie
2163 1711 2181 1745 ,
2232 1660 2525 1745 Oroacie,

281 1772 520 1854 Rame,
565 1768 832 1855 Seruie,
881 1769 1159 1837 Gallicis
1180 1819 1199 1854 ,
1246 1769 1666 1857 Lodomerie,
1716 1770 2045 1853 Cumanie,
2097 1768 2534 1853 Bulgarieque

280 1880 414 1942 Rex
467 1879 766 1943 omnibus
821 1876 1059 1945 Christi
1090 1876 1385 1946 fidelibus
1447 1886 1781 1964 presentes
1831 1878 2085 1944 litteras
2139 1875 2533 1962 inspecturis

281 1987 558 2051 salutem
611 1986 678 2051 in
729 1986 1013 2053 omnium
1048 1987 1397 2055 saluatore.
1448 1987 1550 2052 Ad
1603 1985 2051 2054 vniuersorum
2103 1992 2237 2052 tam
2270 2004 2531 2070 presen-

284 2091 444 2157 cium
478 2112 676 2174 quam
695 2092 1050 2160 futurorum
1103 2094 1412 2160 noticiam
1465 2092 1761 2161 volumus
1794 2093 2132 2178 peruenire
2153 2074 2195 2178 J
2222 2091 2392 2175 quod
2426 2113 2534 2157 no·

283 2200 443 2267 biles
475 2200 601 2267 viri
635 2200 864 2267 Comes
895 2201 1207 2269 Nicolaus
1257 2202 1432 2269 filius
1464 2201 1791 2269 Theodori
1825 2209 1888 2268 et
1919 2202 2235 2285 Magister
2282 2202 2527 2268 Duruz·

280 2308 423 2374 laus
474 2305 647 2373 filius
700 2307 1008 2376 Duruzlai
1062 2308 1149 2376 de
1196 2308 1515 2377 Comitatu
1567 2308 1780 2378 Castri
1829 2309 2055 2376 Ferrei
2109 2309 2193 2375 ad
2245 2316 2532 2377 nostram

282 2415 665 2483 accedentes
699 2416 1121 2498 presenciam,
1158 2417 1588 2492 exhibuerunt
1617 2418 1806 2484 nobis
1844 2415 2260 2504 priuilegium
2287 2416 2529 2485 domini

280 2523 597 2611 Stephani
629 2524 849 2591 Incliti
878 2526 1081 2610 Regis
1113 2526 1438 2611 Vngarie,
1486 2527 1694 2612 patris
1746 2526 1950 2593 nostri
1985 2526 2335 2615 karissimi,
2389 2527 2530 2594 feli·

277 2633 366 2699 cis
400 2633 879 2703 recordacionis
920 2654 1114 2721 super
1146 2635 1420 2721 quadam
1474 2644 1655 2704 terra
1709 2636 1993 2704 eiusdem
2048 2637 2257 2703 Castri
2304 2637 2530 2704 Ferrei

277 2744 457 2808 me
510 2749 750 2811 vocata
799 2742 1194 2829 confectum,
1265 2764 1391 2827 quo
1444 2743 1767 2812 mediante
1819 2744 2268 2828 priuilegiales
2321 2746 2535 2812 littere

275 2850 691 2919 Serenissimi
723 2853 1045 2940 Principis
1077 2853 1319 2921 domini
1353 2855 1514 2922 Bele
1545 2854 1828 2921 Illustris
1860 2855 2057 2939 Regis
2079 2853 2366 2939 Vngarie
2397 2853 2532 2919 fue·

274 2967 422 3025 rant
455 2961 866 3049 confirmate3
921 2968 1215 3047 petentes
1267 2984 1307 3029 a
1355 2964 1543 3029 nobis
1578 2983 1725 3029 cum
1757 2962 2094 3044 instancia,
2142 2968 2213 3027 vt
2242 2962 2530 3044 ipsorum

276 3067 696 3150 priuilegium
732 3068 937 3153 patris
970 3070 1174 3136 nostri
1211 3078 1415 3136 ratum
1452 3068 1694 3137 habere
1746 3077 1810 3136 et
1858 3075 2083 3136 nostro
2117 3066 2535 3153 dignaremur

276 3173 626 3257 priuilegio
658 3176 1062 3241 confirmare.
1113 3177 1308 3244 Cuius
1342 3175 1601 3260 quidem
1635 3175 1964 3262 priuilegij
2001 3183 2189 3242 tenor
2221 3175 2372 3241 talis
2401 3182 2533 3242 est:

487 3297 856 3385 Stephanus
886 3300 968 3366 D.
1004 3321 1096 3384 gr.
1135 3301 1469 3385 Hungarie
1501 3302 1625 3368 stb.
1661 3303 1798 3368 Rex
1829 3304 1952 3369 stb.
1999 3301 2420 3388 (kovetkezik
2454 3300 2531 3367 V.

272 3408 492 3472 Istvan
526 3405 892 3491 kiralynak
916 3409 1183 3475 1272-ki
1210 3410 1566 3496 okmanya,
1592 3408 1755 3475 mint
1778 3410 2335 3496 gyujtemcnyunk
2358 3408 2531 3474 v111.

274 3515 511 3601 vagyis
548 3535 589 3579 a
621 3515 929 3581 masodik
962 3515 1208 3601 folyam
1240 3518 1357 3583 111.
1395 3518 1770 3605 koteteben,
1806 3521 1957 3587 386.
1992 3517 2066 3604 1.)

483 3631 622 3703 Nos
656 3637 878 3720 itaque
909 3639 1339 3723 peticionibus
1379 3639 1667 3723 ipsorum
1712 3639 1981 3708 Comitis
2013 3640 2271 3706 Nicolai
2307 3645 2373 3708 et
2401 3640 2533 3705 Ma·
2608 3717 2614 3722 ,

270 3744 453 3828 gistri
487 3744 808 3811 Duruzlai
842 3746 1053 3830 iustis,
1103 3747 1412 3831 legitimis
1448 3755 1509 3814 et
1543 3748 1858 3814 modestis
1901 3767 2240 3815 assensum
2275 3746 2531 3813 fauora-

272 3850 463 3916 bilem
500 3850 911 3933 adhibenteS‚
945 3853 1187 3921 dictum
1220 3853 1635 3939 priuilegium
1687 3856 1897 3939 patris
1946 3855 2154 3922 nostri
2203 3851 2533 3919 karissimi

270 3978 390 4024 non
428 3959 888 4044 cancellatum,
928 3981 1060 4026 non
1092 3960 1499 4028 interlectum
1537 3960 1617 4049 (⁴?
1640 3964 1666 4046 )
1690 4012 1709 4047 ,
1751 3953 1889 4027 'non
1940 3960 2358 4047 diminutum,
2412 3979 2534 4026 nec

269 4066 332 4131 in
363 4066 591 4149 aliqua
624 4066 726 4133 sui
761 4073 945 4150 parte
980 4070 1308 4157 viciatum,
1361 4076 1568 4134 ratum
1601 4069 1914 4136 habentes
1966 4075 2031 4134 et
2061 4077 2416 4155 acceptum,
2451 4068 2532 4135 de

269 4177 463 4241 verbo
495 4174 584 4241 ad
617 4176 885 4241 verbum
919 4178 1326 4261 presentibus
1360 4176 1555 4244 inseri
1587 4176 1855 4244 fecimus
1889 4183 1953 4244 et
1973 4178 2367 4243 auctoritate
2391 4197 2532 4263 pre·

270 4284 549 4348 sencium
587 4281 990 4351 communiri.
1042 4283 1116 4348 Iu
1152 4285 1291 4351 cuis
1324 4287 1417 4351 rei
1452 4285 1827 4352 memoriam
1878 4292 2385 4370 perpetuamque
2432 4284 2536 4348 fir-

272 4390 555 4455 mitatem
588 4396 926 4476 presentes
959 4392 1395 4458 concessimus
1436 4393 1692 4458 litteras
1727 4390 2055 4477 dupplicis
2089 4391 2292 4473 sigilli
2328 4389 2535 4456 nostri

274 4498 621 4564 munimine
654 4497 1019 4565 roboratas.
1067 4497 1305 4567 Datum
1336 4520 1453 4586 per
1486 4516 1717 4568 manus
1758 4499 1880 4564 viri
1914 4498 2177 4565 discreti
2224 4494 2525 4581 Magistri

268 4603 505 4674 Thome
538 4603 852 4672 Albensis
887 4605 1181 4673 Ecclesie
1214 4606 1436 4693 Eleon,
1478 4608 1627 4674 aule
1676 4613 1893 4674 nostre
1927 4603 2530 4691 vicecancellarii,
