3319 5249
1340 388 1472 463 403

300 595 379 662 lis
408 592 491 661 de
520 590 810 659 iniuncta
842 590 967 659 sibi
997 590 1382 680 penitencia,
1417 592 1759 665 dummodo
1789 615 2139 666 consensus
2169 598 2524 667 Diocesani

299 702 652 790 accesserit,
697 700 1195 769 misericorditer
1225 703 1612 771 relaxamas.
1645 704 1721 771 In
1753 704 1935 773 cuius
1971 706 2060 773 rei
2093 707 2527 776 testimonium

298 815 627 897 presentes
677 811 929 878 litteras
964 808 1235 879 fecimus
1266 810 1629 897 sigillorum
1659 821 2018 881 nostrorum
2051 816 2401 884 munimine
2428 837 2528 886 ro·

297 919 531 987 borari.
579 921 821 987 Datum
853 919 1026 1005 apud
1062 919 1294 988 Vrbem
1326 921 1628 989 Veterem
1662 942 1832 991 anno
1864 923 2126 993 Domini
2178 923 2526 994 millesimo

299 1028 729 1096 ducentesimo
776 1026 1024 1095 LXXX
1037 1028 1213 1095 ⁰1111⁰
1263 1029 1690 1100 Pontificatus
1745 1031 1990 1099 domini
2039 1033 2298 1103 Martini
2346 1034 2527 1122 Pape

294 1135 525 1216 Quarti
555 1157 730 1204 anno
763 1145 1014 1221 quarto.
2369 1138 2372 1141 “

469 1372 578 1440 (Ax
618 1324 816 1427 eredeti
843 1371 974 1428 utin
1002 1375 1195 1428 Knauz
1221 1371 1443 1429 Nfindor
1468 1376 1697 1444 Magyar
1719 1376 1851 1431 Sion
1877 1378 1978 1431 111.
2004 1380 2115 1433 kot-
2144 1380 2264 1436 623.
2293 1379 2354 1451 l.)

1200 1703 1616 1717 ψ

1329 2242 1483 2309 287.

282 2467 569 2555 Peymesi
614 2460 844 2528 Vilmos
890 2486 932 2526 a
981 2461 1425 2548 templomrend
1482 2464 2366 2550 maqyarorsqu-szlavoniai
2395 2490 2513 2533 me·

292 2589 445 2644 ciere
499 2572 733 2641 Daseai
782 2569 1036 2637 Lukdcs
1048 2571 1291 2657 jada-ai
1309 2570 1686 2658 polqdrnak
1721 2570 2111 2638 Zablatdban
2143 2572 2520 2642 berbirtokot

1078 2679 1488 2765 adomdnyoz.
1524 2681 1720 2747 1284.

497 2918 640 2985 Nos
708 2915 904 2982 frater
972 2911 1328 2983 Guillemus
1389 2911 1471 2982 de
1529 2915 1807 3003 Peymes
1868 2915 2211 2984 Domorum
2272 2917 2512 2985 Milicie

282 3026 544 3112 Templi
593 3045 707 3111 per
754 3023 1153 3107 Hungariam
1204 3030 1267 3089 et
1296 3023 1703 3089 Sclauoniam
1734 3023 2044 3109 Magister
2073 3025 2508 3109 significamus

282 3133 608 3202 vniuersis
626 3130 1022 3219 presencium
1041 3129 1348 3197 noticiam
1367 3127 1699 3214 habituris,
1733 3129 1904 3214 quod
1951 3151 2068 3199 nos
2112 3131 2516 3200 attendentes

283 3250 477 3326 grata
538 3245 603 3306 et
661 3238 1035 3306 fidelissima
1083 3236 1437 3323 deuotaque
1484 3237 1764 3305 seruicia
1813 3258 1929 3324 per
1966 3238 2245 3308 nobilem
2300 3238 2507 3307 uirum

280 3350 608 3416 dominum
656 3346 896 3412 Lucam
945 3345 1027 3414 de
1073 3346 1285 3414 Dessa
1331 3346 1535 3414 ciuem
1582 3346 1829 3433 Jadrie,
1878 3347 2062 3415 nobis
2111 3353 2176 3414 et
2200 3347 2512 3415 fratribus

281 3455 522 3523 nostris
572 3475 762 3539 quam
811 3454 1052 3539 pluries
1102 3453 1392 3522 exhibita
1423 3460 1487 3522 et
1515 3453 1795 3541 inpensa
1824 3460 1890 3521 et
1917 3454 2127 3522 adhuc
2156 3455 2508 3543 inpendere

281 3585 409 3630 non
463 3544 741 3630 dessinit
770 3563 1162 3631 incessanter
1211 3561 1293 3631 de
1340 3562 1447 3630 die
1493 3563 1560 3631 in
1610 3564 1800 3650 diem,
1852 3563 2057 3649 primo
2102 3565 2512 3632 considerata

282 3674 563 3741 utilitate
610 3670 1023 3759 profectuque
1055 3674 1303 3742 Domus
1364 3679 1597 3760 nostre,
1649 3673 2115 3742 communicato
2147 3674 2416 3741 consilio
2446 3680 2514 3741 et

281 3801 558 3850 assensu
579 3780 950 3848 dilectorum
986 3781 1054 3847 in
1085 3779 1340 3848 Christo
1371 3780 1641 3850 fratrum
1671 3787 2046 3868 nostrorum,
2077 3781 2299 3849 fratris
2329 3782 2506 3848 Petri

280 3888 361 3956 de
406 3889 687 3976 Beizeyo
749 3890 1327 3976 vice-Preceptoris
1357 3888 1424 3955 in
1454 3887 1781 3976 Auramia,
1815 3889 2033 3957 fratris
2062 3889 2356 3978 Oliuerij,
2388 3887 2512 3956 fra·

284 3999 398 4066 tris
427 3998 695 4086 Thome,
727 3996 947 4066 fratris
984 3998 1298 4066 Johaunis
1345 3998 1429 4065 de
1475 3998 1648 4084 Foys
1684 3996 1753 4067 in
1782 3996 2056 4065 Zablata
2086 3996 2505 4082 Preceptoris,

281 4107 507 4175 fratris
557 4106 599 4173 J
601 4105 873 4175 ohannis
923 4105 1007 4174 de
1054 4105 1263 4194 Athys
1290 4106 1690 4194 Preeeptoris
1722 4105 1956 4193 palacij
1990 4103 2071 4174 de
2100 4102 2410 4173 Auramia
2442 4104 2507 4170 in

282 4216 623 4285 maritimis
671 4219 1109 4305 existencium,
1168 4218 1492 4302 quandam
1541 4218 1924 4306 particulam
1969 4224 2141 4284 terre
2170 4222 2388 4284 nostre
2418 4216 2512 4280 in-

285 4325 549 4413 cultam,
566 4325 922 4395 desolatam
942 4331 1309 4414 etvaeuam,
1332 4326 1609 4394 sitamin
1640 4326 1960 4396 territorio
1983 4332 2201 4394 nostro
2238 4323 2319 4392 de
2351 4323 2514 4389 Zab-

285 4432 424 4502 lata
440 4434 847 4519 Pozkaligna
865 4443 1184 4521 uocatam,
1203 4436 1368 4503 sicut
1396 4438 1802 4504 continuatur
1833 4469 2396 4485 —————
2427 4429 2515 4497 ad

283 4562 485 4628 mare,
505 4552 570 4609 et
600 4563 803 4628 usque
834 4544 919 4612 ad
947 4544 1237 4631 predium
1268 4544 1351 4611 de
1380 4544 1674 4631 Zablata,
1707 4564 1851 4611 cum
1882 4543 2074 4612 certis
2104 4540 2317 4628 ipsius
2349 4549 2514 4606 terre

284 4651 591 4739 terminis,
638 4654 863 4741 pratis,
910 4653 1132 4739 vineis,
1184 4653 1464 4740 pascuis,
1494 4654 1854 4740 arboribus,
1886 4652 2078 4720 terris
2109 4650 2296 4717 cultis
2325 4655 2394 4717 et
2424 4649 2519 4715 in-

287 4760 478 4828 cultis
526 4758 838 4851 dedimus,
871 4764 1355 4849 assignauimus
1419 4770 1484 4830 et
1513 4763 2028 4832 confirmauimus
2061 4760 2230 4829 dioto
2262 4757 2515 4826 domino

1885 4869 1890 4880 '
2070 4869 2196 4938 26*
