3319 5249
1372 304 1505 381 559

316 515 585 587 Comitis
616 514 980 596 Michaelis,
1013 510 1130 598 filij
1167 510 1358 595 Vbul,
1391 510 1818 576 Patronatum
1848 500 2222 587 Monasterij
2258 500 2340 568 de
2371 496 2583 587 Lelos,

308 649 500 714 quem
532 629 734 711 Boxa,
768 623 1079 707 Thomas,
1108 619 1490 706 Dyonisius,
1521 616 1844 698 Detricus,
1879 613 2202 698 Georgius
2233 617 2298 679 et
2331 611 2583 699 Symon

315 735 432 820 filij
468 732 773 820 Symonis
806 750 886 797 ex
916 733 1142 796 nostra
1183 725 1549 794 collacione
1579 721 1951 809 possedisse
1970 720 2293 805 dicuntur,
2313 722 2577 803 propter

313 840 697 913 manifestos
729 845 795 904 et
825 835 1110 904 notorios
1142 851 1448 900 excessus
1478 830 1757 899 filiorum
1807 827 2098 896 eiusdem
2149 824 2476 913 symonis,
2510 830 2575 891 et

316 969 359 1016 a
385 947 616 1016 Lachk
672 952 737 1012 et
783 943 1018 1011 Donch
1066 941 1226 1025 filijs
1280 940 1488 1026 ipsius
1539 939 1788 1007 Thome
1837 935 2214 1021 auferendo,
2265 928 2581 1020 predictis

317 1056 648 1141 Stephano
682 1059 747 1120 et
776 1052 987 1119 Paulo
1018 1048 1355 1132 Magistris
1385 1047 1681 1115 dedimus
1715 1053 1781 1114 et
1811 1044 2197 1113 contulimus
2234 1061 2319 1109 ex
2348 1046 2576 1107 nostra

320 1163 548 1249 gracia
577 1158 892 1246 speciali3
924 1156 1224 1224 fidelitati
1254 1162 1471 1224 uestre
1521 1155 1790 1222 firmiter
1838 1150 2254 1239 precipiendo
2308 1146 2575 1215 manda·

322 1290 489 1356 mus,
521 1275 844 1353 quatenus
878 1266 1139 1334 eosdem
1171 1264 1575 1349 Stephanum
1609 1269 1676 1329 et
1707 1262 1986 1330 Paulum
2037 1258 2412 1343 Magistros,
2461 1262 2579 1323 aut

333 1376 658 1442 hominem
721 1376 1055 1460 ipsorum,
1103 1378 1478 1439 reuerenter
1514 1377 1848 1453 tamqnam
1899 1372 2192 1435 nostram
2241 1382 2589 1450 personam

336 1480 692 1568 recipiatis,
726 1483 953 1548 omnia
983 1482 1151 1568 iura,
1183 1479 1471 1548 seruicia
1502 1485 1566 1545 et
1598 1477 1823 1545 debita
1861 1480 2170 1543 consueta
2206 1471 2416 1539 eidem
2465 1470 2600 1557 ple-

327 1591 516 1659 narie
544 1590 1011 1674 ministrantes,
1043 1594 1106 1657 et
1137 1588 1319 1658 aluid
1350 1588 1725 1654 nullatenus
1756 1586 1975 1653 facere
2007 1581 2337 1661 audeatis,
2360 1584 2586 1645 nostra

326 1700 791 1785 indignacione
822 1699 1112 1789 grauiter
1144 1698 1506 1765 sencientes
1562 1694 1895 1762 interesse.
1927 1695 2172 1759 Datum
2227 1690 2294 1756 in
2342 1690 2594 1756 Karan-

330 1807 521 1878 sebes
554 1807 830 1875 sabbato
863 1806 1158 1891 proximo
1190 1812 1344 1873 ante
1379 1804 1617 1870 festum
1672 1801 2135 1888 Apostolorum
2184 1796 2475 1883 Philippi
2528 1800 2595 1863 et

333 1918 377 1985 J
382 1915 587 1983 aeobi.

337 2112 615 2179 (Eredetie
664 2108 1019 2178 bssrhartyan,
1047 2126 1082 2163 a
1129 2107 1285 2162 hatul
1311 2110 1416 2162 oda
1463 2114 1712 2175 nyomott
1766 2104 1953 2174 pecs&
2005 2106 2268 2158 elveszett
2288 2122 2303 2169 ;
2326 2119 2361 2156 a
2413 2118 2600 2155 neme·

1054 2197 1257 2265 Kallay
1283 2195 1465 2252 caalkd
1496 2193 1914 2262 leveltaraban.)

1412 3005 1565 3076 411.

351 3207 480 3275 IV.
512 3208 750 3275 Ldazld
780 3206 1133 3295 kirdlynak
1162 3231 1205 3271 a
1237 3208 1659 3295 nayyva'radi
1690 3206 2136 3294 kdptalanhoz
2167 3207 2439 3292 intdzctt,
2472 3204 2610 3272 ίδόδ

354 3316 740 3381 εἰειαυίᾱέΙεί
756 3318 1059 3403 jo'szciqot
1109 3318 1422 3401 tdrqyazd
1464 3317 1749 3382 iktatdci
1770 3337 2101 3400 parancsa
2130 3314 2356 3383 Iaetvdn
2385 3315 2449 3381 62
2487 3312 2614 3381 Pal

611 3422 920 3503 mesterek,
950 3424 1209 3509 Mihdly
1238 3444 1432 3490 comes
1449 3424 1585 3506 fiai
1610 3426 1932 3490 mmm.
1963 3400 2066 3488 Ευ
2087 3422 2323 3490 neema.

574 3617 930 3686 Ladizlaus
954 3620 1084 3694 ,Dei
1113 3619 1340 3704 gracia
1369 3621 1511 3687 Rex
1540 3618 1882 3703 Hungarie
1927 3616 2223 3685 fidelibus
2253 3616 2390 3686 suis
2421 3615 2615 3704 Capi-

358 3725 497 3791 tulo
525 3724 952 3794 waradiensi
1015 3728 1289 3794 salutem
1352 3733 1417 3794 et
1480 3727 1797 3812 graciam.
1861 3723 2233 3809 Stephanus
2280 3731 2345 3792 et
2375 3725 2618 3793 Paulus

359 3830 658 3916 Magistri
689 3834 805 3923 filij
845 3833 1112 3903 Comitis
1141 3832 1504 3921 Mychaelis
1551 3831 1769 3902 fidelis
1818 3834 2023 3901 nostri
2055 3832 2379 3915 quasdam
2408 3839 2619 3900 terras

365 3939 577 4025 ane,
607 3940 728 4027 filij
762 3941 971 4026 ane,
1003 3942 1195 4010 Abod
1226 3941 1407 4009 iuxta
1441 3942 1717 4028 Tyciam
1749 3948 1816 4009 et
1845 3940 2055 4008 Zokol
2083 3939 2151 4006 in
2183 3940 2502 4007 comitatu
2534 3938 2620 4006 de

358 4044 650 4114 Zobolch
684 4047 1073 4117 existentem
1122 4047 1336 4137 (igy);
1395 4049 1554 4116 item
1586 4047 1903 4135 Stephani
1963 4047 2081 4133 filij
2119 4046 2364 4117 Lewka
2400 4045 2620 4114 Bwsal

362 4162 427 4221 et
460 4153 611 4242 Oyk
642 4163 949 4243 vocatas3
986 4158 1142 4224 item
1203 4165 1445 4226 terram
1475 4157 1770 4243 Farcasij
1822 4156 2147 4225 Kemeche
2178 4155 2618 4238 nominatam

364 4281 446 4329 ac
475 4268 716 4330 terram
749 4265 988 4333 Fwdor
1017 4265 1185 4334 Jeke
1215 4266 1621 4356 appellatam
1639 4317 1661 4353 ,
1726 4265 1869 4333 sine
1899 4263 2209 4332 heredum
2241 4263 2484 4332 solacio
2517 4261 2623 4329 de·

365 4367 762 4456 cedeneium,
795 4371 880 4436 ad
914 4380 1172 4440 nostras
1203 4390 1439 4441 manus
1469 4372 1716 4458 Regias
1746 4371 1830 4442 de
1859 4369 2310 4456 nostriRegni
2341 4369 2425 4437 ab
2458 4369 2621 4436 anti·

369 4496 497 4562 quo
528 4477 995 4547 consuetudine
1023 4480 1194 4549 iuste
1224 4486 1291 4549 et
1322 4479 1617 4567 legitime
1646 4479 2010 4567 deuolutas,
2040 4501 2083 4548 a
2113 4478 2302 4548 nobis
2333 4477 2462 4547 sibi
2479 4475 2627 4545 dari

377 4585 808 4674 postularunt.
839 4586 970 4657 Sed
999 4587 1157 4676 quia
1187 4588 1272 4659 de
1301 4589 1624 4676 qualitate
1661 4595 1730 4659 et
1758 4589 2127 4676 quantitate
2157 4587 2475 4660 dictarum
2506 4590 2628 4654 ter·
