3319 5249
1408 411 1538 476 275

351 602 714 691 mandatis,
781 611 850 670 ut
880 624 1073 671 unum
1126 627 1208 673 ex
1257 606 1419 692 ipsis
1471 606 1680 673 uirum
1715 606 2041 691 ydoneum
2081 627 2195 691 pro
2226 606 2590 673 testimonio

355 712 881 796 transmitterent,
931 734 1149 781 coram
1199 736 1326 799 quo
1370 715 1757 782 venerabilis
1793 722 1975 799 pater
2008 715 2365 801 Episcopus
2398 715 2591 781 Nitri-

354 821 525 886 ensis
590 820 779 885 homo
842 829 1059 887 noster
1123 823 1561 889 reambularet
1625 824 1835 908 ipsam
1900 828 2136 888 terram
2184 824 2592 908 presentibus

352 928 805 995 commetaneis
838 936 902 995 et
933 930 1186 1014 vicinis,
1234 938 1300 996 ct
1330 937 1646 997 statueret
1678 930 1887 997 eidem
1921 930 2111 996 Petro
2154 931 2272 996 sub
2306 933 2595 1015 antiquis

352 1035 561 1122 metis,
611 1037 665 1102 si
698 1058 824 1103 non
858 1038 1038 1104 fieret
1070 1039 1560 1126 contradictum,
1607 1039 2113 1108 contradictores
2152 1047 2367 1107 autem
2401 1039 2456 1106 si
2486 1039 2595 1123 qui

353 1145 595 1231 fierent,
642 1143 728 1209 ad
761 1153 1048 1212 nostram
1078 1147 1481 1233 presenciam
1517 1154 1837 1215 euocaret.
1887 1145 2073 1225 Quod
2115 1146 2372 1233 quidem
2404 1148 2594 1233 Capi·

356 1254 557 1320 tulum
592 1253 781 1321 nobis
813 1256 1143 1341 rescripsit
1182 1256 1246 1321 in
1281 1256 1401 1323 hec
1433 1256 1668 1322 uerba:

565 1362 1125 1431 Excellentissimo
1187 1362 1446 1432 domino
1498 1384 1615 1432 suo
1647 1363 1956 1432 Ladizlao
2007 1366 2130 1431 stb.
2165 1363 2594 1454 (ktivetkezik

351 1491 391 1536 a
422 1471 665 1556 nyitrai
697 1470 1147 1556 kaptalannak
1175 1474 1512 1559 jelentese,
1554 1473 1719 1538 mint
1751 1473 1946 1539 alabb
1979 1476 2131 1540 202.
2164 1493 2252 1540 sz.
2287 1471 2382 1559 a.)

564 1581 699 1646 Nos
732 1579 953 1664 itaque
986 1581 1415 1648 consideratis
1458 1580 1878 1660 fidelitatibus
1918 1588 1982 1648 et
2012 1581 2307 1665 seruicijs
2340 1579 2595 1648 merito-

352 1689 469 1773 rijs
502 1685 787 1755 eiusdem
820 1690 990 1755 Petri
1025 1691 1139 1776 filij
1176 1689 1504 1776 Zubuzlai,
1554 1711 1680 1775 que
1718 1690 1889 1756 idem
1933 1690 2003 1755 in
2034 1688 2307 1758 diuersis
2341 1689 2596 1776 expedi-

354 1796 648 1863 cionibus
681 1799 886 1881 Regni
918 1799 1123 1866 nostri
1157 1800 1440 1866 fideliter
1471 1798 1763 1885 inpendit
1797 1805 1860 1865 et
1890 1798 2236 1884 indefesse,
2293 1806 2357 1865 et
2394 1800 2596 1885 speci·

354 1906 545 1971 aliter
610 1907 679 1971 in
743 1907 1032 1974 exercitu
1095 1914 1316 1976 nostro
1378 1908 1724 1996 generali,
1809 1927 1997 1992 quem
2068 1914 2294 1976 contra
2357 1909 2597 1993 Regem

352 2016 732 2080 Boemorum
787 2015 1127 2082 inimicum
1191 2023 1477 2083 nostrum
1550 2016 1897 2102 capitalem
1958 2015 2407 2100 habebamus3
2488 2017 2597 2083 vbi

357 2121 584 2188 eodem
615 2120 792 2205 Rege
822 2125 1202 2191 Boemorum
1235 2127 1618 2209 interempto
1651 2125 1906 2191 felicem
1924 2124 2280 2209 uictoriam,
2316 2124 2597 2191 Domino

353 2241 702 2315 annuente,
737 2252 955 2299 sumus
1007 2236 1374 2320 consecuti,
1455 2233 1626 2301 idem
1678 2234 1796 2300 sub
1847 2240 2066 2301 nostro
2116 2232 2353 2299 uexillo
2402 2231 2600 2298 letale

352 2339 587 2406 uulnus
620 2341 914 2425 sustulit,
961 2340 1028 2406 in
1071 2351 1421 2427 conspectu
1454 2349 1676 2409 nostre
1707 2340 2074 2408 Maiestatis
2106 2339 2379 2408 viriliter
2410 2339 2598 2407 dimi-

353 2449 583 2514 cando.
651 2448 725 2514 In
778 2452 1453 2534 recompensacionem
1515 2455 1609 2517 tot
1671 2456 1734 2515 et
1794 2454 2118 2516 tantorum
2158 2447 2596 2523 ,semieiorum

351 2556 626 2644 predicti
674 2556 852 2623 Petri
904 2558 1092 2626 nobis
1139 2556 1416 2626 fideliter
1462 2557 1882 2643 inpensorum
1901 2608 1919 2642 ,
1999 2557 2303 2642 quamuis
2351 2557 2599 2623 maiora

351 2673 711 2735 mereretur
727 2719 748 2752 ,
826 2665 1150 2751 prefatam
1201 2676 1437 2735 terram
1490 2667 1705 2733 Castri
1753 2667 1960 2734 nostri
2018 2666 2366 2733 Nitriensis
2414 2666 2603 2733 Kend

352 2783 694 2862 vocatam,
742 2774 917 2841 dicto
959 2776 1151 2842 Petro
1181 2775 1314 2842 filio
1346 2775 1655 2842 Zubuzlai
1673 2827 1694 2863 ,
1743 2781 1808 2843 et
1856 2793 1972 2860 per
2004 2793 2147 2842 eum
2179 2772 2317 2842 suis
2349 2775 2599 2843 heredi-

353 2887 501 2971 bus,
548 2880 981 2968 heredumque
1013 2903 1272 2950 suorum
1305 2883 1801 2968 successoribus,
1849 2882 2164 2966 dedimus,
2213 2884 2601 2952 donauimus

353 3001 419 3061 et
448 2992 840 3060 contulimus
890 2994 1029 3059 iure
1079 2999 1389 3078 perpetuo
1440 2998 1505 3058 et
1556 2990 2083 3059 inreuocabiliter
2117 2989 2599 3077 possidendam.

350 3101 431 3166 In
463 3100 646 3168 cuius
699 3102 792 3166 rei
830 3100 1205 3168 memoriam
1244 3107 1750 3186 perpetuamque
1799 3099 2210 3185 firmitatem,
2259 3106 2332 3166 ut
2379 3107 2600 3167 nostre

355 3211 736 3278 collacionis
792 3211 994 3278 series
1050 3230 1167 3294 per
1202 3208 1504 3276 labencia
1534 3215 1892 3296 temporum
1925 3210 2150 3294 spacia
2180 3208 2357 3295 apud
2387 3215 2600 3293 poste-

351 3339 460 3387 ros
500 3319 965 3386 inuiolabiliter
1017 3326 1420 3403 perseueret,
1469 3325 1806 3402 presentes
1855 3319 2295 3385 concessimus
2346 3317 2601 3384 litteras

353 3428 688 3513 dupplicis
721 3425 918 3509 sigilli
957 3426 1164 3492 nostri
1194 3425 1542 3491 munimine
1570 3426 1929 3491 roboratas.
1951 3423 2186 3492 Datum
2219 3446 2334 3511 per
2369 3445 2597 3492 manus

356 3537 624 3603 discreti
688 3537 811 3603 viri
875 3534 1167 3617 Magistri
1228 3534 1510 3600 Achonis
1558 3534 1710 3600 aule
1757 3540 1974 3600 nostre
2024 3533 2597 3618 vice-Cancellarij

355 3645 577 3711 dilecti
628 3651 694 3710 et
740 3642 951 3709 fidelis
993 3642 1196 3709 nostri
1230 3662 1400 3708 anno
1450 3641 1713 3708 Domini
1773 3640 2116 3708 millesimo
2164 3640 2600 3710 ducentesimo

357 3753 796 3837 octuagesimo
825 3804 845 3838 ,
912 3750 1218 3817 kalendis
1274 3751 1545 3835 Augusti
1576 3803 1595 3836 ,
1639 3749 2003 3817 indiccione
2052 3757 2321 3835 octaua,
2391 3749 2602 3834 Regni

354 3871 574 3930 autem
606 3861 806 3928 nostri
836 3880 1005 3928 anno
1037 3867 1288 3927 octauo.

359 4044 639 4108 (Eredetie
677 4038 1023 4108 borbini-tyan,
1061 4058 1096 4092 a
1133 4046 1286 4092 veros
1313 4040 1764 4107 selyemzsinoron
1785 4043 2002 4106 stig-gott
2044 4036 2229 4107 pecset
2266 4037 2545 4103 elvoszett3
2570 4054 2605 4088 a

998 4132 1161 4183 budai
1185 4133 1287 4184 kir.
1315 4134 1560 4184 kamarai
1581 4128 1959 4196 leveltarban.)

2152 4833 2283 4903 18*
2375 4845 2380 4848 ’
