3319 5249
1869 294 2022 386 476⁶

758 512 954 581 ffone
986 514 1290 584 transiret
1321 514 1467 582 aliis
1497 514 1566 580 in
1600 517 1969 600 exemplum
1990 565 2010 601 ,
2061 513 2427 582 discretioni
2480 521 2587 582 tue
2619 532 2734 599 per
2790 512 3067 601 Aposto-

794 620 931 688 lica
963 622 1210 710 scripta
1285 621 1689 710 mandamus,
1743 629 2083 711 quatenus,
2112 624 2169 690 si
2202 622 2319 689 tibi
2370 643 2489 710 per
2537 622 2778 688 famam
2809 622 2917 689 vel
2972 623 3067 687 in·

790 728 1101 814 daginem
1131 729 1487 796 constiterit
1519 730 1603 797 de
1631 729 1985 818 premissis,
2018 728 2293 798 eundem
2322 730 2717 816 Episcopum
2769 748 2849 794 ex
2870 735 3066 817 parte

795 843 1020 906 nostra
1053 837 1479 923 peremptorie
1511 838 1710 905 citare
1741 856 2067 925 procureS,
2099 844 2170 904 ut
2232 836 2404 902 infra
2463 842 2739 920 quatuor
2799 855 3061 903 menses

791 952 938 1028 post
970 943 1341 1011 citationem
1374 951 1553 1011 tuam
1583 944 2017 1031 personaliter
2046 951 2421 1031 compareat
2451 962 2667 1010 coram
2717 942 2912 1009 nobis
2964 942 3057 1008 fa·

791 1058 1005 1119 cturus
1036 1059 1102 1118 et
1145 1060 1515 1138 recepturus
1547 1072 1742 1139 super
1790 1051 1912 1119 hoc
1964 1051 2137 1135 quod
2186 1051 2436 1119 iustitia
2484 1051 2804 1119 suadebit.
2859 1051 3057 1118 Diem

791 1179 946 1227 vero
979 1159 1306 1226 citationis
1327 1167 1393 1226 et
1410 1158 1705 1244 formam,
1725 1165 1790 1227 et
1808 1159 2112 1245 quicquid
2144 1179 2343 1246 super
2371 1160 2495 1226 hoc
2523 1159 2788 1227 duxeris
2806 1158 3054 1227 facien·

776 1267 965 1356 dum,
997 1268 1186 1335 nobis
1218 1289 1335 1355 per
1365 1275 1509 1336 tuas
1539 1269 1788 1337 litteras
1823 1270 2048 1336 harum
2069 1269 2303 1337 seriem
2335 1269 2739 1336 continentes
2779 1268 3052 1338 studeas

783 1375 1063 1444 fideliter
1092 1376 1411 1445 intimare.
1441 1378 1683 1444 Datum
1713 1379 1914 1445 Reate
1933 1378 2122 1445 nonis
2172 1375 2591 1465 Septembris,
2629 1376 3051 1445 Pontificatus

784 1484 997 1550 nostri
1047 1504 1222 1551 anno
1253 1484 1481 1571 primo:

791 1680 1270 1743 (Theium-‚Vetera
1295 1682 1651 1733 Monumenta
1669 1681 1951 1733 Slavorum
1988 1682 2433 1736 Meridionalinm
2460 1683 2740 1734 historiam
2764 1680 3048 1733 illustran-

1088 1780 1103 1787 “
1618 1774 1720 1829 tia,
1747 1773 1790 1822 1.
1820 1771 1933 1822 ket.
1977 1773 2096 1825 105.
2123 1766 2183 1840 1.)

1828 2588 1985 2660 841.

784 2787 833 2850 I
837 2786 907 2866 V,
937 2787 1178 2854 Mikws
1213 2794 1403 2876 papa
1437 2814 1480 2856 a
1512 2792 1804 2856 mov-imi
1828 2790 2084 2874 paspek
2130 2789 2487 2854 vdlasztdoi
2514 2791 2774 2875 joqdra
2826 2789 3038 2866 πότνα,

912 2891 1087 2958 Trau
1117 2901 1312 2963 vdros
1331 2903 1676 2984 papsdth
1711 2920 1790 2962 az
1821 2898 2100 2984 apostoli
2128 2897 2273 2964 mk
2303 2896 2396 2962 ele*
2420 2895 2702 2962 idezteti.
2737 2895 2930 2958 1288.

960 3088 1266 3158 Nicolaus
1298 3092 1664 3179 Episcopus
1703 3112 1928 3162 servus
1958 3112 2290 3160 servorum
2310 3091 2436 3158 Dei
2453 3089 2814 3157 venerabili
2849 3087 3035 3155 fiatri

776 3242 793 3258 .
819 3243 832 3257 .
856 3243 871 3259 .
895 3196 1215 3283 Episcopo
1235 3200 1539 3284 Nouensi,
1559 3208 1623 3267 et
1646 3199 1896 3268 dilectis
1914 3200 2064 3268 filiis
2084 3251 2099 3266 .
2122 3250 2137 3266 .
2163 3248 2178 3264 .
2220 3198 2458 3265 Abbati
2477 3197 2852 3266 Monasterii
2871 3197 3035 3263 San·

776 3301 863 3366 cti
896 3302 1241 3388 Grisogoni
1261 3305 1596 3375 Jadrensis
1628 3314 1692 3375 et
1725 3358 1741 3375 .
1770 3359 1820 3375 ..
1851 3306 2327 3374 Archidiaeono
2359 3305 2731 3391 Spalatensi
2750 3306 3025 3371 salutem

777 3414 845 3473 et
875 3410 1313 3493 Apostolicam
1336 3413 1870 3482 benedictionem.
1892 3414 2025 3481 Sua
2046 3413 2233 3480 nobis
2264 3412 2482 3479 dilecti
2514 3409 2630 3476 filii
2663 3409 3031 3495 Capitulum

778 3513 1066 3583 Ecclesie
1098 3518 1481 3589 Morinensis
1531 3523 1599 3590 in
1650 3522 2002 3612 Dalmatia,
2057 3522 2169 3605 qui
2200 3519 2376 3609 apud
2427 3519 2765 3587 ecelesiam
2821 3517 3030 3584 Castri

776 3622 1060 3692 Sibenici
1123 3627 1506 3699 Morinensis
1571 3633 1864 3700 Diocesis
1926 3630 2208 3699 residere
2269 3630 2589 3715 dicuntur,
2653 3627 3032 3715 petitionem

776 3741 1227 3821 monstrarunt,
1259 3740 1429 3822 quod
1460 3739 1612 3804 olim
1633 3741 1914 3808 Ciuitate
1945 3737 2295 3806 Morinensi
2328 3759 2370 3804 a
2401 3735 2783 3805 scismaticis
2806 3732 3029 3800 Grecis

772 3839 1115 3926 destructa,
1144 3844 1312 3912 bone
1342 3850 1643 3915 memorie
1679 3849 2060 3916 Morinensis
2092 3845 2475 3935 Episcopus,
2527 3843 2639 3927 qui
2672 3849 2826 3909 tune
2872 3845 3028 3926 erat,

772 3946 1054 4031 dictique
1075 3948 1440 4038 Capitulum
1462 3962 1524 4022 et
1555 3954 1782 4024 Clerus
1802 3956 2087 4024 eiusdem
2128 3954 2423 4022 Civitatis
2454 3973 2523 4020 se
2545 3950 2631 4016 ad
2669 3948 3030 4037 predictum

776 4054 1065 4124 Castrum
1098 4059 1404 4151 Sibenici,
1435 4063 1605 4148 quod
1635 4067 2060 4152 propinquum
2094 4062 2263 4130 dicte
2296 4059 2562 4128 Civitati
2593 4057 2794 4125 fuisse
2817 4055 3032 4122 dinos-

774 4163 956 4253 citur,
988 4170 1475 4256 transtulerunt,
1508 4171 1617 4237 ubi
1650 4171 1891 4238 dictum
1924 4169 2294 4257 Capitulum
2344 4169 2605 4235 fuerunt
2655 4183 2771 4250 per
2823 4164 3028 4247 longa

772 4276 1128 4355 temporum
1160 4276 1373 4362 spatia
1404 4279 1799 4367 commorati,
1851 4285 1917 4345 et
1966 4278 2177 4344 adhuc
2227 4294 2608 4364 permanere
2655 4279 3026 4348 noscuntur,

772 4374 1107 4463 dictusque
1125 4382 1482 4471 Episcopus
1515 4384 1602 4451 ad
1621 4386 1944 4470 quoddam
1962 4383 2421 4453 monasterium
2463 4381 2738 4469 positum
2773 4378 2842 4444 in
2867 4377 3032 4443 villa

770 4504 896 4568 que
928 4486 1315 4573 Tragurium
1347 4499 1774 4581 nuncupatur,
1808 4494 2102 4576 accessit,
2133 4512 2215 4558 ac
2247 4492 2319 4558 in
2349 4489 2578 4557 eadem
2653 4484 2818 4551 villa
2853 4482 3026 4553 diem

744 4593 1003 4661 -clausit
1050 4604 1445 4666 extremum:
1495 4599 1613 4669 sed
1661 4622 1805 4669 eum
1858 4602 2036 4669 dieta
2084 4600 2386 4669 Ecclesia
2437 4594 2824 4665 Morinensis
2881 4601 3030 4679 post
