3319 5249
1415 278 1543 346 283

342 479 725 543 canonicum
760 482 1084 562 nostrum,
1154 476 1262 561 qni
1315 476 1506 543 simul
1558 474 1643 539 ad
1693 496 1810 542 nos
1864 476 2204 542 redeuntes
2250 473 2587 540 dixerunt:

343 587 514 671 qnod
566 584 742 651 idem
795 583 1060 651 Otowch
1114 585 1303 651 homo
1334 584 1626 670 Magistri
1658 584 1908 669 Wgrini
1940 582 2258 669 prenotati
2288 588 2591 667 presente

338 694 485 780 ipso
517 701 736 759 nostro
769 693 1137 760 testimonio
1176 692 1385 759 dictas
1417 699 1623 759 terras
1657 692 1742 757 ad
1775 692 1969 758 uillas
1994 691 2238 758 Pethen
2268 688 2586 776 pertinen·

338 810 439 869 tes
471 801 847 867 conuocatis
878 801 1337 868 commetaneis
1378 808 1442 868 et
1474 800 1706 868 vicinis
1740 819 1852 884 per
1882 804 2132 865 ueteres
2167 805 2374 865 metas
2406 798 2588 864 iuxta

339 911 602 978 easdem
652 931 856 978 nouas
908 909 1216 994 erigendo
1272 910 1788 976 reambulassent
1839 916 1901 976 et
1945 909 2322 976 statuissent
2357 906 2588 974 Comiti

338 1016 580 1086 Erdew
611 1036 755 1084 cum
788 1017 1079 1085 omnibns
1111 1016 1503 1084 utilitatibus
1536 1027 1599 1083 et
1636 1015 2055 1101 pertinenoijs
2088 1016 2368 1103 easdem,
2399 1016 2580 1082 nullo

342 1124 818 1193 contradictore
870 1147 951 1193 ex
1000 1125 1308 1211 predictis
1358 1123 1813 1192 commetaneis
1863 1131 1928 1191 et
1977 1124 2209 1192 uicinis
2246 1126 2584 1191 existente.

338 1236 550 1300 Tenor
600 1240 811 1299 antem
861 1233 1192 1318 priuilegij
1246 1251 1448 1318 super
1480 1232 1965 1299 condonaoione
1998 1238 2062 1297 et
2095 1233 2588 1300 confirmacione

341 1339 656 1409 dictarum
687 1349 1008 1408 terrarum
1042 1342 1325 1407 emanati
1363 1342 1513 1407 talis
1547 1348 1644 1406 est
1671 1364 1686 1403 ε

551 1451 687 1518 Nos
738 1450 1043 1533 Magister
1093 1428 1399 1533 Wgrinus
1448 1449 1570 1516 stb.
1621 1447 2051 1535 (kovetkczik
2101 1449 2307 1535 Ugrin
2337 1450 2584 1537 kiralyi

341 1557 946 1625 tarnokmesternek
978 1556 1546 1643 adomanylevele,
1599 1556 1761 1621 mint
1804 1559 1952 1622 199.
1988 1575 2075 1621 sz.
2110 1554 2201 1644 a.)

554 1668 630 1731 In
662 1668 843 1733 cuius
877 1667 967 1731 rei
999 1666 1441 1732 testimonium
1474 1671 1812 1749 presentes
1863 1663 1951 1730 ad
1984 1664 2364 1750 peticionem
2397 1685 2581 1750 sepe·

342 1774 496 1841 dicti
559 1775 855 1860 Magistri
904 1774 1157 1858 Wgrini
1207 1774 1637 1839 concessimus
1701 1780 1766 1837 et
1825 1772 2212 1840 contulimus
2268 1774 2580 1857 Magistro

340 1883 577 1950 Erdew
626 1884 986 1968 prescripto
1036 1881 1238 1964 sigilli
1290 1883 1488 1948 nostri
1538 1879 1890 1946 munimine
1940 1882 2291 1948 roboratas.
2340 1883 2578 1948 Datum

341 2012 454 2076 per
484 2012 714 2058 manus
746 1992 1043 2075 Magistri
1075 1988 1402 2076 Ambrosij
1438 1989 1727 2056 Lectoris
1769 1987 2085 2055 Budensis
2117 2010 2286 2056 anno
2319 1991 2579 2057 Domini

339 2100 430 2165 M⁰
461 2098 591 2167 00⁰
623 2100 1033 2184 octogesimo.
1084 2100 1414 2185 Magistris
1464 2098 1822 2164 Laurenoio
1855 2096 2175 2182 Custode,
2224 2099 2584 2183 Pangracio

344 2210 610 2276 Decano
628 2261 647 2295 ,
695 2209 936 2276 Bedew
984 2215 1048 2274 et
1077 2206 1375 2274 Johanne
1409 2207 1895 2290 sacerdotibus,
1942 2205 2276 2292 Stephano
2309 2227 2386 2273 ao
2415 2206 2586 2294 Elya

341 2316 688 2401 Magistris,
738 2318 1099 2399 ceterisque
1136 2317 1463 2384 canonicis
1504 2315 1941 2383 existentibus.

343 2533 612 2597 (Ex-edotio
661 2532 1005 2600 borhartyan,
1043 2536 1404 2587 azoid-vssros
1453 2532 1898 2598 selyemzsinoron
1951 2534 2170 2597 fiiggott
2215 2530 2396 2598 pecset
2422 2532 2570 2583 eive»

842 2633 1008 2689 szett3
1050 2642 1084 2677 a
1109 2626 1276 2678 budai
1300 2627 1400 2678 kir.
1428 2627 1678 2678 kamarai
1707 2621 2083 2692 loveltarban.)
2386 2641 2395 2649 ·

1390 3409 1543 3475 201.

343 3629 399 3693 A
455 3631 764 3695 osasz‘mai
809 3628 1255 3713 ka'ptalcmnak
1304 3630 1828 3714 bizonysa‘ylevele
1877 3651 2036 3693 (tzon
2087 3627 2582 3705 bii-tokcserfflwS'Z,

348 3740 607 3824 melyne'l
620 3739 833 3823 foyva
864 3736 1102 3801 Miklo's
1132 3738 1338 3800 Miske
1371 3737 1835 3818 comesnakfla,
1908 3736 2017 3798 Viz
2054 3738 2412 3822 helyse'gyben
2446 3739 2584 3802 le'vb'

342 3850 613 3912 birtokcit
648 3846 901 3932 C’horqo
952 3854 1111 3908 nevit
1145 3845 1302 3931 fb’ld
1336 3846 1594 3931 faegje'ben
1626 3872 1668 3910 (ι
1717 3846 2069 3931 lcira‘lynczk
2119 3848 2459 3930 citenqeclte,
2511 3847 2582 3910 ki

470 3967 573 4021 αεὶ
603 3981 645 4020 α
678 3955 1065 4040 vzycilsziyesi
1095 3955 1691 4038 apciczazcirdcinak
1725 3957 2215 4039 adomdnyozta.
2251 3955 2445 4017 1280.

549 4168 685 4235 Nos
734 4167 1111 4252 Capitulum
1149 4169 1563 4237 Chasmensis
1597 4171 1889 4236 Ecclesie
1919 4169 2233 4236 memoria
2263 4189 2577 4236 commen-

342 4277 604 4361 damnS,
655 4276 824 4360 quod
877 4276 1183 4345 Nicotaus
1232 4278 1406 4345 filius
1459 4279 1724 4346 Comitis
1756 4278 1967 4344 Miske
2000 4281 2088 4346 ad
2120 4287 2404 4345 nostram
2441 4298 2578 4363 per-

315 4384 649 4454 sonaliter
680 4384 995 4452 accedens
1027 4387 1428 4471 presenciam
1466 4394 1667 4453 totam
1709 4394 1946 4453 terram
1970 4406 2085 4454 seu
2104 4386 2578 4472 possessionem

338 4516 517 4562 suam
553 4494 929 4560 existentem
985 4496 1052 4560 in
1103 4494 1223 4561 Viz
1279 4495 1342 4561 in
1390 4495 1704 4561 Distriotu
1747 4495 2141 4579 Symigiensi
2183 4492 2402 4581 (quam
2437 4496 2580 4580 ipse

339 4612 399 4670 et
429 4601 641 4691 pater)
674 4624 830 4672 snus
868 4604 1074 4672 tenuit
1122 4612 1187 4671 et
1223 4606 1553 4693 possedit,
1602 4625 1745 4671 oum
1807 4607 2102 4673 omnibus
2153 4607 2577 4695 pertinencijs
