3319 5249
1870 322 2002 389 494

1742 411 2059 423 ——-—-—-..-

1826 940 1977 1010 354.

760 1143 809 1205 Ι
812 1137 879 1208 V.
911 1142 1142 1207 Ldszlo
1171 1140 1526 1226 kirdlynak
1565 1139 1707 1205 Wos
1729 1142 1791 1205 6⁸
1826 1141 2084 1230 Zelebyq
2120 1116 2503 1229 heiyseqeket
2521 1145 2840 1229 tdryyazd
2873 1146 3038 1210 ado-

1101 1255 1339 1335 mcinya
1376 1249 1582 1335 Sydoi
1615 1249 1871 1336 Mikdly
1903 1273 2098 1316 comes
2129 1255 2445 1316 szdmdra.
2480 1250 2674 1318 1289.

975 1463 1110 1529 Nos
1142 1462 1496 1529 Ladizlaus
1529 1461 1652 1527 Dei
1687 1460 1916 1545 gracia
1946 1464 2085 1531 Rex
2115 1462 2454 1549 Hungarie
2487 1462 2795 1531 memorie
2847 1483 3019 1530 oom-

633 1622 639 1629 .
759 1568 1139 1637 mendantes
1191 1571 1635 1654 significamus
1685 1570 1920 1652 quibus
1970 1570 2238 1657 expedit
2285 1572 2625 1654 vniuersis,
2678 1570 2855 1654 quod
2905 1590 3025 1637 nos

740 1676 1170 1745 ¹attendentes
1205 1676 1556 1745 fidelitates
1596 1684 1662 1745 et
1679 1678 1960 1756 seruicia
1991 1679 2324 1744 meritoria
2355 1677 2624 1745 Comitis
2655 1677 3025 1763 Myehaelis

759 1783 873 1867 filij
911 1783 1180 1850 Emiriei
1214 1784 1298 1851 de
1327 1785 1553 1870 Sydon
1586 1784 1794 1853 fidelis
1828 1785 2050 1872 nostri,
2100 1804 2229 1867 que
2279 1787 2472 1852 nobis
2525 1806 2671 1853 eum
2721 1804 3028 1869 snmpma

759 1889 1071 1957 fidelitate
1119 1892 1408 1960 exhibuit
1459 1898 1523 1958 et
1572 1891 1908 1978 inpendit,
1975 1913 2054 1959 ae
2103 1898 2374 1959 mortem
2426 1892 2694 1959 Comitis
2743 1892 3027 1979 Nyeolai

759 1997 980 2065 fratris
1013 1998 1114 2064 sni
1145 1998 1304 2065 dieti
1334 1998 1562 2087 Fatra,
1631 2000 1741 2083 qui
1773 1999 1840 2065 in
1874 1999 2154 2065 sernieio
2186 1998 2378 2065 nobis
2411 2003 2473 2064 et
2522 1999 2748 2082 Regno
2796 2006 3024 2067 nostro

758 2105 1120 2173 exhibendo
1154 2108 1370 2174 extitit
1401 2106 1802 2192 interemtus,
1835 2108 1901 2171 in
1967 2109 2343 2175 memoriam
2380 2096 2781 2191 reuocantes,
2823 2105 3023 2172 villas

756 2215 914 2281 Wos
945 2224 1009 2283 et
1039 2216 1330 2300 Zelebyg
1360 2224 1631 2282 uocatas
1663 2218 1729 2282 in
1782 2216 2104 2282 Comitatu
2155 2216 2238 2282 de
2267 2215 2601 2282 Kamai-un
2660 2215 3013 2282 existentes

730 2322 840 2386 xad
869 2321 1298 2389 collacionem
1330 2322 1603 2405 Regiam
1635 2323 2055 2406 pertinentes,
2109 2322 2235 2407 ipsi
2286 2321 2526 2389 Comiti
2572 2320 2903 2408 Mychaeli
2954 2326 3018 2386 et

757 2431 895 2495 suis
925 2427 1274 2495 heredibus
1306 2428 1741 2513 heredumque
1773 2448 2031 2496 suorum
2064 2430 2542 2496 suecessoribus
2576 2450 2717 2499 eum
2771 2428 3017 2496 vtilita-

755 2536 928 2601 tibus
960 2544 1025 2602 et
1063 2537 1482 2622 pertinencijs
1546 2539 1897 2604 earundem
1949 2536 2271 2604 vniuersis
2334 2559 2411 2606 eo
2445 2539 2584 2606 iure
2637 2543 2700 2604 et
2750 2557 2831 2604 ea
2882 2538 3016 2621 ple-

754 2642 1050 2710 nitudine
1070 2696 1088 2729 ,
1163 2645 1705 2730 quemadmodum
1766 2646 2067 2733 primitus
2129 2647 2323 2732 ydem
2385 2668 2463 2714 ex
2523 2653 2749 2714 nostra
2811 2646 3015 2713 eolla-

753 2749 940 2816 eione
971 2752 1328 2818 dinoscitur
1349 2754 1736 2839 possedisse,
1767 2753 2164 2840 reliquimus,
2186 2753 2480 2822 dedimus
2516 2760 2577 2821 et
2611 2754 3009 2821 contulimus

750 2867 1058 2942 perpetuo
1085 2860 1517 2945 possidendas
1548 2869 1612 2929 et
1642 2859 1991 2928 habendas.
2045 2863 2286 2928 Datum
2316 2863 2496 2947 iuxta
2547 2862 2777 2928 uillam
2830 2861 3005 2947 Toty

752 2965 818 3031 in
870 2968 1151 3034 erastino
1216 2975 1593 3035 octauarum
1659 2970 1964 3037 Omnium
2025 2969 2428 3054 Sanctorum,
2492 2989 2662 3037 anno
2727 2970 2995 3035 Domini

750 3076 818 3140 M
833 3072 958 3139 ⁰CC
974 3075 1243 3140 ⁰LXXX
1260 3088 1278 3119 ⁰
1308 3097 1497 3145 nono.

745 3289 871 3353 (111.
899 3292 1074 3343 Endre
1103 3272 1395 3358 kiraljnak
1426 3295 1647 3346 leot-ki
1676 3295 2000 3360 megersssitii
2027 3295 2151 3345 okm
2165 3290 2298 3359 inyb.
2315 3292 2399 3345 &251
2429 3308 2461 3343 a
2512 3295 2744 3344 nemzeti
2793 3309 3010 3344 mueum

1639 3383 2118 3450 kezirattfiraban.)
