3319 5249
1435 305 1517 369 29

332 505 591 590 riensi,
641 502 849 568 Paulo
899 501 1085 567 Bano
1138 497 1219 565 de
1270 499 1583 566 Sceurino
1618 497 1869 564 Comite
1918 497 2001 564 de
2050 498 2369 582 Dobaka,
2421 498 2611 582 Moys

337 612 596 680 Comite
629 607 1034 696 Simigiensi‚
1080 607 1385 676 Johanne
1419 604 1672 674 Comite
1704 606 2155 692 Supruniensi‚
2203 602 2460 672 Dedalo
2492 604 2609 672 Co·

336 722 504 788 mite
554 716 971 801 Zaladiensi,
1043 721 1107 784 et
1159 715 1310 802 alijs
1361 735 1555 798 quam
1617 714 1912 800 pluribus
1962 713 2392 781 Comitatibus
2443 710 2613 799 (igy)

338 826 557 911 Regni
590 824 966 895 tenentibus
998 832 1062 892 et
1091 825 1390 891 honores.

345 1008 630 1071 (Eredetie
659 1003 1026 1072 b6rharty1'm,
1071 1021 1103 1055 a
1146 1004 1470 1055 barna-2616
1516 1001 1974 1068 selyemzsinoron
2015 1001 2231 1066 suggott
2253 1000 2442 1067 pecset
2467 1001 2615 1051 elve-

356 1106 532 1157 szett,
574 1111 609 1146 a
656 1096 827 1147 budai
873 1095 975 1145 kir.
1022 1095 1266 1146 kamarai
1310 1089 1668 1145 leveltarban.
1708 1089 2011 1142 Teredeket
2055 1090 2244 1141 kiadta
2288 1088 2447 1154 Fejer
2491 1090 2619 1141 Cod.

1073 1184 1219 1249 Dipl.
1264 1185 1330 1235 V.
1359 1184 1472 1234 hot.
1518 1187 1567 1234 2.
1595 1200 1638 1233 r.
1692 1182 1808 1232 117.
1839 1180 1898 1243 l.)

1269 1450 1699 1463 —————-.

1442 1808 1541 1874 16.

347 2014 390 2076 I
396 2010 465 2076 V.
504 2010 736 2074 La'szld
767 2010 1117 2094 kircilynak
1149 2007 1431 2072 Medekes
1451 2057 1470 2087 ,
1520 2007 1741 2093 Lipto'i
1754 2005 1971 2092 fb'ldet
2022 2011 2331 2093 ta'rqyazd
2363 2008 2650 2075 adonai·-

558 2142 691 2203 nya
733 2117 955 2205 Tyvan
987 2120 1049 2183 έε
1090 2114 1397 2196 Tivadar,
1436 2114 1673 2181 Viliam
1684 2115 1818 2197 fiai
1845 2120 2158 2181 sza'ma'ra.
2211 2119 2404 2184 1273.

574 2330 929 2399 Ladizlans
992 2329 1117 2396 Dei
1177 2331 1405 2413 gracia
1465 2329 1803 2413 Hungarie
1824 2380 1844 2416 ,
1897 2331 2272 2414 Dalmacie,
2323 2331 2614 2414 Croacie‚

352 2444 598 2525 Kame,
646 2440 914 2523 Seruie,
964 2438 1243 2506 Gallicie
1264 2487 1285 2522 ‚
1332 2437 1754 2524 Lodomerie,
1803 2437 2135 2522 Cumanie‚
2185 2437 2623 2521 Bulgarieque

353 2552 498 2615 Rex
532 2548 835 2615 omnibus
872 2544 1113 2613 Christi
1164 2543 1465 2613 fidelibus
1514 2566 1784 2631 presens
1834 2545 2149 2631 scriptum
2202 2544 2623 2631 inspecturis,

355 2656 639 2721 salutem
692 2656 761 2720 in
794 2654 1075 2721 omnium
1127 2653 1474 2721 saluatore.
1540 2653 1745 2739 Regie
1777 2651 2203 2719 celsitudinis
2237 2653 2451 2720 extitit
2489 2652 2622 2721 offi-

358 2765 550 2847 cinm,
582 2762 887 2848 precibus
919 2759 1434 2829 condescendere
1474 2761 1932 2847 subiectorum,
1985 2765 2056 2826 ut
2089 2759 2241 2825 dum
2275 2762 2446 2828 uotis
2476 2782 2622 2845 pro·

358 2871 629 2956 spicitur
663 2869 1032 2954 eorundem,
1053 2869 1517 2937 famulancium
1551 2889 1859 2938 numerus
1891 2875 2188 2952 augetur.
2222 2867 2506 2936 Proinde
2537 2869 2625 2935 ad

357 2978 810 3044 vniuersorum
861 2985 997 3043 tam
1033 2978 1438 3062 presencium
1463 3029 1480 3062 ‚
1533 2998 1730 3062 quam
1770 2976 2135 3043 futurorum
2167 2976 2476 3044 noticiam
2509 2979 2623 3044 ha·

359 3106 501 3150 rum
554 3085 722 3150 serie
791 3085 1153 3151 litterarum
1226 3086 1526 3152 uolumus
1583 3084 1965 3172 peruenire;
2034 3085 2205 3166 quod
2256 3085 2510 3168 Tywan
2562 3090 2626 3151 et

357 3191 772 3259 Theodorias
820 3192 940 3275 filij
976 3191 1214 3257 Viliam
1249 3192 1331 3257 de
1365 3190 1570 3277 Olazy
1625 3190 1711 3258 ad
1742 3196 2030 3259 nostram
2064 3192 2492 3276 personaliter
2522 3211 2626 3257 ac-

358 3297 666 3365 cedentes
700 3298 1125 3384 presenciam,
1177 3298 1504 3382 quandam
1554 3300 1943 3386 particulam
1992 3308 2164 3367 terre
2214 3301 2282 3367 in
2314 3300 2625 3368 Medekes

358 3404 442 3473 de
474 3408 688 3492 Lypto
722 3404 1111 3472 existentem
1144 3405 1462 3474 instanter
1494 3408 1696 3491 peciit
1727 3427 1769 3473 a
1801 3408 1989 3475 nobis
2020 3408 2143 3475 sibi
2178 3408 2339 3475 dari.
2389 3407 2625 3477 Verum

360 3513 518 3595 quia
552 3513 632 3579 de
665 3513 892 3580 eadem
935 3520 1113 3581 terra
1145 3515 1392 3581 ueritas
1432 3515 1617 3582 nobis
1653 3535 1783 3582 non
1813 3523 2088 3601 constat,
2137 3537 2257 3584 nec
2289 3516 2629 3604 certitudo,

362 3630 428 3685 et
490 3625 705 3686 utrum
764 3627 985 3688 nostre
1048 3622 1394 3690 collacioni
1443 3623 1531 3689 sit
1570 3624 1898 3708 pertinens
1960 3642 2082 3691 nee
2142 3645 2261 3708 ne,
2325 3625 2626 3692 fidelibus

362 3727 606 3794 nostris
659 3727 997 3813 Preposito
1049 3735 1114 3798 et
1163 3730 1523 3797 Conuentui
1578 3729 1659 3798 de
1707 3731 1924 3800 'Purch
1971 3730 2334 3799 direximus
2382 3731 2628 3817 scripta

362 3843 606 3918 nostra,
646 3837 759 3919 qui
790 3836 979 3905 nobis
1009 3838 1476 3922 rescripserunt
1509 3839 1580 3904 in
1612 3839 1783 3906 hunc
1815 3839 2077 3907 modum
2113 3865 2128 3905 ι

422 4010 431 4016 ,
583 3944 1152 4013 Excellentissimo
1202 3946 1481 4014 Domino
1530 3947 1822 4032 ipsorum
1872 3948 2189 4015 Ladizlao
2240 3946 2363 4014 Dei
2400 3948 2629 4032 gracia

368 4051 608 4117 Illustri
665 4051 827 4136 Regi
859 4053 1213 4138 Hungarie,
1284 4054 1554 4121 Juanka
1604 4055 2029 4123 miseracione
2059 4054 2305 4122 Diuina
2336 4057 2629 4142 Preposi-

366 4167 471 4224 tus
503 4167 566 4226 et
599 4159 973 4227 Conuentus
1005 4161 1297 4228 Ecclesie
1344 4164 1548 4229 Beate
1580 4162 1873 4248 Uirginis
1925 4162 2008 4231 de
2041 4162 2256 4231 Turch
2290 4166 2632 4234 oraciones

364 4266 431 4330 in
484 4265 740 4333 Christo
790 4268 1047 4337 debitas
1099 4289 1179 4335 ac
1230 4270 1525 4339 deuotas.
1598 4269 1880 4338 Litteras
1930 4272 2162 4340 Uestre
2214 4273 2633 4340 Celsitudinis

366 4372 613 4439 honore
646 4393 771 4456 quo
803 4374 1021 4444 decuit
1054 4378 1418 4465 recepimus
1452 4379 1519 4445 in
1554 4380 1674 4447 hec
1705 4381 1903 4449 uerba
1937 4406 1953 4444 ε

583 4481 935 4550 Ladizlaus
968 4485 1094 4554 Dei
1141 4485 1370 4570 gracia
1399 4486 1537 4555 Rex
1566 4487 1905 4570 Hungarie
1956 4488 2256 4557 fidelibus
2310 4489 2446 4556 suis
2477 4490 2628 4557 Pre-

367 4590 584 4674 posito
618 4596 685 4655 et
716 4591 1077 4661 Conuentui
1128 4593 1209 4661 de
1239 4594 1453 4661 Turch
1500 4594 1782 4665 salutem
1817 4603 1881 4662 et
1912 4596 2226 4682 graciam.
2275 4596 2654 4680 Noueritis,.
