3319 5249
1340 273 1466 339 139

256 472 483 553 partes
517 467 1012 555 arbitrantibus,
1062 487 1330 553 quorum
1380 469 1648 539 arbitrio
1702 469 1844 557 ipse
1875 477 2095 559 partes
2127 491 2198 539 se
2230 473 2523 539 commit-

260 580 478 642 tentes
528 576 620 642 ad
648 578 846 643 talem
900 577 1175 646 formam
1208 580 1390 666 pacis
1439 599 1555 646 seu
1606 580 1955 649 concordie
1986 580 2286 649 vnionem
2333 582 2523 648 deue-

259 685 514 751 nissent
547 710 563 748 ε
610 681 784 767 quod
816 683 1129 772 Bikchey,
1164 687 1395 773 Pasca,
1437 687 1664 773 Anias,
1717 688 2027 756 Nicolaus
2061 696 2127 757 et
2153 688 2524 775 Stephanus

259 794 588 879 prenotati
620 795 851 878 sopitis
884 793 1181 862 omnibus
1214 795 1426 863 causis
1459 797 1790 864 annotatis
1823 804 1886 864 et
1918 797 2183 881 sedatis,
2203 817 2282 863 ac
2313 797 2523 865 eciam

258 901 524 968 racione
556 909 789 985 quarte
822 922 1090 970 vxorum
1124 904 1328 970 Matie
1359 910 1422 970 et
1455 904 1814 994 Benedicti,
1856 925 2145 973 sororum
2173 906 2352 973 Luce
2381 925 2523 993 pre·

265 1008 443 1093 dicti,
497 1009 884 1078 dimiserunt
917 1018 981 1078 et
1028 1010 1435 1097 reliquerunt
1484 1020 1903 1081 memoratam
1943 1021 2183 1081 terram
2229 1016 2526 1101 supradi-

263 1116 380 1185 etis
411 1116 696 1202 Andree,
752 1119 1047 1204 Nicolao,
1097 1121 1391 1188 Matie‘et
1423 1120 1775 1189 Benedicto
1809 1141 1888 1188 ac
1918 1120 2269 1189 heredibus
2302 1141 2524 1190 eorum

262 1228 397 1294 inre
427 1234 746 1313 perpetuo
779 1227 1047 1313 pacifice
1086 1229 1550 1315 possidendam
1573 1281 1592 1316 ,
1639 1251 1758 1319 per
1809 1233 2177 1316 quempiam
2209 1231 2523 1298 heredum

264 1354 529 1401 suorum
583 1358 699 1405 seu
730 1346 1151 1422 cognatorum
1202 1340 1342 1407 siue
1394 1343 1854 1408 extraneorum
1886 1340 2298 1425 aliquatenus
2334 1337 2523 1429 (non)

262 1445 708 1530 repetendam.
772 1447 1160 1532 obligantes
1213 1470 1285 1518 se
1334 1449 1654 1534 sepedicti
1689 1450 2008 1538 Bikchey,
2040 1452 2268 1532 Pasca,
2299 1448 2524 1532 Anias,

262 1551 575 1621 Nicolaus
609 1561 675 1621 et
707 1554 1091 1642 Stephanus,
1150 1578 1227 1625 ac
1257 1575 1513 1625 suorum
1564 1558 1859 1647 heredes,
1909 1559 2081 1644 quod
2113 1559 2196 1627 ab
2231 1557 2527 1624 omnibus

263 1667 643 1746 prenotatos
693 1661 1041 1749 Andream‚
1092 1664 1459 1752 Nicolaum,
1492 1668 1809 1735 Mathiam
1860 1675 1924 1734 et
1954 1664 2377 1734 Benedictum
2426 1686 2548 1735 rar

264 1769 446 1837 cione
480 1770 656 1838 dicte
708 1778 873 1839 terre
906 1775 1272 1860 molestare,
1308 1775 1618 1862 impetere
1659 1784 1722 1844 et
1753 1775 2114 1862 inquietare
2146 1773 2522 1859 nitentibus,

266 1884 541 1963 excepta
594 1880 924 1964 porcione,
986 1902 1109 1964 que
1157 1882 1416 1950 racione
1464 1891 1694 1969 quarte
1744 1884 2063 1950 dictarum
2115 1883 2523 1951 dominarum

265 1986 349 2053 eis
384 1984 667 2072 eederet,
714 1987 920 2071 ipsius
954 1996 1017 2055 et
1048 1990 1333 2075 ipsorum
1374 1991 1644 2059 heredes
1676 1996 2050 2060 tenerentur
2080 1991 2288 2059 modis
2322 1995 2524 2057 omni-

263 2095 378 2160 bus
429 2092 790 2162 defendere
861 2102 927 2161 et
975 2098 1281 2184 expedire
1348 2101 1637 2186 proprijs
1687 2100 2023 2169 laboribus
2087 2107 2152 2169 et
2203 2100 2525 2187 expensis.

268 2203 478 2268 Metas
529 2209 754 2269 autem
803 2212 869 2271 et
914 2204 1372 2275 distincciones
1423 2213 1592 2275 terre
1644 2215 1982 2293 prenotate
2032 2214 2254 2293 partes
2306 2209 2528 2274 taliter

266 2318 732 2395 expresserunt
768 2337 783 2377 :
832 2313 1046 2380 Primo
1086 2314 1453 2400 incipiendo
1502 2336 1544 2381 a
1575 2317 1986 2408 meridionali
2018 2319 2299 2385 fenestra
2328 2336 2527 2403 supra

262 2420 477 2485 altare
529 2421 809 2487 ecclesie
857 2421 1097 2489 Sancte
1146 2424 1348 2489 Marie
1395 2423 1461 2490 in
1510 2425 1656 2510 ipsa
1705 2425 1867 2492 villa
1917 2426 2216 2512 Bikchey
2265 2425 2410 2511 site,
2462 2431 2527 2491 et

261 2526 511 2595 directe
560 2548 677 2613 per
726 2529 1007 2597 hostium
1058 2530 1353 2599 exeundo
1401 2532 1706 2617 dirigitur
1755 2552 1982 2600 versus
2040 2534 2306 2618 plagam
2359 2532 2523 2599 occi-

264 2637 603 2705 dentalem
665 2637 752 2704 ad
814 2645 1050 2706 terram
1101 2639 1384 2727 Nicolay
1443 2641 1562 2726 filij
1611 2642 1892 2728 Bochou,
1950 2650 2012 2708 et
2061 2642 2151 2708 ibi
2204 2649 2351 2708 sunt
2402 2641 2527 2707 due

263 2752 473 2828 mete;
542 2746 782 2812 abhinc
839 2748 1233 2816 transeundo
1297 2749 1507 2834 ipsam
1569 2756 1810 2816 terram
1860 2751 2141 2835 Nicolay
2203 2748 2384 2815 uadit
2439 2749 2527 2815 ad

262 2875 457 2920 vnam
492 2854 708 2942 viam,
757 2862 823 2921 et
854 2873 970 2941 per
1001 2857 1175 2922 uiam
1209 2857 1419 2923 eundo
1469 2858 1763 2943 procedit
1797 2859 2043 2926 directe
2081 2859 2167 2925 ad
2200 2858 2526 2942 quoddam

260 2964 624 3051 pomerium
657 2965 855 3049 uulgo
905 2969 1209 3053 weykerth
1239 2973 1581 3056 vocatum3
1632 2975 1695 3033 et
1726 2969 2082 3053 pomerium
2133 2965 2525 3032 transeundo

260 3092 377 3158 per
408 3071 735 3151 medium,
785 3074 969 3142 vadit
1018 3072 1104 3139 ad
1156 3075 1483 3158 quandam
1534 3077 1748 3160 viam,
1800 3082 1863 3141 et
1913 3096 1993 3141 ex
2024 3081 2298 3158 vtraque
2342 3081 2531 3160 parte

262 3182 367 3246 vie
401 3188 506 3246 est
555 3200 686 3246 vna
716 3188 923 3265 meta;
972 3181 1123 3248 inde
1176 3203 1293 3266 per
1339 3181 1610 3250 eandem
1641 3185 1815 3250 viam
1867 3181 2051 3251 vadit
2082 3181 2374 3249 metatim
2409 3202 2527 3265 per

264 3289 551 3373 vallem,
625 3309 750 3373 que
800 3290 972 3373 wlgo
1023 3298 1296 3357 uocatur
1344 3293 1846 3378 harasthfeuqh;
1912 3296 1975 3356 et
2025 3291 2237 3375 ipsam
2284 3289 2525 3355 vallem

267 3397 668 3464 transeundo
688 3395 930 3464 directe
951 3399 1137 3464 iuxta
1168 3406 1423 3485 terram,
1455 3420 1582 3484 que
1613 3400 1787 3483 wlgo
1821 3406 2092 3467 vocatur
2122 3399 2523 3484 harasthfeu,

264 3516 415 3573 sunt
445 3514 586 3571 tres
617 3513 826 3590 mete;
876 3505 1110 3572 abhinc
1155 3505 1341 3573 vadit
1390 3526 1619 3575 uersus
1670 3507 1897 3573 villam
1928 3508 2133 3592 Pang,
2170 3515 2235 3573 et
2266 3525 2524 3591 parum-

262 3637 384 3702 per
433 3612 653 3698 tangit
702 3618 937 3680 terram
988 3613 1304 3700 Stephani
1355 3613 1471 3698 filij
1511 3612 1817 3699 Omodey‚
1869 3620 1934 3679 et
1984 3615 2077 3680 ibi
2127 3614 2527 3679 terminatur.

263 3725 432 3792 Item
466 3742 510 3787 a
537 3721 833 3807 predicta
883 3721 1173 3789 fenestra
1224 3721 1592 3807 incipiendo
1628 3742 1850 3788 versus
1901 3721 2168 3807 plagam
2217 3721 2529 3788 orientem

265 3830 441 3920 (igy)
484 3829 672 3896 vadit
721 3850 841 3915 per
890 3837 1139 3916 portam
1196 3830 1369 3896 curie
1416 3830 1717 3917 Martini,
1769 3837 1833 3896 et
1865 3829 2107 3897 directe
2157 3827 2243 3895 ad
2273 3833 2529 3911 portam

265 3941 393 4008 orti
430 3938 747 4025 eiusdem,
782 3944 845 4004 et
878 3939 969 4005 ibi
1003 3945 1154 4005 sunt
1191 3938 1320 4004 due
1352 3945 1523 4007 mete
1545 3946 1579 4024 ;‘
1611 3939 1851 4005 deinde
1878 3935 2061 4004 vadit
2091 3937 2177 4003 ad
2210 3932 2529 4021 quendam

262 4049 506 4133 lacum,
540 4052 606 4112 et
637 4046 731 4112 ibi
764 4047 846 4113 ab
879 4044 1169 4113 inferiori
1201 4050 1390 4133 parte
1421 4046 1602 4112 lacus
1637 4047 1823 4113 iuxta
1853 4065 2047 4112 vnum
2079 4044 2348 4112 salicem
2381 4049 2534 4109 sunt

266 4157 393 4224 dne
426 4161 639 4240 mete;
690 4153 926 4221 dehinc
973 4153 1155 4222 vadit
1205 4161 1270 4221 et
1319 4154 1558 4221 transit
1609 4153 1935 4238 quendam
1979 4151 2246 4220 fluuium
2293 4152 2534 4235 Fiuzeg

264 4271 611 4347 vocatum,
663 4270 729 4331 et
760 4261 852 4329 ibi
882 4263 1066 4330 iuxta
1113 4268 1371 4350 portum
1422 4262 1713 4330 eiusdem
1765 4262 1945 4346 fluuij
1984 4268 2135 4328 sunt
2167 4261 2293 4328 due
2324 4268 2529 4344 mete;

265 4373 514 4443 abinde
543 4369 731 4438 vadit
762 4371 847 4438 ad
881 4391 1119 4455 aquam
1151 4372 1380 4458 Tapeu
1413 4378 1713 4439 vocatam
1734 4421 1752 4456 ,
1803 4377 1868 4437 et
1897 4367 2183 4437 nondum
2214 4367 2530 4436 veniendo

264 4483 353 4550 ad
384 4502 627 4566 aquam
680 4486 831 4546 sunt
881 4479 1005 4546 due
1037 4486 1239 4565 mete,
1274 4480 1459 4548 iuxta
1509 4478 1785 4546 eandem
1839 4478 2044 4546 eciam
2094 4497 2334 4562 aquam
2383 4482 2535 4544 sunt

266 4592 521 4658 abietes
552 4589 730 4674 wlgo
762 4595 991 4656 vocate
1022 4588 1352 4676 kern-uffa,
1384 4595 1449 4655 et
1479 4586 1570 4653 ibi
1602 4593 1702 4655 est
1733 4585 1859 4673 via,
1892 4606 2017 4670 que
2049 4585 2285 4654 transit
2317 4584 2526 4670 ipsam
