<?xml version="1.0" encoding="UTF-8"?>
<!DOCTYPE html PUBLIC "-//W3C//DTD XHTML 1.0 Transitional//EN"
    "http://www.w3.org/TR/xhtml1/DTD/xhtml1-transitional.dtd">
<html xmlns="http://www.w3.org/1999/xhtml" xml:lang="en" lang="en">
 <head>
  <title>
</title>
<meta http-equiv="Content-Type" content="text/html;charset=utf-8" />
  <meta name='ocr-system' content='tesseract 3.04.00' />
  <meta name='ocr-capabilities' content='ocr_page ocr_carea ocr_par ocr_line ocrx_word'/>
</head>
<body>
  <div class='ocr_page' id='page_1' title='image "./rpdkorijokmnytr00wenzgoog_0644.png"; bbox 0 0 3319 5249; ppageno 0'>
   <div class='ocr_carea' id='block_1_1' title="bbox 1795 220 1924 287">
    <p class='ocr_par' dir='ltr' id='par_1_1' title="bbox 1795 220 1924 287">
     <span class='ocr_line' id='line_1_1' title="bbox 1795 220 1924 287; baseline 0.016 -4"><span class='ocrx_word' id='word_1_1' title='bbox 1795 220 1924 287; x_wconf 77' lang='lat' dir='ltr'><strong>56ss</strong></span> 
     </span>
    </p>
   </div>
   <div class='ocr_carea' id='block_1_2' title="bbox 1707 309 2033 319">
    <p class='ocr_par' dir='ltr' id='par_1_2' title="bbox 1707 309 2033 319">
     <span class='ocr_line' id='line_1_2' title="bbox 1707 309 2033 319; baseline 0 0"><span class='ocrx_word' id='word_1_2' title='bbox 1707 309 2033 319; x_wconf 95' lang='lat' dir='ltr'><strong> </strong></span> 
     </span>
    </p>
   </div>
   <div class='ocr_carea' id='block_1_3' title="bbox 730 410 3001 2857">
    <p class='ocr_par' dir='ltr' id='par_1_3' title="bbox 730 410 3001 2857">
     <span class='ocr_line' id='line_1_3' title="bbox 731 410 2989 501; baseline 0.002 -24"><span class='ocrx_word' id='word_1_3' title='bbox 731 413 934 479; x_wconf 83' lang='lat' dir='ltr'><strong>cionis</strong></span> <span class='ocrx_word' id='word_1_4' title='bbox 968 421 1032 478; x_wconf 86' lang='lat' dir='ltr'><strong>et</strong></span> <span class='ocrx_word' id='word_1_5' title='bbox 1064 417 1273 477; x_wconf 88' lang='lat' dir='ltr'><strong>status</strong></span> <span class='ocrx_word' id='word_1_6' title='bbox 1308 410 1633 477; x_wconf 88' lang='lat' dir='ltr'><strong>hominum</strong></span> <span class='ocrx_word' id='word_1_7' title='bbox 1664 411 1731 477; x_wconf 88' lang='lat' dir='ltr'><strong>in</strong></span> <span class='ocrx_word' id='word_1_8' title='bbox 1764 414 2099 496; x_wconf 86' lang='lat' dir='ltr'><strong>Nytriensi</strong></span> <span class='ocrx_word' id='word_1_9' title='bbox 2133 421 2198 481; x_wconf 89' lang='lat' dir='ltr'><strong>et</strong></span> <span class='ocrx_word' id='word_1_10' title='bbox 2228 416 2730 501; x_wconf 87' lang='lat' dir='ltr'><strong>Trinchyniensi</strong></span> <span class='ocrx_word' id='word_1_11' title='bbox 2776 418 2989 484; x_wconf 87' lang='lat' dir='ltr'><strong>Comi-</strong></span> 
     </span>
     <span class='ocr_line' id='line_1_4' title="bbox 730 518 2992 605; baseline 0.001 -18"><span class='ocrx_word' id='word_1_12' title='bbox 730 520 973 587; x_wconf 89' lang='lat' dir='ltr'><strong>tatibus</strong></span> <span class='ocrx_word' id='word_1_13' title='bbox 1005 520 1434 585; x_wconf 89' lang='lat' dir='ltr'><strong>existencium</strong></span> <span class='ocrx_word' id='word_1_14' title='bbox 1466 518 1629 585; x_wconf 85' lang='lat' dir='ltr'><strong>feria</strong></span> <span class='ocrx_word' id='word_1_15' title='bbox 1662 521 1887 603; x_wconf 89' lang='lat' dir='ltr'><strong>quinta</strong></span> <span class='ocrx_word' id='word_1_16' title='bbox 1906 523 2212 605; x_wconf 88' lang='lat' dir='ltr'><strong>proxima</strong></span> <span class='ocrx_word' id='word_1_17' title='bbox 2230 530 2385 590; x_wconf 88' lang='lat' dir='ltr'><strong>ante</strong></span> <span class='ocrx_word' id='word_1_18' title='bbox 2431 524 2664 591; x_wconf 86' lang='lat' dir='ltr'><strong>festum</strong></span> <span class='ocrx_word' id='word_1_19' title='bbox 2687 525 2992 592; x_wconf 86' lang='lat' dir='ltr'><strong>Omnium</strong></span> 
     </span>
     <span class='ocr_line' id='line_1_5' title="bbox 731 627 2994 716; baseline 0.002 -21"><span class='ocrx_word' id='word_1_20' title='bbox 731 632 1114 695; x_wconf 83' lang='lat' dir='ltr'><strong>Sanctorum</strong></span> <span class='ocrx_word' id='word_1_21' title='bbox 1170 646 1372 711; x_wconf 81' lang='lat' dir='ltr'>prope</span> <span class='ocrx_word' id='word_1_22' title='bbox 1422 627 1751 693; x_wconf 78' lang='lat' dir='ltr'><strong>ciuitatem</strong></span> <span class='ocrx_word' id='word_1_23' title='bbox 1805 629 2230 716; x_wconf 88' lang='lat' dir='ltr'><strong>Thopolchan</strong></span> <span class='ocrx_word' id='word_1_24' title='bbox 2282 638 2582 698; x_wconf 89' lang='lat' dir='ltr'><strong>vocatam</strong></span> <span class='ocrx_word' id='word_1_25' title='bbox 2631 632 2994 715; x_wconf 87' lang='lat' dir='ltr'><strong>celebrata,</strong></span> 
     </span>
     <span class='ocr_line' id='line_1_6' title="bbox 733 734 2999 821; baseline 0.001 -19"><span class='ocrx_word' id='word_1_26' title='bbox 733 736 1046 819; x_wconf 76' lang='lat' dir='ltr'><strong>Magister</strong></span> <span class='ocrx_word' id='word_1_27' title='bbox 1078 736 1285 801; x_wconf 86' lang='lat' dir='ltr'><strong>Merse</strong></span> <span class='ocrx_word' id='word_1_28' title='bbox 1314 734 1486 800; x_wconf 88' lang='lat' dir='ltr'><strong>filins</strong></span> <span class='ocrx_word' id='word_1_29' title='bbox 1517 734 1853 801; x_wconf 82' lang='lat' dir='ltr'><strong>Benedicti</strong></span> <span class='ocrx_word' id='word_1_30' title='bbox 1884 737 2000 821; x_wconf 88' lang='lat' dir='ltr'><strong>filij</strong></span> <span class='ocrx_word' id='word_1_31' title='bbox 2035 739 2244 805; x_wconf 85' lang='lat' dir='ltr'><strong>Merse</strong></span> <span class='ocrx_word' id='word_1_32' title='bbox 2275 737 2359 804; x_wconf 91' lang='lat' dir='ltr'><strong>de</strong></span> <span class='ocrx_word' id='word_1_33' title='bbox 2390 739 2605 806; x_wconf 88' lang='lat' dir='ltr'><strong>medio</strong></span> <span class='ocrx_word' id='word_1_34' title='bbox 2661 741 2999 808; x_wconf 84' lang='lat' dir='ltr'><strong>vniuerso-</strong></span> 
     </span>
     <span class='ocr_line' id='line_1_7' title="bbox 736 843 3001 932; baseline 0.003 -24"><span class='ocrx_word' id='word_1_35' title='bbox 736 865 876 909; x_wconf 88' lang='lat' dir='ltr'><strong>rum</strong></span> <span class='ocrx_word' id='word_1_36' title='bbox 928 843 1245 912; x_wconf 85' lang='lat' dir='ltr'>nobilium</span> <span class='ocrx_word' id='word_1_37' title='bbox 1296 844 1726 927; x_wconf 81' lang='lat' dir='ltr'><strong>personaliter</strong></span> <span class='ocrx_word' id='word_1_38' title='bbox 1776 845 2224 929; x_wconf 89' lang='lat' dir='ltr'><strong>consurgendo</strong></span> <span class='ocrx_word' id='word_1_39' title='bbox 2273 848 2607 932; x_wconf 81' lang='lat' dir='ltr'><strong>proposuit</strong></span> <span class='ocrx_word' id='word_1_40' title='bbox 2656 867 2733 915; x_wconf 92' lang='lat' dir='ltr'><strong>eo</strong></span> <span class='ocrx_word' id='word_1_41' title='bbox 2785 848 3001 930; x_wconf 82' lang='lat' dir='ltr'><strong>mode,</strong></span> 
     </span>
     <span class='ocr_line' id='line_1_8' title="bbox 738 950 2984 1039; baseline 0.001 -24"><span class='ocrx_word' id='word_1_42' title='bbox 738 950 911 1033; x_wconf 89' lang='lat' dir='ltr'><strong>quod</strong></span> <span class='ocrx_word' id='word_1_43' title='bbox 944 950 1266 1035; x_wconf 81' lang='lat' dir='ltr'><strong>possessio</strong></span> <span class='ocrx_word' id='word_1_44' title='bbox 1298 951 1604 1018; x_wconf 90' lang='lat' dir='ltr'><strong>Beneuch</strong></span> <span class='ocrx_word' id='word_1_45' title='bbox 1645 958 1879 1018; x_wconf 84' lang='lat' dir='ltr'><strong>vocata</strong></span> <span class='ocrx_word' id='word_1_46' title='bbox 1934 952 2000 1018; x_wconf 91' lang='lat' dir='ltr'><strong>in</strong></span> <span class='ocrx_word' id='word_1_47' title='bbox 2034 952 2206 1020; x_wconf 87' lang='lat' dir='ltr'><strong>dicto</strong></span> <span class='ocrx_word' id='word_1_48' title='bbox 2260 953 2587 1021; x_wconf 84' lang='lat' dir='ltr'><strong>Comitatu</strong></span> <span class='ocrx_word' id='word_1_49' title='bbox 2635 955 2984 1039; x_wconf 85' lang='lat' dir='ltr'><strong>Trincyni-</strong></span> 
     </span>
     <span class='ocr_line' id='line_1_9' title="bbox 741 1058 2999 1144; baseline 0.002 -21"><span class='ocrx_word' id='word_1_50' title='bbox 741 1058 877 1123; x_wconf 87' lang='lat' dir='ltr'><strong>ensi</strong></span> <span class='ocrx_word' id='word_1_51' title='bbox 913 1058 1200 1124; x_wconf 84' lang='lat' dir='ltr'><strong>existens</strong></span> <span class='ocrx_word' id='word_1_52' title='bbox 1232 1079 1353 1125; x_wconf 85' lang='lat' dir='ltr'><strong>sua</strong></span> <span class='ocrx_word' id='word_1_53' title='bbox 1385 1064 1576 1142; x_wconf 88' lang='lat' dir='ltr'><strong>esset,</strong></span> <span class='ocrx_word' id='word_1_54' title='bbox 1641 1067 1704 1124; x_wconf 90' lang='lat' dir='ltr'><strong>et</strong></span> <span class='ocrx_word' id='word_1_55' title='bbox 1738 1059 2262 1144; x_wconf 80' lang='lat' dir='ltr'><strong>predecessorum</strong></span> <span class='ocrx_word' id='word_1_56' title='bbox 2315 1081 2574 1127; x_wconf 88' lang='lat' dir='ltr'><strong>suorum</strong></span> <span class='ocrx_word' id='word_1_57' title='bbox 2605 1059 2839 1127; x_wconf 85' lang='lat' dir='ltr'><strong>fuisset</strong></span> <span class='ocrx_word' id='word_1_58' title='bbox 2890 1062 2999 1127; x_wconf 89' lang='lat' dir='ltr'><strong>he-</strong></span> 
     </span>
     <span class='ocr_line' id='line_1_10' title="bbox 736 1144 2990 1253; baseline 0.002 -24"><span class='ocrx_word' id='word_1_59' title='bbox 736 1166 1066 1251; x_wconf 88' lang='lat' dir='ltr'><strong>reditaria,</strong></span> <span class='ocrx_word' id='word_1_60' title='bbox 1102 1185 1183 1232; x_wconf 90' lang='lat' dir='ltr'><strong>ac</strong></span> <span class='ocrx_word' id='word_1_61' title='bbox 1216 1165 1399 1231; x_wconf 78' lang='lat' dir='ltr'><strong>titulo</strong></span> <span class='ocrx_word' id='word_1_62' title='bbox 1433 1144 1595 1231; x_wconf 70' lang='lat' dir='ltr'><strong>suris</strong></span> <span class='ocrx_word' id='word_1_63' title='bbox 1616 1165 1973 1232; x_wconf 84' lang='lat' dir='ltr'><strong>hereditari</strong></span> <span class='ocrx_word' id='word_1_64' title='bbox 1974 1167 2002 1250; x_wconf 88' lang='lat' dir='ltr'>j</span> <span class='ocrx_word' id='word_1_65' title='bbox 2026 1166 2110 1231; x_wconf 91' lang='lat' dir='ltr'><strong>ad</strong></span> <span class='ocrx_word' id='word_1_66' title='bbox 2131 1169 2339 1253; x_wconf 91' lang='lat' dir='ltr'><strong>ipsum</strong></span> <span class='ocrx_word' id='word_1_67' title='bbox 2365 1168 2715 1252; x_wconf 86' lang='lat' dir='ltr'><strong>pertineret</strong></span> <span class='ocrx_word' id='word_1_68' title='bbox 2736 1190 2751 1251; x_wconf 83' lang='lat'><em>3</em></span> <span class='ocrx_word' id='word_1_69' title='bbox 2776 1175 2841 1233; x_wconf 85' lang='lat' dir='ltr'><strong>et</strong></span> <span class='ocrx_word' id='word_1_70' title='bbox 2873 1168 2990 1233; x_wconf 89' lang='lat' dir='ltr'><strong>ibi-</strong></span> 
     </span>
     <span class='ocr_line' id='line_1_11' title="bbox 740 1272 2989 1359; baseline 0 -22"><span class='ocrx_word' id='word_1_71' title='bbox 740 1272 886 1338; x_wconf 88' lang='lat' dir='ltr'><strong>‹lem</strong></span> <span class='ocrx_word' id='word_1_72' title='bbox 921 1272 1212 1339; x_wconf 87' lang='lat' dir='ltr'><strong>exhibuit</strong></span> <span class='ocrx_word' id='word_1_73' title='bbox 1244 1272 1563 1356; x_wconf 85' lang='lat' dir='ltr'><strong>quasdam</strong></span> <span class='ocrx_word' id='word_1_74' title='bbox 1583 1273 1872 1341; x_wconf 84' lang='lat' dir='ltr'><strong>lit-terras</strong></span> <span class='ocrx_word' id='word_1_75' title='bbox 1896 1281 2195 1359; x_wconf 88' lang='lat' dir='ltr'><strong>patentes</strong></span> <span class='ocrx_word' id='word_1_76' title='bbox 2217 1275 2462 1341; x_wconf 91' lang='lat' dir='ltr'><strong>domini</strong></span> <span class='ocrx_word' id='word_1_77' title='bbox 2489 1274 2802 1359; x_wconf 86' lang='lat' dir='ltr'><strong>Stephani</strong></span> <span class='ocrx_word' id='word_1_78' title='bbox 2837 1293 2989 1341; x_wconf 91' lang='lat' dir='ltr'><strong>con-</strong></span> 
     </span>
     <span class='ocr_line' id='line_1_12' title="bbox 739 1377 2994 1464; baseline 0 -20"><span class='ocrx_word' id='word_1_79' title='bbox 739 1380 889 1445; x_wconf 87' lang='lat' dir='ltr'><strong>dam</strong></span> <span class='ocrx_word' id='word_1_80' title='bbox 913 1379 1118 1445; x_wconf 89' lang='lat' dir='ltr'><strong>incliti</strong></span> <span class='ocrx_word' id='word_1_81' title='bbox 1138 1377 1334 1462; x_wconf 90' lang='lat' dir='ltr'><strong>Regis</strong></span> <span class='ocrx_word' id='word_1_82' title='bbox 1354 1381 1692 1464; x_wconf 85' lang='lat' dir='ltr'><strong>Hungarie</strong></span> <span class='ocrx_word' id='word_1_83' title='bbox 1716 1380 1920 1448; x_wconf 85' lang='lat' dir='ltr'><strong>felicis</strong></span> <span class='ocrx_word' id='word_1_84' title='bbox 1942 1381 2418 1449; x_wconf 80' lang='lat' dir='ltr'><strong>recordacionis</strong></span> <span class='ocrx_word' id='word_1_85' title='bbox 2441 1381 2510 1446; x_wconf 92' lang='lat' dir='ltr'><strong>in</strong></span> <span class='ocrx_word' id='word_1_86' title='bbox 2533 1401 2703 1445; x_wconf 89' lang='lat' dir='ltr'><strong>anno</strong></span> <span class='ocrx_word' id='word_1_87' title='bbox 2726 1381 2994 1446; x_wconf 89' lang='lat' dir='ltr'><strong>Domini</strong></span> 
     </span>
     <span class='ocr_line' id='line_1_13' title="bbox 738 1485 2995 1574; baseline -0.001 -21"><span class='ocrx_word' id='word_1_88' title='bbox 738 1485 980 1553; x_wconf 87' lang='lat' dir='ltr'>M⁰CC0</span> <span class='ocrx_word' id='word_1_89' title='bbox 1014 1488 1494 1572; x_wconf 86' lang='lat' dir='ltr'><strong>septuagesimo</strong></span> <span class='ocrx_word' id='word_1_90' title='bbox 1546 1488 1751 1574; x_wconf 86' lang='lat' dir='ltr'><strong>primo</strong></span> <span class='ocrx_word' id='word_1_91' title='bbox 1787 1490 1988 1554; x_wconf 88' lang='lat' dir='ltr'><strong>tercia</strong></span> <span class='ocrx_word' id='word_1_92' title='bbox 2021 1488 2183 1554; x_wconf 86' lang='lat' dir='ltr'><strong>feria</strong></span> <span class='ocrx_word' id='word_1_93' title='bbox 2212 1489 2514 1573; x_wconf 90' lang='lat' dir='ltr'><strong>proxima</strong></span> <span class='ocrx_word' id='word_1_94' title='bbox 2546 1496 2702 1555; x_wconf 86' lang='lat' dir='ltr'><strong>ante</strong></span> <span class='ocrx_word' id='word_1_95' title='bbox 2751 1489 2995 1553; x_wconf 84' lang='lat' dir='ltr'><strong>festum</strong></span> 
     </span>
     <span class='ocr_line' id='line_1_14' title="bbox 743 1593 2994 1681; baseline -0.001 -22"><span class='ocrx_word' id='word_1_96' title='bbox 743 1594 967 1661; x_wconf 83' lang='lat' dir='ltr'><strong>Sancti</strong></span> <span class='ocrx_word' id='word_1_97' title='bbox 986 1596 1183 1678; x_wconf 88' lang='lat' dir='ltr'><strong>Regis</strong></span> <span class='ocrx_word' id='word_1_98' title='bbox 1204 1595 1272 1660; x_wconf 91' lang='lat' dir='ltr'><strong>in</strong></span> <span class='ocrx_word' id='word_1_99' title='bbox 1302 1595 1568 1681; x_wconf 84' lang='lat' dir='ltr'><strong>Lypche</strong></span> <span class='ocrx_word' id='word_1_100' title='bbox 1588 1601 1926 1663; x_wconf 83' lang='lat' dir='ltr'><strong>emanatas</strong></span> <span class='ocrx_word' id='word_1_101' title='bbox 1945 1597 2065 1662; x_wconf 85' lang='lat' dir='ltr'><strong>stb.</strong></span> <span class='ocrx_word' id='word_1_102' title='bbox 2091 1598 2360 1662; x_wconf 85' lang='lat' dir='ltr'><strong>Demmn</strong></span> <span class='ocrx_word' id='word_1_103' title='bbox 2383 1596 2674 1662; x_wconf 82' lang='lat' dir='ltr'><strong>exhibuit</strong></span> <span class='ocrx_word' id='word_1_104' title='bbox 2695 1595 2863 1661; x_wconf 89' lang='lat' dir='ltr'><strong>alias</strong></span> <span class='ocrx_word' id='word_1_105' title='bbox 2891 1593 2994 1658; x_wconf 89' lang='lat' dir='ltr'><strong>lit-</strong></span> 
     </span>
     <span class='ocr_line' id='line_1_15' title="bbox 744 1700 2996 1786; baseline 0 -19"><span class='ocrx_word' id='word_1_106' title='bbox 744 1709 915 1767; x_wconf 87' lang='lat' dir='ltr'><strong>teras</strong></span> <span class='ocrx_word' id='word_1_107' title='bbox 941 1707 1192 1768; x_wconf 88' lang='lat' dir='ltr'><strong>ateutes</strong></span> <span class='ocrx_word' id='word_1_108' title='bbox 1218 1700 1768 1769; x_wconf 87' lang='lat' dir='ltr'><strong>dominiLadizlai</strong></span> <span class='ocrx_word' id='word_1_109' title='bbox 1789 1701 2085 1769; x_wconf 89' lang='lat' dir='ltr'><strong>similiter</strong></span> <span class='ocrx_word' id='word_1_110' title='bbox 2103 1702 2423 1786; x_wconf 88' lang='lat' dir='ltr'><strong>quondam</strong></span> <span class='ocrx_word' id='word_1_111' title='bbox 2447 1703 2643 1785; x_wconf 90' lang='lat' dir='ltr'><strong>Regis</strong></span> <span class='ocrx_word' id='word_1_112' title='bbox 2660 1700 2996 1784; x_wconf 86' lang='lat' dir='ltr'><strong>Hungarie</strong></span> 
     </span>
     <span class='ocr_line' id='line_1_16' title="bbox 746 1805 2993 1893; baseline -0.002 -20"><span class='ocrx_word' id='word_1_113' title='bbox 746 1808 923 1873; x_wconf 87' lang='lat' dir='ltr'><strong>clare</strong></span> <span class='ocrx_word' id='word_1_114' title='bbox 955 1807 1281 1891; x_wconf 88' lang='lat' dir='ltr'><strong>memorie,</strong></span> <span class='ocrx_word' id='word_1_115' title='bbox 1311 1807 1380 1874; x_wconf 89' lang='lat' dir='ltr'><strong>in</strong></span> <span class='ocrx_word' id='word_1_116' title='bbox 1411 1828 1682 1890; x_wconf 89' lang='lat' dir='ltr'><strong>quarum</strong></span> <span class='ocrx_word' id='word_1_117' title='bbox 1716 1807 2049 1876; x_wconf 86' lang='lat' dir='ltr'><strong>tenoribus</strong></span> <span class='ocrx_word' id='word_1_118' title='bbox 2101 1809 2379 1876; x_wconf 85' lang='lat' dir='ltr'><strong>vidimus</strong></span> <span class='ocrx_word' id='word_1_119' title='bbox 2413 1810 2778 1893; x_wconf 88' lang='lat' dir='ltr'><strong>continere;</strong></span> <span class='ocrx_word' id='word_1_120' title='bbox 2819 1805 2993 1891; x_wconf 90' lang='lat' dir='ltr'><strong>quod</strong></span> 
     </span>
     <span class='ocr_line' id='line_1_17' title="bbox 744 1912 2990 1997; baseline -0.001 -19"><span class='ocrx_word' id='word_1_121' title='bbox 744 1934 885 1979; x_wconf 87' lang='lat' dir='ltr'><strong>cum</strong></span> <span class='ocrx_word' id='word_1_122' title='bbox 921 1913 1216 1979; x_wconf 89' lang='lat' dir='ltr'><strong>dominus</strong></span> <span class='ocrx_word' id='word_1_123' title='bbox 1246 1915 1387 1979; x_wconf 85' lang='lat' dir='ltr'><strong>Rex</strong></span> <span class='ocrx_word' id='word_1_124' title='bbox 1417 1915 1582 1981; x_wconf 88' lang='lat' dir='ltr'><strong>Bela</strong></span> <span class='ocrx_word' id='word_1_125' title='bbox 1630 1934 1793 1980; x_wconf 87' lang='lat' dir='ltr'><strong>auus</strong></span> <span class='ocrx_word' id='word_1_126' title='bbox 1858 1913 2064 1997; x_wconf 90' lang='lat' dir='ltr'><strong>ipsius</strong></span> <span class='ocrx_word' id='word_1_127' title='bbox 2125 1912 2374 1982; x_wconf 89' lang='lat' dir='ltr'><strong>domini</strong></span> <span class='ocrx_word' id='word_1_128' title='bbox 2436 1913 2722 1979; x_wconf 85' lang='lat' dir='ltr'><strong>Ladizlai</strong></span> <span class='ocrx_word' id='word_1_129' title='bbox 2786 1914 2990 1996; x_wconf 82' lang='lat' dir='ltr'><strong>Regis</strong></span> 
     </span>
     <span class='ocr_line' id='line_1_18' title="bbox 744 2019 2992 2104; baseline -0.002 -18"><span class='ocrx_word' id='word_1_130' title='bbox 744 2020 1077 2104; x_wconf 88' lang='lat' dir='ltr'><strong>quandam</strong></span> <span class='ocrx_word' id='word_1_131' title='bbox 1128 2028 1367 2087; x_wconf 89' lang='lat' dir='ltr'><strong>terram</strong></span> <span class='ocrx_word' id='word_1_132' title='bbox 1418 2022 1724 2087; x_wconf 88' lang='lat' dir='ltr'><strong>Beneuch</strong></span> <span class='ocrx_word' id='word_1_133' title='bbox 1778 2029 2071 2089; x_wconf 83' lang='lat' dir='ltr'><strong>vocatam</strong></span> <span class='ocrx_word' id='word_1_134' title='bbox 2121 2044 2162 2089; x_wconf 88' lang='lat' dir='ltr'><strong>a</strong></span> <span class='ocrx_word' id='word_1_135' title='bbox 2209 2022 2420 2087; x_wconf 86' lang='lat' dir='ltr'><strong>Merse</strong></span> <span class='ocrx_word' id='word_1_136' title='bbox 2471 2021 2601 2088; x_wconf 87' lang='lat' dir='ltr'><strong>filio</strong></span> <span class='ocrx_word' id='word_1_137' title='bbox 2654 2019 2992 2086; x_wconf 86' lang='lat' dir='ltr'><strong>Benedicti</strong></span> 
     </span>
     <span class='ocr_line' id='line_1_19' title="bbox 744 2126 2993 2213; baseline -0.002 -20"><span class='ocrx_word' id='word_1_138' title='bbox 744 2129 1102 2194; x_wconf 87' lang='lat' dir='ltr'><strong>auferendo</strong></span> <span class='ocrx_word' id='word_1_139' title='bbox 1133 2127 1444 2210; x_wconf 86' lang='lat' dir='ltr'><strong>Magistro</strong></span> <span class='ocrx_word' id='word_1_140' title='bbox 1476 2130 1669 2207; x_wconf 75' lang='lat' dir='ltr'><strong>BaaZ,</strong></span> <span class='ocrx_word' id='word_1_141' title='bbox 1702 2135 1770 2194; x_wconf 92' lang='lat' dir='ltr'><strong>ut</strong></span> <span class='ocrx_word' id='word_1_142' title='bbox 1800 2129 2133 2213; x_wconf 82' lang='lat' dir='ltr'><strong>dixissent,</strong></span> <span class='ocrx_word' id='word_1_143' title='bbox 2168 2128 2561 2209; x_wconf 88' lang='lat' dir='ltr'><strong>contulisset,</strong></span> <span class='ocrx_word' id='word_1_144' title='bbox 2599 2137 2663 2194; x_wconf 85' lang='lat' dir='ltr'><strong>et</strong></span> <span class='ocrx_word' id='word_1_145' title='bbox 2694 2126 2993 2193; x_wconf 87' lang='lat' dir='ltr'><strong>dominus</strong></span> 
     </span>
     <span class='ocr_line' id='line_1_20' title="bbox 746 2234 2987 2319; baseline -0.002 -19"><span class='ocrx_word' id='word_1_146' title='bbox 746 2238 883 2301; x_wconf 81' lang='lat' dir='ltr'><strong>Rex</strong></span> <span class='ocrx_word' id='word_1_147' title='bbox 918 2238 1010 2300; x_wconf 83' lang='lat' dir='ltr'><strong>St.</strong></span> <span class='ocrx_word' id='word_1_148' title='bbox 1046 2242 1233 2319; x_wconf 87' lang='lat' dir='ltr'><strong>pater</strong></span> <span class='ocrx_word' id='word_1_149' title='bbox 1266 2234 1556 2301; x_wconf 88' lang='lat' dir='ltr'><strong>eiusdem</strong></span> <span class='ocrx_word' id='word_1_150' title='bbox 1591 2236 1838 2300; x_wconf 89' lang='lat' dir='ltr'><strong>domini</strong></span> <span class='ocrx_word' id='word_1_151' title='bbox 1894 2235 2189 2302; x_wconf 85' lang='lat' dir='ltr'><strong>Ladizlai</strong></span> <span class='ocrx_word' id='word_1_152' title='bbox 2239 2236 2437 2318; x_wconf 86' lang='lat' dir='ltr'><strong>Regis</strong></span> <span class='ocrx_word' id='word_1_153' title='bbox 2490 2234 2699 2319; x_wconf 87' lang='lat' dir='ltr'><strong>ipsam</strong></span> <span class='ocrx_word' id='word_1_154' title='bbox 2751 2242 2987 2298; x_wconf 88' lang='lat' dir='ltr'><strong>terram</strong></span> 
     </span>
     <span class='ocr_line' id='line_1_21' title="bbox 745 2340 2993 2431; baseline -0.002 -22"><span class='ocrx_word' id='word_1_155' title='bbox 745 2343 948 2409; x_wconf 90' lang='lat' dir='ltr'><strong>eidem</strong></span> <span class='ocrx_word' id='word_1_156' title='bbox 987 2344 1193 2408; x_wconf 91' lang='lat' dir='ltr'><strong>Merse</strong></span> <span class='ocrx_word' id='word_1_157' title='bbox 1223 2342 1632 2431; x_wconf 88' lang='lat' dir='ltr'><strong>restituisset,</strong></span> <span class='ocrx_word' id='word_1_158' title='bbox 1666 2349 1855 2427; x_wconf 90' lang='lat' dir='ltr'><strong>prout</strong></span> <span class='ocrx_word' id='word_1_159' title='bbox 1908 2342 1977 2408; x_wconf 89' lang='lat' dir='ltr'><strong>in</strong></span> <span class='ocrx_word' id='word_1_160' title='bbox 2025 2341 2256 2408; x_wconf 88' lang='lat' dir='ltr'><strong>litteris</strong></span> <span class='ocrx_word' id='word_1_161' title='bbox 2289 2341 2579 2408; x_wconf 88' lang='lat' dir='ltr'><strong>eiusdem</strong></span> <span class='ocrx_word' id='word_1_162' title='bbox 2633 2340 2838 2425; x_wconf 84' lang='lat' dir='ltr'><strong>patris</strong></span> <span class='ocrx_word' id='word_1_163' title='bbox 2889 2340 2993 2405; x_wconf 91' lang='lat' dir='ltr'><strong>sui</strong></span> 
     </span>
     <span class='ocr_line' id='line_1_22' title="bbox 745 2448 2988 2539; baseline -0.003 -22"><span class='ocrx_word' id='word_1_164' title='bbox 745 2450 1065 2517; x_wconf 87' lang='lat' dir='ltr'><strong>dixissent</strong></span> <span class='ocrx_word' id='word_1_165' title='bbox 1096 2449 1448 2539; x_wconf 78' lang='lat' dir='ltr'><strong>contineri3</strong></span> <span class='ocrx_word' id='word_1_166' title='bbox 1481 2449 1727 2517; x_wconf 84' lang='lat' dir='ltr'><strong>factum</strong></span> <span class='ocrx_word' id='word_1_167' title='bbox 1777 2450 1983 2534; x_wconf 90' lang='lat' dir='ltr'><strong>ipsius</strong></span> <span class='ocrx_word' id='word_1_168' title='bbox 2033 2450 2241 2534; x_wconf 88' lang='lat' dir='ltr'><strong>patris</strong></span> <span class='ocrx_word' id='word_1_169' title='bbox 2294 2450 2393 2515; x_wconf 89' lang='lat' dir='ltr'><strong>sui</strong></span> <span class='ocrx_word' id='word_1_170' title='bbox 2451 2457 2660 2516; x_wconf 88' lang='lat' dir='ltr'><strong>ratum</strong></span> <span class='ocrx_word' id='word_1_171' title='bbox 2714 2448 2988 2527; x_wconf 86' lang='lat' dir='ltr'><strong>habens,</strong></span> 
     </span>
     <span class='ocr_line' id='line_1_23' title="bbox 746 2552 2991 2642; baseline -0.003 -19"><span class='ocrx_word' id='word_1_172' title='bbox 746 2560 954 2642; x_wconf 90' lang='lat' dir='ltr'><strong>ipsam</strong></span> <span class='ocrx_word' id='word_1_173' title='bbox 988 2563 1224 2622; x_wconf 85' lang='lat' dir='ltr'><strong>terram</strong></span> <span class='ocrx_word' id='word_1_174' title='bbox 1280 2555 1490 2624; x_wconf 91' lang='lat' dir='ltr'><strong>eidem</strong></span> <span class='ocrx_word' id='word_1_175' title='bbox 1539 2557 1751 2623; x_wconf 91' lang='lat' dir='ltr'><strong>Merse</strong></span> <span class='ocrx_word' id='word_1_176' title='bbox 1803 2556 2178 2640; x_wconf 88' lang='lat' dir='ltr'><strong>reliquisset</strong></span> <span class='ocrx_word' id='word_1_177' title='bbox 2231 2557 2373 2621; x_wconf 90' lang='lat' dir='ltr'><strong>sine</strong></span> <span class='ocrx_word' id='word_1_178' title='bbox 2423 2556 2582 2622; x_wconf 88' lang='lat' dir='ltr'><strong>iuris</strong></span> <span class='ocrx_word' id='word_1_179' title='bbox 2633 2552 2991 2641; x_wconf 87' lang='lat' dir='ltr'><strong>preiudicio</strong></span> 
     </span>
     <span class='ocr_line' id='line_1_24' title="bbox 747 2660 2990 2749; baseline -0.003 -19"><span class='ocrx_word' id='word_1_180' title='bbox 747 2665 1060 2748; x_wconf 89' lang='lat' dir='ltr'><strong>aliorum;</strong></span> <span class='ocrx_word' id='word_1_181' title='bbox 1094 2664 1150 2731; x_wconf 91' lang='lat' dir='ltr'><strong>si</strong></span> <span class='ocrx_word' id='word_1_182' title='bbox 1185 2665 1452 2733; x_wconf 90' lang='lat' dir='ltr'><strong>haberet</strong></span> <span class='ocrx_word' id='word_1_183' title='bbox 1483 2666 1735 2732; x_wconf 87' lang='lat' dir='ltr'><strong>litteras</strong></span> <span class='ocrx_word' id='word_1_184' title='bbox 1770 2665 2106 2730; x_wconf 89' lang='lat' dir='ltr'><strong>euidentes</strong></span> <span class='ocrx_word' id='word_1_185' title='bbox 2138 2663 2342 2749; x_wconf 86' lang='lat' dir='ltr'><strong>ipsius</strong></span> <span class='ocrx_word' id='word_1_186' title='bbox 2375 2664 2620 2728; x_wconf 89' lang='lat' dir='ltr'><strong>domini</strong></span> <span class='ocrx_word' id='word_1_187' title='bbox 2654 2661 2857 2748; x_wconf 88' lang='lat' dir='ltr'><strong>patris</strong></span> <span class='ocrx_word' id='word_1_188' title='bbox 2887 2660 2990 2727; x_wconf 87' lang='lat' dir='ltr'><strong>sui</strong></span> 
     </span>
     <span class='ocr_line' id='line_1_25' title="bbox 747 2769 2991 2857; baseline -0.003 -17"><span class='ocrx_word' id='word_1_189' title='bbox 747 2791 942 2857; x_wconf 87' lang='lat' dir='ltr'><strong>super</strong></span> <span class='ocrx_word' id='word_1_190' title='bbox 972 2778 1146 2837; x_wconf 89' lang='lat' dir='ltr'><strong>terra</strong></span> <span class='ocrx_word' id='word_1_191' title='bbox 1180 2779 1539 2839; x_wconf 89' lang='lat' dir='ltr'><strong>memorata</strong></span> <span class='ocrx_word' id='word_1_192' title='bbox 1588 2771 1714 2838; x_wconf 92' lang='lat' dir='ltr'><strong>stb.</strong></span> <span class='ocrx_word' id='word_1_193' title='bbox 1779 2773 2021 2837; x_wconf 89' lang='lat' dir='ltr'><strong>Datum</strong></span> <span class='ocrx_word' id='word_1_194' title='bbox 2072 2773 2140 2836; x_wconf 91' lang='lat' dir='ltr'><strong>in</strong></span> <span class='ocrx_word' id='word_1_195' title='bbox 2202 2770 2629 2856; x_wconf 85' lang='lat' dir='ltr'><strong>Thapolchan</strong></span> <span class='ocrx_word' id='word_1_196' title='bbox 2690 2769 2991 2854; x_wconf 89' lang='lat' dir='ltr'><strong>predicta</strong></span> 
     </span>
    </p>
   </div>
   <div class='ocr_carea' id='block_1_4' title="bbox 748 2878 2992 3055">
    <p class='ocr_par' dir='ltr' id='par_1_4' title="bbox 748 2878 2992 3055">
     <span class='ocr_line' id='line_1_26' title="bbox 749 2878 2992 2963; baseline -0 -20"><span class='ocrx_word' id='word_1_197' title='bbox 749 2885 982 2961; x_wconf 89' lang='lat' dir='ltr'><strong>quarta</strong></span> <span class='ocrx_word' id='word_1_198' title='bbox 1034 2878 1140 2944; x_wconf 91' lang='lat' dir='ltr'><strong>die</strong></span> <span class='ocrx_word' id='word_1_199' title='bbox 1203 2878 1738 2963; x_wconf 84' lang='lat' dir='ltr'><strong>congregacionis</strong></span> <span class='ocrx_word' id='word_1_200' title='bbox 1801 2884 2019 2947; x_wconf 89' lang='lat' dir='ltr'><strong>nostre</strong></span> <span class='ocrx_word' id='word_1_201' title='bbox 2069 2886 2423 2946; x_wconf 85' lang='lat' dir='ltr'><strong>memorate</strong></span> <span class='ocrx_word' id='word_1_202' title='bbox 2492 2898 2662 2944; x_wconf 89' lang='lat' dir='ltr'><strong>anno</strong></span> <span class='ocrx_word' id='word_1_203' title='bbox 2714 2878 2992 2943; x_wconf 90' lang='lat' dir='ltr'><strong>Domino</strong></span> 
     </span>
     <span class='ocr_line' id='line_1_27' title="bbox 748 2985 2000 3055; baseline 0.001 -2"><span class='ocrx_word' id='word_1_204' title='bbox 748 2985 1186 3055; x_wconf 84' lang='lat' dir='ltr'>M⁰CCC⁰XL⁰</span> <span class='ocrx_word' id='word_1_205' title='bbox 1231 2986 1535 3054; x_wconf 89' lang='lat' dir='ltr'><strong>seeundo.</strong></span> <span class='ocrx_word' id='word_1_206' title='bbox 1997 2997 2000 2998; x_wconf 41' lang='lat'><em>*</em></span> 
     </span>
    </p>
   </div>
   <div class='ocr_carea' id='block_1_5' title="bbox 749 3180 2995 3519">
    <p class='ocr_par' dir='ltr' id='par_1_5' title="bbox 751 3180 2993 3252">
     <span class='ocr_line' id='line_1_28' title="bbox 751 3180 2993 3252; baseline -0.003 -17"><span class='ocrx_word' id='word_1_207' title='bbox 751 3183 817 3248; x_wconf 85' lang='lat' dir='ltr'><strong>(A</strong></span> <span class='ocrx_word' id='word_1_208' title='bbox 848 3186 1054 3248; x_wconf 85' lang='lat' dir='ltr'><strong>szepesi</strong></span> <span class='ocrx_word' id='word_1_209' title='bbox 1082 3180 1461 3250; x_wconf 68' lang='lat' dir='ltr'><strong>kaptalannak</strong></span> <span class='ocrx_word' id='word_1_210' title='bbox 1492 3186 1645 3235; x_wconf 83' lang='lat'><strong>1346.</strong></span> <span class='ocrx_word' id='word_1_211' title='bbox 1672 3187 1762 3252; x_wconf 84' lang='lat' dir='ltr'><strong>„in</strong></span> <span class='ocrx_word' id='word_1_212' title='bbox 1790 3186 2020 3236; x_wconf 82' lang='lat' dir='ltr'><strong>erastino</strong></span> <span class='ocrx_word' id='word_1_213' title='bbox 2048 3181 2172 3234; x_wconf 85' lang='lat' dir='ltr'><strong>festi</strong></span> <span class='ocrx_word' id='word_1_214' title='bbox 2200 3181 2388 3233; x_wconf 82' lang='lat' dir='ltr'><strong>Sancti</strong></span> <span class='ocrx_word' id='word_1_215' title='bbox 2416 3180 2696 3247; x_wconf 83' lang='lat' dir='ltr'><strong>Stanyzlai</strong></span> <span class='ocrx_word' id='word_1_216' title='bbox 2723 3181 2993 3230; x_wconf 76' lang='lat' dir='ltr'><strong>martiris⁸</strong></span> 
     </span>
    </p>

    <p class='ocr_par' dir='ltr' id='par_1_6' title="bbox 751 3266 2995 3338">
     <span class='ocr_line' id='line_1_29' title="bbox 751 3266 2995 3338; baseline -0.002 -15"><span class='ocrx_word' id='word_1_217' title='bbox 751 3272 865 3324; x_wconf 82' lang='lat' dir='ltr'><strong>kelt</strong></span> <span class='ocrx_word' id='word_1_218' title='bbox 888 3275 1175 3338; x_wconf 81' lang='lat' dir='ltr'><strong>„Magister</strong></span> <span class='ocrx_word' id='word_1_219' title='bbox 1196 3275 1369 3323; x_wconf 85' lang='lat' dir='ltr'><strong>Merse</strong></span> <span class='ocrx_word' id='word_1_220' title='bbox 1388 3274 1533 3324; x_wconf 85' lang='lat' dir='ltr'><strong>filius</strong></span> <span class='ocrx_word' id='word_1_221' title='bbox 1556 3275 1838 3325; x_wconf 88' lang='lat' dir='ltr'><strong>Benedicti</strong></span> <span class='ocrx_word' id='word_1_222' title='bbox 1866 3272 1961 3337; x_wconf 85' lang='lat' dir='ltr'><strong>filij</strong></span> <span class='ocrx_word' id='word_1_223' title='bbox 1986 3275 2158 3323; x_wconf 83' lang='lat' dir='ltr'><strong>Merse</strong></span> <span class='ocrx_word' id='word_1_224' title='bbox 2176 3273 2243 3323; x_wconf 89' lang='lat' dir='ltr'><strong>de</strong></span> <span class='ocrx_word' id='word_1_225' title='bbox 2264 3267 2490 3337; x_wconf 83' lang='lat' dir='ltr'><strong>Swyne“</strong></span> <span class='ocrx_word' id='word_1_226' title='bbox 2515 3266 2762 3322; x_wconf 55' lang='lat' dir='ltr'><strong>namara</strong></span> <span class='ocrx_word' id='word_1_227' title='bbox 2782 3270 2995 3320; x_wconf 76' lang='lat' dir='ltr'><strong>kiadott</strong></span> 
     </span>
    </p>

    <p class='ocr_par' dir='ltr' id='par_1_7' title="bbox 749 3359 2984 3519">
     <span class='ocr_line' id='line_1_30' title="bbox 749 3359 2984 3428; baseline -0.002 -15"><span class='ocrx_word' id='word_1_228' title='bbox 749 3360 1041 3415; x_wconf 64' lang='lat' dir='ltr'><strong>atiratabol</strong></span> <span class='ocrx_word' id='word_1_229' title='bbox 1067 3383 1080 3428; x_wconf 72' lang='grc' dir='ltr'><strong><em>ς</em></strong></span> <span class='ocrx_word' id='word_1_230' title='bbox 1107 3380 1141 3415; x_wconf 75' lang='lat' dir='ltr'><strong>a</strong></span> <span class='ocrx_word' id='word_1_231' title='bbox 1168 3365 1331 3414; x_wconf 85' lang='lat' dir='ltr'><strong>budai</strong></span> <span class='ocrx_word' id='word_1_232' title='bbox 1354 3364 1459 3414; x_wconf 86' lang='lat' dir='ltr'><strong>kir.</strong></span> <span class='ocrx_word' id='word_1_233' title='bbox 1487 3365 1735 3418; x_wconf 77' lang='lat' dir='ltr'><strong>kamarai</strong></span> <span class='ocrx_word' id='word_1_234' title='bbox 1759 3362 2116 3416; x_wconf 68' lang='lat' dir='ltr'><strong>leveltitrban.</strong></span> <span class='ocrx_word' id='word_1_235' title='bbox 2143 3364 2208 3415; x_wconf 88' lang='lat' dir='ltr'><strong>V.</strong></span> <span class='ocrx_word' id='word_1_236' title='bbox 2237 3369 2285 3412; x_wconf 83' lang='grc' dir='ltr'><strong>ὃ.</strong></span> <span class='ocrx_word' id='word_1_237' title='bbox 2311 3359 2783 3428; x_wconf 73' lang='lat' dir='ltr'><strong>gyiijtemenyfink</strong></span> <span class='ocrx_word' id='word_1_238' title='bbox 2828 3361 2984 3411; x_wconf 79' lang='lat' dir='ltr'><strong>Vnt.</strong></span> 
     </span>
     <span class='ocr_line' id='line_1_31' title="bbox 1206 3450 2539 3519; baseline -0.001 -16"><span class='ocrx_word' id='word_1_239' title='bbox 1206 3456 1398 3519; x_wconf 79' lang='lat' dir='ltr'><strong>vagyis</strong></span> <span class='ocrx_word' id='word_1_240' title='bbox 1427 3469 1459 3504; x_wconf 84' lang='lat' dir='ltr'><strong>a</strong></span> <span class='ocrx_word' id='word_1_241' title='bbox 1484 3450 1734 3505; x_wconf 63' lang='lat' dir='ltr'><strong>mfisodik</strong></span> <span class='ocrx_word' id='word_1_242' title='bbox 1761 3455 1961 3518; x_wconf 83' lang='lat' dir='ltr'><strong>folyam</strong></span> <span class='ocrx_word' id='word_1_243' title='bbox 1987 3455 2087 3505; x_wconf 90' lang='lat'>111.</span> <span class='ocrx_word' id='word_1_244' title='bbox 2117 3450 2328 3504; x_wconf 67' lang='lat' dir='ltr'><strong>kotetet</strong></span> <span class='ocrx_word' id='word_1_245' title='bbox 2352 3455 2472 3502; x_wconf 67' lang='lat'><strong>344.</strong></span> <span class='ocrx_word' id='word_1_246' title='bbox 2503 3453 2539 3502; x_wconf 91' lang='grc'><strong>1.</strong></span> 
     </span>
    </p>
   </div>
  </div>
 </body>
</html>
