<?xml version="1.0" encoding="UTF-8"?>
<!DOCTYPE html PUBLIC "-//W3C//DTD XHTML 1.0 Transitional//EN"
    "http://www.w3.org/TR/xhtml1/DTD/xhtml1-transitional.dtd">
<html xmlns="http://www.w3.org/1999/xhtml" xml:lang="en" lang="en">
 <head>
  <title>
</title>
<meta http-equiv="Content-Type" content="text/html;charset=utf-8" />
  <meta name='ocr-system' content='tesseract 3.04.00' />
  <meta name='ocr-capabilities' content='ocr_page ocr_carea ocr_par ocr_line ocrx_word'/>
</head>
<body>
  <div class='ocr_page' id='page_1' title='image "./rpdkorijokmnytr00wenzgoog_0268.png"; bbox 0 0 3319 5249; ppageno 0'>
   <div class='ocr_carea' id='block_1_1' title="bbox 1751 417 1882 483">
    <p class='ocr_par' dir='ltr' id='par_1_1' title="bbox 1751 417 1882 483">
     <span class='ocr_line' id='line_1_1' title="bbox 1751 417 1882 483; baseline -0.023 0"><span class='ocrx_word' id='word_1_1' title='bbox 1751 417 1882 483; x_wconf 77' lang='lat'>214</span> 
     </span>
    </p>
   </div>
   <div class='ocr_carea' id='block_1_2' title="bbox 1647 507 1968 521">
    <p class='ocr_par' dir='ltr' id='par_1_2' title="bbox 1647 507 1968 521">
     <span class='ocr_line' id='line_1_2' title="bbox 1647 507 1968 521; baseline 0 4728"><span class='ocrx_word' id='word_1_2' title='bbox 1647 507 1968 521; x_wconf 95' lang='lat' dir='ltr'> </span> 
     </span>
    </p>
   </div>
   <div class='ocr_carea' id='block_1_3' title="bbox 682 613 3018 2001">
    <p class='ocr_par' dir='ltr' id='par_1_3' title="bbox 682 613 3018 2001">
     <span class='ocr_line' id='line_1_3' title="bbox 682 613 2938 703; baseline 0.001 -17"><span class='ocrx_word' id='word_1_3' title='bbox 682 618 1003 686; x_wconf 75' lang='lat' dir='ltr'><strong>cientibus</strong></span> <span class='ocrx_word' id='word_1_4' title='bbox 1036 615 1493 683; x_wconf 90' lang='lat' dir='ltr'>commetaneis</span> <span class='ocrx_word' id='word_1_5' title='bbox 1544 622 1608 682; x_wconf 89' lang='lat' dir='ltr'>et</span> <span class='ocrx_word' id='word_1_6' title='bbox 1640 614 1896 701; x_wconf 87' lang='lat' dir='ltr'>vicinis,</span> <span class='ocrx_word' id='word_1_7' title='bbox 1949 636 2065 703; x_wconf 89' lang='lat' dir='ltr'>pro</span> <span class='ocrx_word' id='word_1_8' title='bbox 2122 613 2347 684; x_wconf 87' lang='lat' dir='ltr'>decem</span> <span class='ocrx_word' id='word_1_9' title='bbox 2400 616 2638 685; x_wconf 90' lang='lat' dir='ltr'>marcis</span> <span class='ocrx_word' id='word_1_10' title='bbox 2669 619 2739 684; x_wconf 90' lang='lat' dir='ltr'>in</span> <span class='ocrx_word' id='word_1_11' title='bbox 2773 619 2938 688; x_wconf 83' lang='lat' dir='ltr'>filios</span> 
     </span>
     <span class='ocr_line' id='line_1_4' title="bbox 682 726 2940 813; baseline 0.001 -20"><span class='ocrx_word' id='word_1_12' title='bbox 682 726 1096 808; x_wconf 88' lang='lat' dir='ltr'>filiorumque</span> <span class='ocrx_word' id='word_1_13' title='bbox 1146 743 1548 792; x_wconf 89' lang='lat' dir='ltr'>successores</span> <span class='ocrx_word' id='word_1_14' title='bbox 1598 730 1912 811; x_wconf 85' lang='lat' dir='ltr'>perpetuo</span> <span class='ocrx_word' id='word_1_15' title='bbox 1946 730 2009 791; x_wconf 87' lang='lat' dir='ltr'>et</span> <span class='ocrx_word' id='word_1_16' title='bbox 2041 726 2568 794; x_wconf 89' lang='lat' dir='ltr'>inreuocabiliter</span> <span class='ocrx_word' id='word_1_17' title='bbox 2607 727 2940 813; x_wconf 89' lang='lat' dir='ltr'>possiden-</span> 
     </span>
     <span class='ocr_line' id='line_1_5' title="bbox 689 829 2939 919; baseline 0.001 -20"><span class='ocrx_word' id='word_1_18' title='bbox 689 833 879 916; x_wconf 91' lang='lat' dir='ltr'>dam;</span> <span class='ocrx_word' id='word_1_19' title='bbox 948 853 1111 918; x_wconf 89' lang='lat' dir='ltr'>quas</span> <span class='ocrx_word' id='word_1_20' title='bbox 1162 830 1424 915; x_wconf 88' lang='lat' dir='ltr'>quidem</span> <span class='ocrx_word' id='word_1_21' title='bbox 1488 831 1711 897; x_wconf 89' lang='lat' dir='ltr'>decem</span> <span class='ocrx_word' id='word_1_22' title='bbox 1772 829 2277 917; x_wconf 71' lang='lat' dir='ltr'>marcas&#39;ijdem</span> <span class='ocrx_word' id='word_1_23' title='bbox 2327 853 2445 919; x_wconf 88' lang='lat' dir='ltr'>per</span> <span class='ocrx_word' id='word_1_24' title='bbox 2495 854 2615 900; x_wconf 91' lang='lat' dir='ltr'>nos</span> <span class='ocrx_word' id='word_1_25' title='bbox 2648 836 2939 918; x_wconf 80' lang='lat' dir='ltr'>requisiti</span> 
     </span>
     <span class='ocr_line' id='line_1_6' title="bbox 686 938 2942 1028; baseline 0.001 -22"><span class='ocrx_word' id='word_1_26' title='bbox 686 943 944 1028; x_wconf 83' lang='lat' dir='ltr'>plenius</span> <span class='ocrx_word' id='word_1_27' title='bbox 982 938 1262 1007; x_wconf 78' lang='lat' dir='ltr'>confessi</span> <span class='ocrx_word' id='word_1_28' title='bbox 1296 944 1449 1006; x_wconf 92' lang='lat' dir='ltr'>sunt</span> <span class='ocrx_word' id='word_1_29' title='bbox 1480 940 1808 1026; x_wconf 80' lang='lat' dir='ltr'>recepisse</span> <span class='ocrx_word' id='word_1_30' title='bbox 1846 940 1931 1005; x_wconf 86' lang='lat' dir='ltr'>ab</span> <span class='ocrx_word' id='word_1_31' title='bbox 1966 940 2213 1006; x_wconf 89' lang='lat' dir='ltr'>eodem.</span> <span class='ocrx_word' id='word_1_32' title='bbox 2265 939 2405 1007; x_wconf 93' lang='lat' dir='ltr'>Hoc</span> <span class='ocrx_word' id='word_1_33' title='bbox 2444 940 2720 1027; x_wconf 86' lang='lat' dir='ltr'>adiecto,</span> <span class='ocrx_word' id='word_1_34' title='bbox 2770 941 2942 1026; x_wconf 87' lang='lat' dir='ltr'>quod</span> 
     </span>
     <span class='ocr_line' id='line_1_7' title="bbox 687 1048 2943 1133; baseline 0 -18"><span class='ocrx_word' id='word_1_35' title='bbox 687 1050 1056 1133; x_wconf 89' lang='lat' dir='ltr'>quicunque</span> <span class='ocrx_word' id='word_1_36' title='bbox 1113 1053 1541 1130; x_wconf 88' lang='lat' dir='ltr'>cognatorum</span> <span class='ocrx_word' id='word_1_37' title='bbox 1593 1067 1710 1114; x_wconf 87' lang='lat' dir='ltr'>seu</span> <span class='ocrx_word' id='word_1_38' title='bbox 1759 1048 2200 1133; x_wconf 86' lang='lat' dir='ltr'>proximorum</span> <span class='ocrx_word' id='word_1_39' title='bbox 2274 1048 2591 1116; x_wconf 87' lang='lat' dir='ltr'>dictorum</span> <span class='ocrx_word' id='word_1_40' title='bbox 2640 1048 2833 1116; x_wconf 84' lang='lat' dir='ltr'>Pauli</span> <span class='ocrx_word' id='word_1_41' title='bbox 2880 1056 2943 1116; x_wconf 89' lang='lat' dir='ltr'>et</span> 
     </span>
     <span class='ocr_line' id='line_1_8' title="bbox 688 1153 2936 1243; baseline 0 -21"><span class='ocrx_word' id='word_1_42' title='bbox 688 1154 947 1222; x_wconf 88' lang='lat' dir='ltr'>Nicolai</span> <span class='ocrx_word' id='word_1_43' title='bbox 967 1206 987 1243; x_wconf 81' lang='lat'><em>‚</em></span> <span class='ocrx_word' id='word_1_44' title='bbox 1035 1174 1150 1222; x_wconf 90' lang='lat' dir='ltr'>seu</span> <span class='ocrx_word' id='word_1_45' title='bbox 1201 1154 1461 1221; x_wconf 83' lang='lat' dir='ltr'>domina</span> <span class='ocrx_word' id='word_1_46' title='bbox 1512 1160 1719 1220; x_wconf 88' lang='lat' dir='ltr'>mater</span> <span class='ocrx_word' id='word_1_47' title='bbox 1768 1153 2151 1241; x_wconf 88' lang='lat' dir='ltr'>eorundem,</span> <span class='ocrx_word' id='word_1_48' title='bbox 2199 1155 2561 1242; x_wconf 91' lang='lat' dir='ltr'>predictum</span> <span class='ocrx_word' id='word_1_49' title='bbox 2623 1157 2936 1223; x_wconf 83' lang='lat' dir='ltr'>Comitem</span> 
     </span>
     <span class='ocr_line' id='line_1_9' title="bbox 694 1261 2941 1349; baseline 0.001 -21"><span class='ocrx_word' id='word_1_50' title='bbox 694 1263 1133 1331; x_wconf 81' lang='lat' dir='ltr'>Alexandrum</span> <span class='ocrx_word' id='word_1_51' title='bbox 1169 1263 1431 1331; x_wconf 84' lang='lat' dir='ltr'>racione</span> <span class='ocrx_word' id='word_1_52' title='bbox 1483 1261 1652 1330; x_wconf 90' lang='lat' dir='ltr'>dicte</span> <span class='ocrx_word' id='word_1_53' title='bbox 1704 1271 1872 1330; x_wconf 87' lang='lat' dir='ltr'>terre</span> <span class='ocrx_word' id='word_1_54' title='bbox 1924 1263 2055 1330; x_wconf 87' lang='lat' dir='ltr'>vllo</span> <span class='ocrx_word' id='word_1_55' title='bbox 2106 1284 2387 1349; x_wconf 88' lang='lat' dir='ltr'>unquam</span> <span class='ocrx_word' id='word_1_56' title='bbox 2439 1270 2727 1349; x_wconf 88' lang='lat' dir='ltr'>tempore</span> <span class='ocrx_word' id='word_1_57' title='bbox 2751 1266 2941 1331; x_wconf 92' lang='lat' dir='ltr'>mole·</span> 
     </span>
     <span class='ocr_line' id='line_1_10' title="bbox 690 1368 2940 1458; baseline 0 -21"><span class='ocrx_word' id='word_1_58' title='bbox 690 1377 976 1455; x_wconf 84' lang='lat' dir='ltr'>starent,</span> <span class='ocrx_word' id='word_1_59' title='bbox 1022 1371 1127 1439; x_wconf 88' lang='lat' dir='ltr'>vel</span> <span class='ocrx_word' id='word_1_60' title='bbox 1178 1368 1417 1437; x_wconf 87' lang='lat' dir='ltr'>dictam</span> <span class='ocrx_word' id='word_1_61' title='bbox 1470 1375 1712 1437; x_wconf 86' lang='lat' dir='ltr'>terram</span> <span class='ocrx_word' id='word_1_62' title='bbox 1758 1370 2133 1458; x_wconf 87' lang='lat' dir='ltr'>impeteret,</span> <span class='ocrx_word' id='word_1_63' title='bbox 2183 1371 2341 1438; x_wconf 89' lang='lat' dir='ltr'>dicti</span> <span class='ocrx_word' id='word_1_64' title='bbox 2379 1372 2623 1439; x_wconf 91' lang='lat' dir='ltr'>Paulus</span> <span class='ocrx_word' id='word_1_65' title='bbox 2655 1378 2721 1439; x_wconf 89' lang='lat' dir='ltr'>et</span> <span class='ocrx_word' id='word_1_66' title='bbox 2749 1372 2940 1438; x_wconf 89' lang='lat' dir='ltr'>Nico·</span> 
     </span>
     <span class='ocr_line' id='line_1_11' title="bbox 692 1478 2942 1562; baseline 0.002 -18"><span class='ocrx_word' id='word_1_67' title='bbox 692 1479 834 1546; x_wconf 89' lang='lat' dir='ltr'>laus</span> <span class='ocrx_word' id='word_1_68' title='bbox 867 1485 1090 1545; x_wconf 87' lang='lat' dir='ltr'>contra</span> <span class='ocrx_word' id='word_1_69' title='bbox 1140 1480 1497 1562; x_wconf 90' lang='lat' dir='ltr'>quemlibet</span> <span class='ocrx_word' id='word_1_70' title='bbox 1546 1478 1790 1545; x_wconf 83' lang='lat' dir='ltr'>dictum</span> <span class='ocrx_word' id='word_1_71' title='bbox 1845 1480 2158 1547; x_wconf 87' lang='lat' dir='ltr'>Comitem</span> <span class='ocrx_word' id='word_1_72' title='bbox 2215 1482 2655 1550; x_wconf 84' lang='lat' dir='ltr'>Alexandrum</span> <span class='ocrx_word' id='word_1_73' title='bbox 2695 1488 2760 1546; x_wconf 90' lang='lat' dir='ltr'>et</span> <span class='ocrx_word' id='word_1_74' title='bbox 2792 1499 2942 1548; x_wconf 92' lang='lat' dir='ltr'>suos</span> 
     </span>
     <span class='ocr_line' id='line_1_12' title="bbox 692 1587 2942 1676; baseline 0.002 -23"><span class='ocrx_word' id='word_1_75' title='bbox 692 1587 965 1653; x_wconf 86' lang='lat' dir='ltr'>heredes</span> <span class='ocrx_word' id='word_1_76' title='bbox 1012 1590 1399 1655; x_wconf 86' lang='lat' dir='ltr'>tenebuntur</span> <span class='ocrx_word' id='word_1_77' title='bbox 1447 1587 1761 1673; x_wconf 88' lang='lat' dir='ltr'>expedire</span> <span class='ocrx_word' id='word_1_78' title='bbox 1807 1590 2096 1676; x_wconf 79' lang='lat' dir='ltr'>propriJs</span> <span class='ocrx_word' id='word_1_79' title='bbox 2145 1590 2473 1659; x_wconf 79' lang='lat' dir='ltr'>laboribus</span> <span class='ocrx_word' id='word_1_80' title='bbox 2525 1597 2589 1659; x_wconf 89' lang='lat' dir='ltr'>et</span> <span class='ocrx_word' id='word_1_81' title='bbox 2626 1589 2942 1676; x_wconf 84' lang='lat' dir='ltr'>expensis.</span> 
     </span>
     <span class='ocr_line' id='line_1_13' title="bbox 693 1696 3018 1785; baseline 0.003 -23"><span class='ocrx_word' id='word_1_82' title='bbox 693 1697 769 1762; x_wconf 90' lang='lat' dir='ltr'>In</span> <span class='ocrx_word' id='word_1_83' title='bbox 800 1740 803 1743; x_wconf 94' lang='lat'>-</span> <span class='ocrx_word' id='word_1_84' title='bbox 833 1697 1017 1763; x_wconf 92' lang='lat' dir='ltr'>cuius</span> <span class='ocrx_word' id='word_1_85' title='bbox 1082 1699 1172 1763; x_wconf 91' lang='lat' dir='ltr'>rei</span> <span class='ocrx_word' id='word_1_86' title='bbox 1234 1696 1667 1764; x_wconf 88' lang='lat' dir='ltr'>testimonium</span> <span class='ocrx_word' id='word_1_87' title='bbox 1732 1705 1796 1763; x_wconf 94' lang='lat' dir='ltr'>et</span> <span class='ocrx_word' id='word_1_88' title='bbox 1842 1705 2223 1785; x_wconf 87' lang='lat' dir='ltr'>perpetuam</span> <span class='ocrx_word' id='word_1_89' title='bbox 2274 1700 2641 1769; x_wconf 87' lang='lat' dir='ltr'>firmitatem</span> <span class='ocrx_word' id='word_1_90' title='bbox 2691 1703 2942 1770; x_wconf 80' lang='lat' dir='ltr'>litteras</span> <span class='ocrx_word' id='word_1_91' title='bbox 3009 1722 3018 1727; x_wconf 86' lang='lat'><em>·</em></span> 
     </span>
     <span class='ocr_line' id='line_1_14' title="bbox 697 1804 2943 1891; baseline 0.004 -22"><span class='ocrx_word' id='word_1_92' title='bbox 697 1811 952 1871; x_wconf 88' lang='lat' dir='ltr'>nostras</span> <span class='ocrx_word' id='word_1_93' title='bbox 982 1804 1416 1873; x_wconf 87' lang='lat' dir='ltr'>concessimus</span> <span class='ocrx_word' id='word_1_94' title='bbox 1456 1807 1684 1874; x_wconf 89' lang='lat' dir='ltr'>robore</span> <span class='ocrx_word' id='word_1_95' title='bbox 1721 1805 1927 1874; x_wconf 85' lang='lat' dir='ltr'>nostri</span> <span class='ocrx_word' id='word_1_96' title='bbox 1970 1807 2173 1891; x_wconf 84' lang='lat' dir='ltr'>sigilli</span> <span class='ocrx_word' id='word_1_97' title='bbox 2205 1810 2639 1877; x_wconf 85' lang='lat' dir='ltr'>confirmatas.</span> <span class='ocrx_word' id='word_1_98' title='bbox 2702 1812 2943 1877; x_wconf 87' lang='lat' dir='ltr'>Datum</span> 
     </span>
     <span class='ocr_line' id='line_1_15' title="bbox 697 1911 2945 2001; baseline 0.003 -23"><span class='ocrx_word' id='word_1_99' title='bbox 697 1933 869 1980; x_wconf 87' lang='lat' dir='ltr'>anno</span> <span class='ocrx_word' id='word_1_100' title='bbox 936 1911 1198 1979; x_wconf 92' lang='lat' dir='ltr'>Domini</span> <span class='ocrx_word' id='word_1_101' title='bbox 1261 1914 1605 1982; x_wconf 90' lang='lat' dir='ltr'>millesimo</span> <span class='ocrx_word' id='word_1_102' title='bbox 1672 1914 2113 1985; x_wconf 88' lang='lat' dir='ltr'>ducentesimo</span> <span class='ocrx_word' id='word_1_103' title='bbox 2148 1918 2627 2001; x_wconf 83' lang='lat' dir='ltr'>septuagesimo</span> <span class='ocrx_word' id='word_1_104' title='bbox 2679 1924 2945 1999; x_wconf 82' lang='lat' dir='ltr'>octau03</span> 
     </span>
    </p>
   </div>
   <div class='ocr_carea' id='block_1_4' title="bbox 696 2018 2946 2199">
    <p class='ocr_par' dir='ltr' id='par_1_4' title="bbox 696 2018 2946 2199">
     <span class='ocr_line' id='line_1_16' title="bbox 699 2018 2946 2110; baseline 0.004 -25"><span class='ocrx_word' id='word_1_105' title='bbox 699 2020 989 2087; x_wconf 82' lang='lat' dir='ltr'>Abraam</span> <span class='ocrx_word' id='word_1_106' title='bbox 1023 2018 1301 2088; x_wconf 89' lang='lat' dir='ltr'>Cantore</span> <span class='ocrx_word' id='word_1_107' title='bbox 1325 2073 1343 2106; x_wconf 89' lang='lat'><em>,</em></span> <span class='ocrx_word' id='word_1_108' title='bbox 1392 2022 1627 2089; x_wconf 85' lang='lat' dir='ltr'>Ectore</span> <span class='ocrx_word' id='word_1_109' title='bbox 1677 2024 1987 2109; x_wconf 91' lang='lat' dir='ltr'>Lectore,</span> <span class='ocrx_word' id='word_1_110' title='bbox 2037 2023 2278 2110; x_wconf 84' lang='lat' dir='ltr'>Mykou</span> <span class='ocrx_word' id='word_1_111' title='bbox 2330 2025 2611 2093; x_wconf 84' lang='lat' dir='ltr'>Custode</span> <span class='ocrx_word' id='word_1_112' title='bbox 2657 2028 2946 2095; x_wconf 84' lang='lat' dir='ltr'>Ecclesie</span> 
     </span>
     <span class='ocr_line' id='line_1_17' title="bbox 696 2127 1396 2199; baseline 0.009 -6"><span class='ocrx_word' id='word_1_113' title='bbox 696 2133 919 2193; x_wconf 89' lang='lat' dir='ltr'>nostre</span> <span class='ocrx_word' id='word_1_114' title='bbox 952 2127 1396 2199; x_wconf 88' lang='lat' dir='ltr'>existentibus.</span> 
     </span>
    </p>
   </div>
   <div class='ocr_carea' id='block_1_5' title="bbox 701 2323 2946 2487">
    <p class='ocr_par' dir='ltr' id='par_1_5' title="bbox 701 2323 2946 2487">
     <span class='ocr_line' id='line_1_18' title="bbox 701 2323 2946 2399; baseline 0.004 -23"><span class='ocrx_word' id='word_1_115' title='bbox 701 2325 974 2389; x_wconf 83' lang='lat' dir='ltr'>(Eredetie</span> <span class='ocrx_word' id='word_1_116' title='bbox 1000 2342 1035 2377; x_wconf 86' lang='lat' dir='ltr'>a</span> <span class='ocrx_word' id='word_1_117' title='bbox 1060 2328 1237 2392; x_wconf 75' lang='lat' dir='ltr'>Rumy</span> <span class='ocrx_word' id='word_1_118' title='bbox 1265 2323 1448 2378; x_wconf 72' lang='lat' dir='ltr'>csalad</span> <span class='ocrx_word' id='word_1_119' title='bbox 1489 2325 1872 2391; x_wconf 63' lang='lat' dir='ltr'>leveltarabam</span> <span class='ocrx_word' id='word_1_120' title='bbox 1914 2329 2183 2383; x_wconf 65' lang='lat' dir='ltr'>masolata</span> <span class='ocrx_word' id='word_1_121' title='bbox 2207 2349 2242 2384; x_wconf 87' lang='lat' dir='ltr'>a</span> <span class='ocrx_word' id='word_1_122' title='bbox 2265 2344 2492 2399; x_wconf 67' lang='lat' dir='ltr'>magytr</span> <span class='ocrx_word' id='word_1_123' title='bbox 2516 2335 2800 2387; x_wconf 78' lang='lat' dir='ltr'>academia</span> <span class='ocrx_word' id='word_1_124' title='bbox 2825 2332 2946 2385; x_wconf 71' lang='lat' dir='ltr'>kez-</span> 
     </span>
     <span class='ocr_line' id='line_1_19' title="bbox 760 2417 2021 2487; baseline 0.006 -21"><span class='ocrx_word' id='word_1_125' title='bbox 760 2420 767 2423; x_wconf 85' lang='lat'>&#39;</span> <span class='ocrx_word' id='word_1_126' title='bbox 1614 2417 2021 2487; x_wconf 66' lang='lat' dir='ltr'>irat-taraban.)</span> 
     </span>
    </p>
   </div>
   <div class='ocr_carea' id='block_1_6' title="bbox 1619 2748 2040 2761">
    <p class='ocr_par' dir='ltr' id='par_1_6' title="bbox 1619 2748 2040 2761">
     <span class='ocr_line' id='line_1_20' title="bbox 1619 2748 2040 2761; baseline -0.002 -2"><span class='ocrx_word' id='word_1_127' title='bbox 1619 2748 2040 2761; x_wconf 46' lang='grc' dir='ltr'>..ῳ-*-</span> 
     </span>
    </p>
   </div>
   <div class='ocr_carea' id='block_1_7' title="bbox 1758 3212 1904 3280">
    <p class='ocr_par' dir='ltr' id='par_1_7' title="bbox 1758 3212 1904 3280">
     <span class='ocr_line' id='line_1_21' title="bbox 1758 3212 1904 3280; baseline 0.007 -1"><span class='ocrx_word' id='word_1_128' title='bbox 1758 3212 1904 3280; x_wconf 79' lang='lat'>151.</span> 
     </span>
    </p>
   </div>
   <div class='ocr_carea' id='block_1_8' title="bbox 689 3426 2956 3735">
    <p class='ocr_par' dir='ltr' id='par_1_8' title="bbox 689 3426 2956 3735">
     <span class='ocr_line' id='line_1_22' title="bbox 702 3426 2956 3522; baseline 0.003 -28"><span class='ocrx_word' id='word_1_129' title='bbox 702 3426 763 3494; x_wconf 85' lang='lat' dir='ltr'><strong><em>A</em></strong></span> <span class='ocrx_word' id='word_1_130' title='bbox 804 3427 1035 3515; x_wconf 77' lang='lat' dir='ltr'>szepesi</span> <span class='ocrx_word' id='word_1_131' title='bbox 1065 3426 1508 3514; x_wconf 76' lang='lat' dir='ltr'>kdptalannak</span> <span class='ocrx_word' id='word_1_132' title='bbox 1540 3429 2094 3516; x_wconf 71' lang='lat' dir='ltr'>bizonysciqlevele,</span> <span class='ocrx_word' id='word_1_133' title='bbox 2133 3437 2297 3520; x_wconf 76' lang='lat' dir='ltr'>hoqy</span> <span class='ocrx_word' id='word_1_134' title='bbox 2316 3432 2670 3501; x_wconf 67' lang='lat' dir='ltr'>Anthaleus</span> <span class='ocrx_word' id='word_1_135' title='bbox 2701 3436 2956 3522; x_wconf 76' lang='lat' dir='ltr'>Isipmk</span> 
     </span>
     <span class='ocr_line' id='line_1_23' title="bbox 689 3536 2955 3631; baseline 0.005 -30"><span class='ocrx_word' id='word_1_136' title='bbox 689 3538 795 3619; x_wconf 82' lang='lat' dir='ltr'>fia</span> <span class='ocrx_word' id='word_1_137' title='bbox 844 3536 1209 3622; x_wconf 74' lang='lat' dir='ltr'>Reqyoulck</span> <span class='ocrx_word' id='word_1_138' title='bbox 1239 3548 1398 3604; x_wconf 74' lang='lat' dir='ltr'>nevil</span> <span class='ocrx_word' id='word_1_139' title='bbox 1429 3539 1707 3606; x_wconf 78' lang='lat' dir='ltr'>birtoka&#39;t</span> <span class='ocrx_word' id='word_1_140' title='bbox 1738 3541 1953 3605; x_wconf 75' lang='lat' dir='ltr'>eladta</span> <span class='ocrx_word' id='word_1_141' title='bbox 1990 3541 2204 3608; x_wconf 78' lang='lat' dir='ltr'>Jakab</span> <span class='ocrx_word' id='word_1_142' title='bbox 2236 3545 2594 3625; x_wconf 63' lang='lat' dir='ltr'>mentm-mk,</span> <span class='ocrx_word' id='word_1_143' title='bbox 2648 3570 2690 3608; x_wconf 82' lang='lat' dir='ltr'>a</span> <span class='ocrx_word' id='word_1_144' title='bbox 2722 3548 2955 3631; x_wconf 79' lang='lat' dir='ltr'>szepesi</span> 
     </span>
     <span class='ocr_line' id='line_1_24' title="bbox 1161 3651 2490 3735; baseline 0.003 -22"><span class='ocrx_word' id='word_1_145' title='bbox 1161 3651 1470 3735; x_wconf 65' lang='lat' dir='ltr'>kdptazan</span> <span class='ocrx_word' id='word_1_146' title='bbox 1523 3651 2244 3718; x_wconf 75' lang='lat' dir='ltr'>olvas6·kanonokdnalc.</span> <span class='ocrx_word' id='word_1_147' title='bbox 2298 3658 2490 3721; x_wconf 80' lang='lat'><strong><em>1278.</em></strong></span> 
     </span>
    </p>
   </div>
   <div class='ocr_carea' id='block_1_9' title="bbox 702 3844 2958 4800">
    <p class='ocr_par' dir='ltr' id='par_1_9' title="bbox 702 3844 2958 4800">
     <span class='ocr_line' id='line_1_25' title="bbox 920 3844 2952 3935; baseline 0.002 -22"><span class='ocrx_word' id='word_1_148' title='bbox 920 3849 1054 3914; x_wconf 90' lang='lat' dir='ltr'>Nos</span> <span class='ocrx_word' id='word_1_149' title='bbox 1087 3844 1398 3931; x_wconf 86' lang='lat' dir='ltr'>Magister</span> <span class='ocrx_word' id='word_1_150' title='bbox 1445 3848 1525 3915; x_wconf 86' lang='grc' dir='ltr'>Μ.</span> <span class='ocrx_word' id='word_1_151' title='bbox 1579 3847 1823 3914; x_wconf 85' lang='lat' dir='ltr'>Diuina</span> <span class='ocrx_word' id='word_1_152' title='bbox 1866 3848 2290 3915; x_wconf 87' lang='lat' dir='ltr'>miseracione</span> <span class='ocrx_word' id='word_1_153' title='bbox 2325 3850 2695 3935; x_wconf 76' lang='lat' dir='ltr'>Propositus</span> <span class='ocrx_word' id='word_1_154' title='bbox 2729 3850 2811 3916; x_wconf 89' lang='lat' dir='ltr'>de</span> <span class='ocrx_word' id='word_1_155' title='bbox 2840 3851 2952 3917; x_wconf 88' lang='lat' dir='ltr'>Ze-</span> 
     </span>
     <span class='ocr_line' id='line_1_26' title="bbox 704 3955 2957 4043; baseline 0 -19"><span class='ocrx_word' id='word_1_156' title='bbox 704 3976 824 4042; x_wconf 86' lang='lat' dir='ltr'>pus</span> <span class='ocrx_word' id='word_1_157' title='bbox 858 3955 1163 4022; x_wconf 90' lang='lat' dir='ltr'>memorie</span> <span class='ocrx_word' id='word_1_158' title='bbox 1195 3956 1718 4022; x_wconf 87' lang='lat' dir='ltr'>commendantes</span> <span class='ocrx_word' id='word_1_159' title='bbox 1753 3955 2191 4040; x_wconf 87' lang='lat' dir='ltr'>significamus</span> <span class='ocrx_word' id='word_1_160' title='bbox 2214 3956 2531 4025; x_wconf 83' lang='lat' dir='ltr'>vniuersis</span> <span class='ocrx_word' id='word_1_161' title='bbox 2553 3957 2957 4043; x_wconf 86' lang='lat' dir='ltr'>presencium</span> 
     </span>
     <span class='ocr_line' id='line_1_27' title="bbox 704 4064 2956 4150; baseline 0.002 -20"><span class='ocrx_word' id='word_1_162' title='bbox 704 4084 817 4149; x_wconf 89' lang='lat' dir='ltr'>per</span> <span class='ocrx_word' id='word_1_163' title='bbox 864 4070 1186 4149; x_wconf 88' lang='lat' dir='ltr'>tenorem,</span> <span class='ocrx_word' id='word_1_164' title='bbox 1266 4064 1459 4147; x_wconf 85' lang='lat' dir='ltr'>quod.</span> <span class='ocrx_word' id='word_1_165' title='bbox 1488 4064 1820 4132; x_wconf 81' lang='lat' dir='ltr'>constituti</span> <span class='ocrx_word' id='word_1_166' title='bbox 1873 4065 1938 4130; x_wconf 93' lang='lat' dir='ltr'>in</span> <span class='ocrx_word' id='word_1_167' title='bbox 1990 4066 2192 4133; x_wconf 91' lang='lat' dir='ltr'>nostri</span> <span class='ocrx_word' id='word_1_168' title='bbox 2224 4066 2564 4150; x_wconf 85' lang='lat' dir='ltr'>presencia</span> <span class='ocrx_word' id='word_1_169' title='bbox 2594 4064 2956 4134; x_wconf 86' lang='lat' dir='ltr'>Anthaleus</span> 
     </span>
     <span class='ocr_line' id='line_1_28' title="bbox 704 4171 2958 4260; baseline -0.001 -18"><span class='ocrx_word' id='word_1_170' title='bbox 704 4175 875 4243; x_wconf 85' lang='lat' dir='ltr'>filius</span> <span class='ocrx_word' id='word_1_171' title='bbox 924 4174 1105 4259; x_wconf 86' lang='lat' dir='ltr'>Ysyp</span> <span class='ocrx_word' id='word_1_172' title='bbox 1161 4193 1302 4238; x_wconf 89' lang='lat' dir='ltr'>cum</span> <span class='ocrx_word' id='word_1_173' title='bbox 1357 4172 1490 4239; x_wconf 86' lang='lat' dir='ltr'>filio</span> <span class='ocrx_word' id='word_1_174' title='bbox 1539 4192 1656 4238; x_wconf 88' lang='lat' dir='ltr'>suo</span> <span class='ocrx_word' id='word_1_175' title='bbox 1709 4171 2036 4259; x_wconf 86' lang='lat' dir='ltr'>Stephano</span> <span class='ocrx_word' id='word_1_176' title='bbox 2091 4194 2169 4238; x_wconf 88' lang='lat' dir='ltr'>ex</span> <span class='ocrx_word' id='word_1_177' title='bbox 2222 4181 2405 4257; x_wconf 88' lang='lat' dir='ltr'>parte</span> <span class='ocrx_word' id='word_1_178' title='bbox 2441 4194 2589 4260; x_wconf 80' lang='lat' dir='ltr'>vna,</span> <span class='ocrx_word' id='word_1_179' title='bbox 2634 4195 2713 4241; x_wconf 89' lang='lat' dir='ltr'>ex</span> <span class='ocrx_word' id='word_1_180' title='bbox 2747 4174 2958 4241; x_wconf 86' lang='lat' dir='ltr'>altera</span> 
     </span>
     <span class='ocr_line' id='line_1_29' title="bbox 702 4267 2956 4368; baseline -0 -20"><span class='ocrx_word' id='word_1_181' title='bbox 702 4301 854 4348; x_wconf 85' lang='lat' dir='ltr'>vero</span> <span class='ocrx_word' id='word_1_182' title='bbox 888 4282 1201 4365; x_wconf 81' lang='lat' dir='ltr'>Magister</span> <span class='ocrx_word' id='word_1_183' title='bbox 1232 4283 1537 4368; x_wconf 84' lang='lat' dir='ltr'>Jacobus,</span> <span class='ocrx_word' id='word_1_184' title='bbox 1576 4267 1806 4349; x_wconf 81' lang='lat' dir='ltr'>Lector</span> <span class='ocrx_word' id='word_1_185' title='bbox 1843 4281 2140 4348; x_wconf 87' lang='lat' dir='ltr'>Ecclesie</span> <span class='ocrx_word' id='word_1_186' title='bbox 2171 4282 2398 4349; x_wconf 86' lang='lat' dir='ltr'>Sancti</span> <span class='ocrx_word' id='word_1_187' title='bbox 2432 4282 2692 4348; x_wconf 84' lang='lat' dir='ltr'>Martini</span> <span class='ocrx_word' id='word_1_188' title='bbox 2725 4287 2790 4346; x_wconf 92' lang='lat' dir='ltr'>et</span> <span class='ocrx_word' id='word_1_189' title='bbox 2820 4282 2956 4368; x_wconf 90' lang='lat' dir='ltr'>ple-</span> 
     </span>
     <span class='ocr_line' id='line_1_30' title="bbox 703 4387 2948 4475; baseline -0.002 -17"><span class='ocrx_word' id='word_1_190' title='bbox 703 4393 910 4458; x_wconf 88' lang='lat' dir='ltr'>banus</span> <span class='ocrx_word' id='word_1_191' title='bbox 943 4391 1025 4456; x_wconf 87' lang='lat' dir='ltr'>de</span> <span class='ocrx_word' id='word_1_192' title='bbox 1059 4390 1234 4457; x_wconf 87' lang='lat' dir='ltr'>Villa</span> <span class='ocrx_word' id='word_1_193' title='bbox 1261 4390 1532 4475; x_wconf 85' lang='lat' dir='ltr'>Latina,</span> <span class='ocrx_word' id='word_1_194' title='bbox 1578 4411 1715 4456; x_wconf 85' lang='lat' dir='ltr'>vna</span> <span class='ocrx_word' id='word_1_195' title='bbox 1764 4411 1908 4457; x_wconf 91' lang='lat' dir='ltr'>cum</span> <span class='ocrx_word' id='word_1_196' title='bbox 1961 4390 2270 4457; x_wconf 86' lang='lat' dir='ltr'>fratribus</span> <span class='ocrx_word' id='word_1_197' title='bbox 2304 4390 2456 4474; x_wconf 88' lang='lat' dir='ltr'>suis,</span> <span class='ocrx_word' id='word_1_198' title='bbox 2505 4390 2673 4457; x_wconf 91' lang='lat' dir='ltr'>idem</span> <span class='ocrx_word' id='word_1_199' title='bbox 2709 4387 2948 4455; x_wconf 81' lang='lat' dir='ltr'>Antha-</span> 
     </span>
     <span class='ocr_line' id='line_1_31' title="bbox 702 4497 2955 4587; baseline -0.001 -21"><span class='ocrx_word' id='word_1_200' title='bbox 702 4501 843 4566; x_wconf 88' lang='lat' dir='ltr'>leus</span> <span class='ocrx_word' id='word_1_201' title='bbox 877 4498 1095 4566; x_wconf 90' lang='lat' dir='ltr'>retulit</span> <span class='ocrx_word' id='word_1_202' title='bbox 1130 4498 1337 4585; x_wconf 86' lang='lat' dir='ltr'>nobis,</span> <span class='ocrx_word' id='word_1_203' title='bbox 1397 4497 1567 4585; x_wconf 88' lang='lat' dir='ltr'>quod</span> <span class='ocrx_word' id='word_1_204' title='bbox 1601 4500 1825 4566; x_wconf 87' lang='lat' dir='ltr'>villam</span> <span class='ocrx_word' id='word_1_205' title='bbox 1860 4520 2043 4567; x_wconf 89' lang='lat' dir='ltr'>suam</span> <span class='ocrx_word' id='word_1_206' title='bbox 2077 4499 2452 4587; x_wconf 86' lang='lat' dir='ltr'>Regyoulch</span> <span class='ocrx_word' id='word_1_207' title='bbox 2486 4508 2781 4568; x_wconf 85' lang='lat' dir='ltr'>vocatam</span> <span class='ocrx_word' id='word_1_208' title='bbox 2812 4519 2955 4567; x_wconf 91' lang='lat' dir='ltr'>cum</span> 
     </span>
     <span class='ocr_line' id='line_1_32' title="bbox 704 4607 2955 4694; baseline -0.002 -16"><span class='ocrx_word' id='word_1_209' title='bbox 704 4607 1000 4678; x_wconf 88' lang='lat' dir='ltr'>omnibus</span> <span class='ocrx_word' id='word_1_210' title='bbox 1048 4607 1435 4677; x_wconf 81' lang='lat' dir='ltr'>vtilitatibus</span> <span class='ocrx_word' id='word_1_211' title='bbox 1487 4610 1662 4694; x_wconf 91' lang='lat' dir='ltr'>suis,</span> <span class='ocrx_word' id='word_1_212' title='bbox 1715 4627 1906 4694; x_wconf 87' lang='lat' dir='ltr'>quam</span> <span class='ocrx_word' id='word_1_213' title='bbox 1948 4608 2119 4675; x_wconf 90' lang='lat' dir='ltr'>idem</span> <span class='ocrx_word' id='word_1_214' title='bbox 2156 4609 2515 4676; x_wconf 89' lang='lat' dir='ltr'>Anthaleus</span> <span class='ocrx_word' id='word_1_215' title='bbox 2547 4614 2614 4675; x_wconf 90' lang='lat' dir='ltr'>et</span> <span class='ocrx_word' id='word_1_216' title='bbox 2646 4608 2743 4673; x_wconf 90' lang='lat' dir='ltr'>sui</span> <span class='ocrx_word' id='word_1_217' title='bbox 2778 4607 2955 4673; x_wconf 88' lang='lat' dir='ltr'>here·</span> 
     </span>
     <span class='ocr_line' id='line_1_33' title="bbox 705 4715 2956 4800; baseline -0 -16"><span class='ocrx_word' id='word_1_218' title='bbox 705 4719 819 4784; x_wconf 88' lang='lat' dir='ltr'>des</span> <span class='ocrx_word' id='word_1_219' title='bbox 870 4716 1307 4800; x_wconf 83' lang='lat' dir='ltr'>heredumque</span> <span class='ocrx_word' id='word_1_220' title='bbox 1358 4737 1769 4784; x_wconf 83' lang='lat' dir='ltr'>successores</span> <span class='ocrx_word' id='word_1_221' title='bbox 1825 4739 1907 4783; x_wconf 91' lang='lat' dir='ltr'>ex</span> <span class='ocrx_word' id='word_1_222' title='bbox 1957 4717 2319 4786; x_wconf 86' lang='lat' dir='ltr'>donacione</span> <span class='ocrx_word' id='word_1_223' title='bbox 2372 4715 2611 4784; x_wconf 87' lang='lat' dir='ltr'>domini</span> <span class='ocrx_word' id='word_1_224' title='bbox 2652 4717 2721 4782; x_wconf 90' lang='lat' dir='ltr'>B.</span> <span class='ocrx_word' id='word_1_225' title='bbox 2754 4717 2956 4800; x_wconf 84' lang='lat' dir='ltr'>Regis</span> 
     </span>
    </p>
   </div>
  </div>
 </body>
</html>
