3319 5249
1803 344 1936 418 270

733 539 1168 625 heredumque
1201 560 1459 609 suorum
1495 545 1982 613 successoribus
2001 597 2021 632 ,
2074 565 2218 613 cum
2271 546 2568 615 omnibus
2610 548 2993 617 vtilitatibus

735 656 799 717 et
826 650 1249 736 pertinenciJs
1282 651 1457 737 suis,
1507 653 1628 719 sub
1682 654 1872 721 metis
1924 652 2210 739 antiquis
2264 661 2328 721 et
2359 654 2690 742 terminis,
2757 657 2992 739 quibus

733 756 974 823 dictum
1007 758 1308 826 Castrum
1342 777 1487 825 eam
1508 758 1914 844 dignoscitur
1933 762 2328 849 possedisse,
2363 764 2572 845 Regia
2592 763 2993 831 authoritate

735 864 1030 933 dedimus
1056 916 1075 949 ,
1139 864 1526 934 donauimus
1578 875 1643 934 et
1691 871 2079 938 contulimus
2129 871 2272 938 iure
2305 882 2621 958 perpetuo
2652 870 2990 957 possiden·

730 972 904 1040 dam.
983 972 1225 1041 Datum
1287 994 1459 1041 anno
1520 975 1787 1043 Domini
1854 977 2200 1045 millesimo
2271 977 2712 1047 ducentesimo
2775 984 2989 1045 octua-

730 1080 999 1165 gesimo.

732 1243 801 1309 (Δ
838 1245 1023 1297 leleszi
1069 1244 1417 1296 konventnek
1466 1244 1688 1296 1643-ki
1730 1242 2044 1310 atiratabol,
2089 1262 2124 1299 a
2173 1248 2340 1301 budai
2386 1248 2488 1303 kir.
2527 1249 2778 1301 kamarai
2823 1249 2990 1301 level-

1751 1333 1981 1403 tithan.)

1642 1607 2066 1616 —————-————

1783 1982 1934 2049 190.

726 2150 772 2243 Ῐ
776 2179 841 2245 V.
876 2180 1107 2247 Ldszld
1136 2182 1361 2268 kim-«ily
1417 2180 1641 2248 Timar
1678 2182 2042 2269 helyse'yben
2073 2183 2226 2249 ΖαῘσό
2258 2182 2396 2249 tabl>
2430 2186 2733 2250 teir-noluit
2763 2188 2990 2251 nemesi

1490 2289 1740 2356 ‹illam-a
1771 2290 1965 2356 emeli.
2016 2293 2211 2357 1280.

937 2481 1288 2551 Ladizlaus
1349 2484 1476 2550 Dei
1523 2486 1748 2568 gracia
1810 2485 2101 2570 Vngarie
2122 2538 2139 2571 ‚
2196 2486 2573 2569 Dalmacie,
2646 2486 2981 2573 Crouacie,

722 2594 948 2681 Rame,
982 2590 1228 2678 Seruie,
1265 2590 2000 2680 Gallicie„Lodomerie,
2033 2593 2346 2663 Comanie
2377 2594 2824 2680 Bulgarieque
2851 2598 2988 2664 Rex

722 2700 1047 2769 vninersis
1080 2699 1323 2768 Christi
1354 2699 1652 2770 fidelibus
1709 2708 2045 2788 presentes
2097 2701 2349 2770 litteras
2389 2703 2776 2788 inspecturis
2807 2707 2980 2772 salu·

720 2817 851 2877 tem
881 2810 951 2876 in
983 2810 1267 2877 omnium
1319 2810 1668 2878 saluatore.
1717 2811 2001 2879 Munitur
2049 2810 2583 2898 gubernaculum,
2632 2812 2988 2898 ampliatur

721 2919 1031 3005 regimen,
1080 2937 1224 2985 cum
1257 2918 1647 2987 bellatorum
1679 2938 1983 2986 numerus
2016 2919 2338 2986 continuis
2370 2919 2605 2987 crescit
2633 2921 2982 2987 incremen-

719 3026 824 3094 tis.
871 3024 1159 3092 Proinde
1190 3024 1277 3091 ad
1307 3025 1755 3094 uniuersorum
1794 3032 1930 3093 tam
1965 3025 2373 3113 presencium
2405 3045 2598 3109 quam
2623 3025 2983 3093 futurorum

722 3130 1084 3221 (noticiam)
1141 3133 1371 3202 harum
1405 3134 1578 3201 serie
1608 3134 1911 3204 uolumus
1942 3135 2319 3220 peruenire;
2384 3134 2558 3218 quod
2590 3135 2822 3203 Comes
2854 3136 2983 3200 Ma-

719 3242 875 3328 they
905 3240 1120 3309 fidelis
1177 3247 1243 3308 et
1287 3241 1630 3310 familiaris
1680 3242 2056 3310 tauarnicus
2111 3248 2332 3309 noster
2364 3240 2449 3308 ad
2481 3250 2769 3310 nostram
2802 3261 2982 3309 acce-

717 3349 883 3417 dens
916 3347 1321 3436 presenciam
1368 3347 1453 3416 de
1501 3357 1728 3418 nostra
1768 3350 2115 3417 Maiestate
2144 3350 2352 3433 Regia
2381 3349 2710 3416 humiliter
2739 3349 2981 3435 suppli·

719 3456 931 3524 cando
964 3455 1363 3544 postulauit,
1444 3463 1513 3525 ut
1563 3460 1785 3545 ipsum
1830 3458 1916 3527 ob
1967 3456 2198 3525 merita
2254 3457 2678 3525 seruiciorum
2717 3477 2979 3525 suorum

716 3564 905 3633 nobis
937 3564 1350 3651 inpensorum
1369 3615 1389 3651 ,
1441 3572 1505 3632 et
1541 3586 1661 3653 per
1696 3586 1842 3632 eum
1873 3566 2151 3633 Zumbot
2180 3564 2448 3633 fratrem
2484 3585 2692 3653 suum,
2738 3566 2977 3632 Farca-

714 3673 880 3740 sium
903 3678 967 3739 et
992 3673 1192 3742 Bacsz
1213 3673 1382 3742 filios
1404 3675 1596 3759 Bene,
1632 3674 1914 3759 Gyroult
1934 3671 2057 3760 (et)
2080 3669 2514 3758 Augustinum
2540 3673 2708 3741 filios
2736 3672 2980 3757 Grego-

711 3785 819 3870 rij,
853 3783 1060 3870 'Helys
1092 3788 1157 3852 et
1188 3782 1442 3869 Kemyn
1475 3788 1788 3866 cognatos
1821 3800 1971 3849 suos
2003 3781 2086 3847 de
2117 3780 2278 3848 uilla
2310 3781 2574 3868 Tymar,
2609 3781 2691 3847 de
2723 3779 2980 3867 populis

711 3892 1185 3959 lauarnicorum
1218 3898 1581 3958 nostrorum
1615 3888 1944 3975 oriundos,
1979 3889 2064 3954 ab
2097 3889 2336 3956 honere
2369 3888 2578 3976 ipsius
2612 3889 2976 3957 tauarnica-

712 4006 818 4067 tus
851 3998 1135 4067 eximere
1166 4018 1310 4067 cum
1343 4004 1518 4067 terra
1548 3997 1837 4084 ipsorum
1870 3997 1935 4063 in
1970 3997 2133 4064 uilla
2162 3998 2408 4082 Tymar
2440 3997 2762 4080 existenti,
2813 4003 2878 4064 et
2910 3997 2979 4063 in

710 4114 926 4175 cetum
974 4127 1056 4175 ac
1107 4106 1459 4192 collegium
1498 4106 1848 4191 Regalium
1890 4104 2323 4173 seruiencium
2355 4111 2716 4173 nostrorum
2765 4111 2974 4172 trans·

712 4212 884 4283 ferre
916 4214 1355 4299 dignaremur.
1405 4213 1543 4282 Nos
1573 4213 1817 4300 itaque,
1857 4231 2049 4298 quem
2080 4210 2291 4297 Regia
2322 4210 2574 4278 inducit
2604 4210 2975 4296 benignitas

716 4341 835 4407 pro
867 4322 1115 4393 meritis
1146 4320 1435 4391 fidelium
1474 4320 1906 4408 respondere,
1956 4319 2389 4390 consideratis
2440 4319 2735 4404 seruicijs
2766 4319 2978 4405 ipsius

711 4428 983 4500 Comitis
1015 4429 1303 4518 Mathey,
1351 4451 1479 4516 que
1515 4432 1599 4500 ab
1637 4430 2088 4500 adolescencie
2120 4449 2235 4499 sue
2268 4429 2713 4515 temporibus,
2763 4428 2975 4514 primo

710 4536 972 4607 domino
1004 4540 1341 4627 Stephano
1376 4539 1540 4625 Regi
1573 4540 1751 4625 patri
1781 4544 2001 4606 nostro
2034 4534 2386 4605 karissimo
2415 4535 2643 4603 inclite
2673 4533 2969 4602 recorda·

707 4644 914 4714 cionis
964 4647 1301 4735 inpendit,
1368 4654 1433 4715 et
1491 4647 1750 4716 demum
1798 4666 1944 4714 cum
1994 4664 2113 4713 nos
2164 4641 2337 4712 dicto
2400 4644 2579 4727 Rege
2638 4642 2970 4729 Stephano
