3319 5249
1779 281 1912 347 580

1770 900 1926 967 432.

719 1099 778 1164 A
838 1103 1024 1186 pensi
1071 1102 1523 1188 ka'ptalannak
1553 1102 1859 1185 jelentdse
1911 1102 1953 1163 I
1962 1101 2027 1165 V.
2085 1100 2310 1167 La'szw
2358 1102 2745 1186 kirdlyhoz,
2800 1102 2968 1185 hoqy

719 1210 988 1294 Kaplan
1024 1209 1277 1296 helysc'y
1326 1233 1369 1273 a
1421 1209 1805 1378 πμάῖεείἓεεί
1854 1210 2447 1380 ἷιῖἶᾷἷεακάνᾶάηαλτ
2495 1208 2963 1275 statucilta-tott.

1695 1343 1760 1382 ,υ
1792 1339 1868 1379 ne
1947 1339 1987 1378 ιι
2017 1366 2031 1378 .

930 1528 1489 1596 Excellentissimo
1523 1529 1784 1596 domino
1818 1549 1934 1594 suo
1967 1530 2040 1594 L.
2075 1529 2198 1595 Dei
2233 1531 2460 1613 gracIa
2489 1529 2652 1612 Regi
2672 1529 2966 1613 Vngarie

720 1636 1085 1720 Capitulum
1122 1636 1812 1721 Quinqueecclcsiense
1859 1637 2192 1703 oraciones
2226 1638 2292 1702 in
2326 1637 2625 1703 Domino.
2658 1638 2967 1722 Receptis

718 1742 950 1807 litteris
986 1741 1405 1812 celsitudinis
1438 1744 1689 1827 Uestre,
1721 1744 1982 1809 nomine
2016 1764 2094 1810 ac
2131 1744 2275 1809 uice
2308 1744 2705 1810 venerabilis
2759 1743 2967 1829 patris

719 1849 959 1914 domini
1012 1852 1217 1916 nostri
1262 1853 1320 1918 J.
1356 1851 1480 1917 Dei
1514 1851 1739 1934 gracia
1772 1849 2482 1935 Quinqueecclesiensis
2516 1851 2821 1935 Episcopi
2858 1851 2968 1915 ho·

719 1957 907 2022 minis
968 1957 1184 2036 uestri,
1216 1956 1479 2023 officiali
1541 1976 1655 2022 suo
1688 1956 2026 2023 Swmchev
2057 1956 2408 2023 Benedicto
2441 1964 2732 2021 nostrum
2766 1956 2969 2022 homi·

718 2086 863 2131 nem
898 2067 1353 2151 concessimus,
1389 2071 1457 2131 ut
1491 2084 1707 2129 coram
1742 2084 1815 2130 eo
1849 2063 2171 2147 quandam
2205 2072 2443 2131 terram
2476 2064 2738 2148 Kaplan
2775 2083 2966 2129 uoca-
3011 2133 3024 2141 Ι

720 2180 873 2258 tam,
908 2192 1100 2254 quam
1135 2171 1520 2237 dominabus
1571 2171 1896 2236 sororibus
1947 2173 2244 2238 Ecclesie
2295 2172 2496 2238 Beate
2544 2170 2833 2252 Virginis
2886 2171 2968 2235 de

716 2281 939 2346 Insula
971 2279 1351 2365 contulistis,
1377 2279 1790 2365 peramburat
1810 2277 1984 2366 (igy)
2008 2288 2071 2345 et
2092 2286 2402 2346 statueret
2423 2276 2662 2345 eisdem
2686 2302 2700 2363 ;
2734 2279 2790 2343 si
2811 2297 2966 2344 uero

717 2389 897 2454 fieret
927 2389 1420 2470 contradictum,
1472 2386 2061 2453 contradictoribus
2098 2387 2162 2452 in
2218 2395 2498 2453 uestram
2554 2385 2967 2471 presenciam

718 2496 1027 2563 euocatis.
1064 2495 1241 2559 Idem
1274 2494 1469 2562 homo
1503 2502 1742 2578 noster,
1777 2515 1908 2559 vna
1939 2514 2083 2559 cum
2116 2495 2345 2560 eodem
2397 2494 2720 2561 Svmchev
2771 2494 2968 2558 Benc-

719 2600 890 2667 ‹licto
923 2601 1009 2667 ad.
1043 2622 1160 2667 nos
1197 2599 1455 2674 rediens
1489 2601 1678 2668 nobis
1712 2601 1933 2667 retulit
1968 2600 2121 2666 vina
2158 2621 2352 2667 uoce:
2384 2598 2569 2679 Quod
2602 2600 2744 2685 ipse
2767 2600 2969 2666 Bene-

719 2708 929 2772 dictus
961 2708 1329 2774 accedendo
1362 2728 1555 2791 super
1574 2708 1809 2774 faciem
1841 2708 2046 2793 ipsius
2068 2715 2238 2774 terre
2271 2709 2529 2792 Kaplan
2552 2708 2961 2794 perambula-

722 2815 813 2879 uit
863 2816 1170 2899 eandem3
1212 2816 1327 2880 sed
1380 2813 1608 2881 Comes
1668 2815 1961 2881 Morixan
2011 2816 2183 2881 filius
2235 2815 2487 2881 Morfan
2544 2813 2968 2898 contradixit3

720 2942 909 3005 quem
944 2923 1351 2989 Morixanum
1404 2922 1577 2988 idem
1610 2923 2002 2989 Benedictus
2035 2923 2261 2988 citauit
2310 2922 2376 2987 in
2427 2920 2823 3006 presenciam
2861 2943 2968 2988 ue·

720 3040 941 3117 stram,
977 3034 1321 3099 terminum
1360 3031 1666 3099 uidelicet
1697 3033 2313 3115 quintumdecimum
2338 3033 2505 3099 diem
2563 3039 2712 3097 ante
2735 3031 2970 3098 festum

718 3140 902 3208 Beati
937 3140 1167 3225 Egedij
1207 3141 1640 3227 computando
1675 3141 2061 3224 assignauit.
2097 3141 2178 3205 Et
2231 3139 2352 3206 hoc
2382 3140 2610 3207 Uestre
2662 3137 2966 3205 duximus

717 3246 1127 3312 Excellencie
1161 3246 1663 3333 rescribendum,
1702 3267 1892 3329 quum
1929 3247 2025 3312 sio
2059 3251 2488 3331 receperimus
2521 3246 2585 3310 in
2622 3244 2965 3311 mandatis.

720 3352 957 3417 Datum
990 3353 1056 3417 in
1089 3352 1295 3418 tercia
1327 3352 1494 3418 feria
1527 3359 1678 3439 post
1710 3352 1941 3419 festum
1976 3353 2200 3418 Sancti
2235 3353 2473 3436 Egidij.

936 3459 995 3523 K
1016 3459 1036 3523 i
1057 3468 1159 3527 vil
1181 3461 1241 3525 l:
1292 3460 1568 3526 Domino
1602 3462 1767 3544 Regi
1798 3461 2107 3543 Vngarie.

721 3656 988 3718 (Exedetie
1015 3652 1361 3722 borhartyan,
1393 3674 1428 3709 a
1451 3656 1640 3724 pecset
1659 3659 1920 3720 elveszet,
1941 3673 1974 3707 a
2003 3658 2164 3711 budai
2190 3659 2294 3711 kir.
2320 3658 2562 3711 kamarai
2581 3650 2966 3719 leveltdrban.)
