3319 5249
1866 343 2002 409 492

1831 1000 1986 1070 352.

760 1200 825 1267 Α
857 1199 1239 1269 keresztesek
1273 1202 1658 1288 eszteryami
1691 1200 2461 1285 konventjdnekjelente'se
2494 1200 2617 1266 IV.
2652 1200 2887 1269 Ldszla
2923 1205 3031 1269 ki-

761 1311 1053 1398 rdlyhoz,
1090 1311 1257 1396 hoqy
1292 1309 1517 1374 Zuard
1550 1319 1793 1390 mester,
1827 1307 2063 1374 Miklcss
2114 1330 2310 1373 comes
2343 1308 2432 1383 fta
2486 1305 2808 1394 Gyarmat
2858 1318 3038 1376 nevil

986 1408 989 1423 *
1330 1415 1828 1503 foldbirtokdba
1857 1416 2229 1479 iktattatott.
2266 1412 2459 1478 1288.

976 1609 1543 1678 Excellentissimo
1575 1608 1990 1675 domino-suo
2026 1608 2100 1675 L.
2136 1610 2259 1676 Dei
2292 1609 2520 1694 gracia
2567 1610 2807 1678 illustri
2856 1612 3028 1696 Regi

752 1717 1097 1801 Hungarie
1127 1718 1498 1784 Conuentus
1534 1714 2007 1782 cruciferorum
2041 1715 2265 1783 Sancti
2297 1716 2496 1801 Regis
2517 1716 2838 1804 Stephani
2870 1739 3019 1784 ora·

758 1827 976 1892 ciones
1007 1825 1072 1890 in
1105 1824 1388 1891 Domino
1424 1822 1763 1891 continuas
1791 1828 1857 1889 et
1888 1822 2161 1890 deuotas
2194 1828 2354 1909 aput
2387 1824 2740 1890 Dominum
2772 1846 2893 1911 pro
2916 1846 3020 1892 eo-

756 1930 1163 1998 dem.Vestra
1182 1931 1436 1999 nouerit
1458 1928 1811 2016 Celsitudo,
1829 1947 1950 1996 nos
1970 1930 2291 2013 recepisse
2311 1931 2560 1997 litteras
2579 1937 2797 2000 uestre
2817 1932 3021 1998 Maie-

757 2040 942 2108 statis
976 2060 1119 2105 cum
1143 2039 1363 2105 debita
1382 2038 1776 2122 reuerencia,
1801 2037 2230 2120 continentes,
2259 2042 2331 2103 ut
2362 2038 2687 2105 hominem
2721 2046 3017 2107 nostrum

750 2146 1154 2215 mitteremus
1184 2167 1302 2232 pro
1323 2145 1715 2231 testimonio,
1748 2164 1966 2210 coram
1999 2164 2127 2228 quo
2158 2143 2508 2211 Ladizlaus
2566 2144 2740 2213 filius
2759 2146 3010 2232 Lopret

754 2252 838 2320 de
859 2252 1198 2320 Julafener
1217 2252 1410 2320 homo
1428 2260 1641 2320 vester
1661 2250 2004 2318 accederet
2023 2248 2110 2317 ad
2129 2258 2366 2317 terram
2389 2252 2621 2318 Chctre
2643 2259 2709 2318 et
2728 2251 3005 2340 Balisey

751 2379 829 2425 ac
863 2360 1156 2444 Gregorij
1194 2359 1507 2426 Gormoth
1540 2364 1861 2444 vocatam,
1899 2358 2355 2425 decedencium
2390 2359 2533 2426 sine
2563 2359 2814 2426 solacio
2848 2360 3006 2426 libe-

702 2497 708 2500 <
751 2487 985 2551 rorum,
1020 2475 1083 2532 ct
1114 2467 1308 2534 sciret
1340 2468 1432 2532 rei
1467 2468 1808 2534 veritatem
1865 2465 1946 2531 de
1998 2464 2293 2551 predicta
2341 2472 2532 2551 terra,
2573 2473 2792 2532 vtrum
2843 2471 3014 2533 esset

748 2594 956 2641 vacua
990 2581 1053 2640 et
1085 2564 1561 2642 habitatoribus
1596 2574 1906 2641 destituta
1963 2591 2082 2674 nec
2132 2592 2232 2638 ne.
2282 2573 2420 2641 Nos
2472 2594 2625 2640 uero
2678 2573 3006 2641 mandatis

746 2682 978 2749 vestris
1013 2688 1434 2764 assurgentes
1496 2682 1792 2765 fideliter,
1827 2691 2021 2746 unum
2055 2701 2134 2746 ex
2166 2680 2354 2747 nobis
2404 2680 2667 2747 fratrem
2719 2688 3012 2748 nostrum

743 2787 1113 2854 curauimus
1149 2787 1504 2871 destinare,
1540 2788 1646 2871 qui
1681 2787 2089 2872 postmodum
2131 2786 2216 2853 ad
2250 2808 2370 2854 nos
2404 2788 2663 2853 rediens
2684 2788 2874 2855 nobis
2907 2785 3000 2853 di·

742 2895 858 2978 xit,
895 2895 1064 2980 quod
1097 2893 1387 2978 profatus
1420 2894 1778 2961 Ladizlaus
1809 2893 2005 2960 homo
2058 2902 2271 2962 uester
2327 2916 2458 2962 vna
2509 2915 2655 2960 cum
2705 2894 2999 2981 predicto

740 3001 937 3069 fratrc
970 3012 1187 3070 nostro
1220 3003 1305 3068 ad
1340 3003 1573 3069 faeiem
1607 3000 1897 3089 predicte
1931 3009 2100 3068 terre
2134 3005 2544 3088 accessisset,
2600 3008 2663 3069 et
2715 3002 2998 3070 eandem
3065 3011 3068 3012 ’

738 3122 976 3180 terram
1009 3133 1283 3178 vacuam
1315 3111 1698 3199 inuenisset,
1731 3112 1870 3179 sine
1889 3093 2140 3178 'herede
2177 3111 2675 3194 decedencium3
2733 3116 2800 3176 et
2850 3130 3001 3176 ean-

737 3218 883 3287 dem
915 3220 1388 3287 reambulasset
1421 3227 1484 3285 et
1517 3220 1861 3286 statuisset
1923 3239 2141 3287 coram
2205 3218 2430 3285 codem
2495 3219 2704 3285 fratre
2767 3224 2992 3284 nostro

736 3328 1049 3410 Magistro
1079 3328 1295 3394 Zuard
1329 3327 1470 3392 sine
1500 3326 1858 3413 preiudicio
1892 3327 2052 3393 iuris
2091 3327 2307 3412 alieni,
2342 3327 2523 3393 nullo
2576 3327 2880 3392 obstante
2933 3332 3000 3394 et

735 3436 1235 3528 contradicente.
1273 3433 1394 3500 Cui
1426 3441 1597 3499 terre
1631 3441 1804 3501 terra
1840 3432 2131 3519 Capituli
2185 3432 2655 3517 strigoniensis
2710 3453 2752 3500 a
2801 3440 2991 3517 parte

737 3541 1150 3629 occidentali,
1202 3563 1242 3606 a
1273 3548 1462 3626 parte
1496 3561 1649 3607 uero
1685 3541 1991 3608 orientali
2027 3541 2471 3607 terra'domini
2502 3540 2999 3625 Archiepiscopi

731 3648 1122 3735 uicinantur,
1157 3650 1325 3715 sicut
1356 3670 1395 3714 a
1428 3648 1682 3735 prefato
1734 3650 1938 3718 fratre
1989 3659 2207 3717 nostro
2258 3647 2618 3715 dedicimus
2672 3647 2991 3716 seriatim.

732 3755 973 3820 Datum
1006 3754 1173 3821 feria
1207 3763 1439 3839 quarta
1474 3764 1619 3841 post
1651 3765 1930 3825 octauas
1960 3759 2136 3825 Petri
2168 3763 2233 3825 et
2266 3754 2456 3823 Pauli
2507 3756 2998 3842 Apostolorum.

728 3968 843 4029 (IV.
870 3966 1064 4022 Laszlo
1090 3967 1387 4037 kiralynak
1416 3974 1637 4024 1283-ki
1667 3969 2210 4040 adomfinylevelebffl
2237 3976 2374 4025 mint
2399 3973 2617 4026 fentebb
2639 3970 2761 4024 335.
2790 3987 2865 4022 ετ..
2903 3971 2987 4037 ι.)

1636 4277 2068 4289 -————
