3319 5249
1796 280 1922 357 146

726 494 1127 571 venerabilis
1160 495 1283 565 viri
1313 489 1612 578 Magistri
1643 484 1980 557 Benedicti
2015 483 2257 550 Sancte
2277 470 2749 560 Strigoniensis
2772 466 2992 537 Eccle-

729 611 824 678 sie
858 608 1068 676 Electi
1102 604 1518 684 eiusdemque
1542 597 1671 665 loci
1702 592 1971 662 Comitis
2001 586 2324 677 perpetui,
2373 580 2700 668 Prepositi
2739 576 2992 645 Buden-

729 721 868 803 sis,
915 722 978 781 et
1011 715 1163 780 aule
1209 716 1429 778 nostre
1491 699 2030 782 vicecancellarii
2080 692 2300 761 dilecti
2364 697 2431 758 et
2492 687 2707 755 fidelis
2767 685 2993 769 nostri,

732 846 905 892 anno
939 823 1024 889 ab
1046 818 1512 889 Incarnacione
1531 811 1791 880 Domini
1824 804 2268 874 M⁰CG⁰LXX⁰
2299 807 2511 884 sext0‚
2550 795 2758 880 Regni
2778 801 2996 859 autem

734 934 940 1001 nostri
976 952 1148 998 anno
1168 934 1378 995 sexto.

738 1114 1011 1179 (Eredetie
1038 1104 1394 1174 borhartyan,
1433 1120 1466 1155 a
1520 1102 1698 1153 kettsss
1735 1095 2028 1167 pecsetnek
2070 1061 2334 1145 ἰδτθᾱέῑω
2386 1086 2737 1154 mirga-votos
2764 1081 2996 1148 sclyem·

1095 1198 1345 1251 zsinoron
1370 1193 1525 1261 sugg,
1572 1208 1606 1245 a
1642 1191 1813 1243 budai
1842 1190 1945 1240 kir.
1975 1186 2224 1238 kamarai
2252 1176 2636 1244 leveltarban.)

1656 1502 2085 1519 ψ

1823 1995 1932 2066 98.

756 2209 803 2277 I
805 2211 875 2278 V.
929 2206 1155 2274 Medd
1203 2201 1558 2288 kirdlynak
1587 2198 1908 2285 bizonyos,
1949 2191 2498 2263 Tusmanmdlbdn
2541 2190 2746 2278 fekv6
2794 2187 3018 2254 nullut

757 2317 1072 2405 tdrqyazo
1150 2310 1534 2380 intezkeddse
1597 2333 1639 2374 a
1696 2306 2079 2393 nymsziqeti
2158 2300 2615 2390 apdczazdrda
2695 2300 3018 2363 azdmdra.

1792 2417 1985 2482 1276.

976 2619 1114 2693 Nos
1152 2614 1507 2686 Ladizlaus
1555 2611 1681 2681 Dei
1733 2609 1957 2698 gracia
2007 2610 2147 2677 Rex
2197 2604 2532 2691 Hungarie
2581 2601 3025 2690 significamus

762 2741 986 2802 tenore
1036 2725 1447 2816 presencium
1500 2720 1858 2806 vniuersis3
1905 2718 2081 2805 quod
2136 2738 2280 2785 cum
2331 2716 2596 2801 domos,
2640 2713 2871 2779 uineas
2893 2763 2913 2799 ,
2964 2718 3032 2779 et

768 2858 989 2908 omnes
1022 2832 1505 2923 possessiones,
1551 2850 1633 2898 ac
1663 2850 1767 2897 res
1799 2827 2071 2897 mobiles
2108 2832 2174 2891 et
2205 2822 2567 2891 immobiles
2605 2821 2792 2888 Teku
2826 2840 3030 2905 quon-

767 2944 918 3011 dam
950 2941 1033 3009 de
1063 2940 1272 3025 Aquis
1325 2937 1573 3008 Calidis
1624 2935 1768 3003 sine
1817 2933 2059 3003 herede
2111 2928 2485 3000 decedentis
2543 2926 2844 2997 dominus
2890 2929 3035 2993 Rex

768 3055 860 3120 St.
893 3049 1152 3135 genitor
1216 3055 1437 3116 nostor
1498 3044 1927 3130 karissimus,
1973 3063 2050 3109 ac
2087 3061 2208 3109 nos
2243 3037 2502 3106 demum
2556 3036 2743 3103 iustis
2795 3032 3033 3102 litteris

772 3169 838 3227 et
866 3154 1318 3227 instrumentis
1348 3152 1870 3239 acceptabilibus
1920 3150 2125 3237 ipsius
2177 3146 2422 3215 domini
2455 3144 2651 3229 Regis
2685 3142 2891 3228 patris
2922 3162 3034 3208 no—

774 3267 890 3334 stri
923 3287 1116 3352 super
1148 3263 1340 3332 dictis
1395 3260 1963 3347 possessionibus,
2012 3256 2266 3343 uineis,
2313 3255 2508 3322 rebus
2570 3250 2920 3318 mobilibus
2968 3256 3038 3316 et

774 3371 1213 3441 immobilibus
1266 3368 1575 3437 confectis
1608 3375 1675 3435 et
1704 3365 1997 3452 legitime
2046 3362 2379 3431 concessis
2432 3359 2893 3451 contulerimus
2924 3357 3038 3424 do-

775 3482 952 3547 mine
979 3479 1297 3568 Elysabet
1330 3477 1536 3547 sorori
1567 3482 1784 3542 nostre
1836 3470 2193 3560 predilccte
2212 3522 2232 3558 ,
2281 3489 2363 3536 ac
2402 3465 2798 3534 Monasterio
2838 3466 3042 3533 Beate

778 3588 1078 3673 Uirginis
1110 3585 1194 3652 de
1229 3587 1472 3672 Insula,
1533 3583 1962 3668 possidendas
2016 3586 2328 3666 perpetuo
2392 3583 2458 3644 et
2517 3572 2897 3658 habendas3
2976 3580 3045 3638 et

778 3717 949 3763 nunc
999 3714 1194 3782 super
1252 3693 1535 3778 quadam
1615 3692 1811 3759 uinea
1864 3689 2019 3756 dicti
2069 3687 2257 3754 'Peku
2310 3685 2379 3752 in
2432 3681 2858 3752 'Pusmanmal
2911 3682 3045 3748 exi·

777 3804 970 3872 stenti
1002 3855 1021 3890 ,
1101 3822 1216 3888 per
1296 3803 1607 3868 Petunem
1691 3804 1755 3865 et
1822 3797 2224 3884 Stephanum
2302 3793 2473 3862 filios
2555 3793 2744 3859 Pauli
2821 3788 3048 3856 fratris

780 3911 936 3978 dicti
963 3910 1152 3976 Teku
1202 3908 1269 3975 in
1302 3908 1640 3993 presencia
1702 3905 1970 3992 Mathey
2033 3905 2149 3990 filij
2202 3903 2469 3987 Mathey
2532 3901 2785 3969 dicatur
2839 3896 3045 3964 fuisse

786 4017 1044 4101 questio
1114 4023 1342 4084 contra
1404 4013 1732 4082 iusticiam
1796 4012 2155 4080 suscitata:
2202 4011 2543 4092 volumus,
2590 4006 2765 4091 quod
2812 4004 3046 4072 eadem

784 4124 1053 4191 domina
1085 4144 1270 4192 soror
1300 4129 1564 4208 nostra,
1613 4127 1679 4188 et
1728 4120 1942 4206 ipsum
1982 4116 2444 4185 Monasterium
2466 4165 2483 4200 ,
2534 4114 2747 4201 ipsam
2785 4112 3052 4180 uincam

783 4232 853 4298 in
885 4231 1315 4299 Tusmanmal
1349 4229 1776 4313 existentem,
1825 4226 2022 4295 simul
2075 4246 2219 4293 cum
2271 4223 2569 4291 domibus
2609 4229 2674 4288 et
2704 4219 2860 4305 alijs
2890 4241 3048 4306 pos-

785 4340 1182 4406 sessionibus
1246 4336 1402 4402 dicti
1442 4335 1630 4403 'Peku
1666 4341 1978 4421 perpetuo
2031 4340 2099 4401 et
2156 4330 2669 4400 irreuocabiliter
2702 4327 3050 4415 possidere

785 4445 1092 4528 valeant3
1145 4450 1211 4510 et
1258 4441 1656 4512 collaciones
1720 4441 1999 4528 predicti
2063 4440 2305 4509 domini
2334 4440 2554 4528 tRegis
2578 4489 2597 4524 ,
2666 4445 2732 4504 et
2775 4442 3055 4523 nostras,

788 4551 949 4636 ipsis
1002 4550 1389 4618 dominabus
1442 4549 1854 4637 presentibus
1908 4549 2290 4617 roboramus
2324 4554 2389 4615 et
2419 4547 2785 4631 firmamus3
2837 4564 3061 4612 omnes
