3319 5249
1756 307 2071 406 *126-

1858 836 1964 905 81.

779 1035 1057 1102 Izabella
1084 1036 1519 1123 kira'lynenak
1553 1035 1781 1122 Symeq
1830 1039 1893 1102 έε
1938 1036 2256 1104 Sumodor
2305 1040 2682 1124 helyaeqeket
2732 1046 3061 1128 ιάτρῃαιό

942 1143 1305 1231 adomdnya
1343 1169 1386 1211 a
1417 1145 1798 1232 nyt'alsziyeti
1826 1148 2282 1231 apdczazdrda
2313 1151 2636 1213 szdmdra.
2678 1152 2808 1216 127
2809 1153 2872 1215 5.

993 1360 1133 1426 Nos
1193 1359 1485 1426 Isabella
1551 1358 1680 1427 Dei
1726 1358 1967 1444 ‘grania
2024 1359 2278 1445 Regina
2339 1361 2677 1447 Hungarie
2736 1364 3053 1431 memorie

777 1464 1309 1534 commendantes
1358 1466 1804 1551 significamus
1852 1465 2089 1552 quibus
2137 1466 2408 1553 expedit
2462 1468 2785 1538 vniuersis
2803 1519 2821 1553 ,
2867 1470 3047 1554 quod

775 1593 896 1640 nos
929 1574 1012 1642 ob
1044 1574 1398 1642 remedium
1447 1578 1512 1642 et
1559 1573 1779 1641 anime
1817 1581 2038 1641 nostre
2090 1575 2371 1643 salutem
2393 1626 2414 1660 ‚
2463 1577 2760 1647 uolentes
2799 1597 3056 1662 augere

777 1685 843 1748 et
872 1681 1310 1768 multiplicare
1360 1682 1814 1768 possessiones
1853 1701 2143 1750 sororum
2175 1682 2472 1749 Eeelesie
2503 1684 2710 1751 Beate
2744 1685 3056 1770 Virginis

776 1787 858 1856 de
890 1784 1119 1857 Insula
1161 1788 1445 1876 Danubij
1471 1841 1489 1875 ,
1538 1787 1858 1873 quasdam
1907 1788 2107 1855 uillas
2156 1786 2600 1856 uinidatorum
2648 1798 3056 1879 nostrorum,

777 1896 1023 1980 Symeg
1070 1896 1419 1980 uidelicet,
1478 1896 1546 1963 in
1602 1917 1735 1983 qua
1785 1896 2275 1980 quatuordeeim
2326 1897 2701 1965 mansiones
2749 1916 2898 1964 esse
2947 1897 3047 1963 di·

777 2009 1010 2070 euntnr
1027 2053 1049 2086 ,
1109 2009 1174 2071 et
1222 2010 1520 2091 preterea
1569 2004 1895 2073 Sumodor
1912 2056 1933 2092 ,
1999 2006 2066 2071 in
2118 2025 2253 2089 qua
2301 2012 2434 2072 tres
2484 2003 2853 2074 mansiones
2902 2004 3058 2074 sore

774 2116 1171 2198 asseruntur,
1217 2111 1413 2179 simul
1444 2131 1588 2178 eum
1621 2112 1813 2181 terris
1865 2131 2087 2180 eorum
2138 2121 2204 2180 et
2235 2114 2534 2180 omnibus
2566 2111 2815 2180 iuribus
2848 2111 2933 2180 ad
2966 2133 3049 2181 se

774 2217 1270 2306 pertinentibus,
1318 2222 1649 2289 sororibus
1698 2219 1990 2288 Eeelesie
2020 2222 2223 2289 Beate
2255 2221 2549 2306 Uirginis
2598 2220 2887 2307 predicte
2934 2220 3053 2287 de—

774 2325 1009 2408 dimus,
1055 2326 1438 2395 donauimus
1492 2333 1558 2395 et
1593 2328 1991 2413 eontulimus
2041 2329 2183 2395 iure
2235 2336 2552 2416 perpetuo
2603 2337 2672 2397 et
2720 2330 3045 2396 irreuooa-

776 2432 993 2501 biliter
1061 2433 1529 2521 possidendas3
1595 2437 1693 2502 ita
1739 2436 2089 2522 uidelicet,
2159 2436 2335 2521 quod
2384 2435 2587 2523 ijdem
2635 2435 3059 2503 uinidatores.

773 2541 979 2608 nostri
1027 2540 1096 2607 in
1149 2540 1313 2628 ipsis
1364 2543 1617 2610 duabus
1669 2542 1847 2610 uillis
1909 2543 2156 2630 Symeg
2203 2550 2270 2611 et
2317 2542 2636 2611 Sumodor
2684 2542 3055 2610 existentes

701 2634 714 2643 ’
775 2647 1058 2716 debitum
1107 2649 1396 2737 ipsorum
1446 2652 1732 2720 annuale
1780 2651 2075 2736 soluere,
2126 2660 2194 2719 et
2232 2652 2582 2721 seruieium
2632 2671 2855 2720 eorum
2886 2671 3041 2720 eon·

774 2762 1032 2823 suetum
1064 2757 1423 2843 inpendere
1469 2760 1805 2828 sororibus
1837 2760 2133 2827 Eeelesie
2164 2766 2517 2828 memorate
2548 2780 2630 2827 ea
2660 2758 3041 2845 integritate

773 2870 1139 2949 teneantur,
1184 2883 1316 2947 qua
1348 2865 1536 2933 nobis
1585 2865 1771 2933 iuxta
1801 2866 2091 2951 ipsorum
2132 2865 2578 2933 condicionem
2607 2867 3049 2952 approbatam

772 2971 1100 3041 debebant
1128 2991 1335 3056 usqne
1366 2973 1579 3041 modo.
1611 2974 1855 3041 Datum
1888 2974 2072 3042 Bude
2103 2974 2172 3040 in
2205 2974 2458 3042 oetauis
2477 2973 2664 3041 Beati
2694 2970 3057 3039 Michaelis.

778 3080 1132 3165 Areangeli
1183 3101 1353 3149 anno
1413 3081 1679 3148 Demini
1710 3079 2148 3149 M⁰cc⁰Lxx⁰
2178 3081 2427 3166 quinto.

779 3259 1053 3324 (Exedetie
1091 3255 1454 3328 bdrhirtyan,
1487 3276 1522 3312 a
1546 3257 1703 3313 hatul
1730 3262 1834 3313 oda
1871 3268 2118 3328 nyomott
2141 3260 2327 3329 peeset
2351 3260 2629 3324 elvennen,
2652 3276 2688 3313 ι
2725 3262 2894 3313 budai
2933 3262 3061 3313 kir-

1579 3351 1827 3404 kamarai
1863 3347 2244 3416 leveltbsban.)
