3319 5249
1400 360 1532 427 483

323 553 485 619 dam
516 554 986 639 possessionem
1020 573 1204 620 suam
1235 553 1446 621 Zanto
1465 560 1763 621 vocatam
1775 553 1852 638 ‚in
1882 553 2206 620 Comitum
2237 552 2598 621 Tholnensi

332 662 720 729 existentem
752 681 895 729 eum
930 659 1233 727 omnibus
1251 660 1637 727 utilitatibus
1682 660 1834 742 suis,
1868 656 2048 725 dedit
2078 668 2141 727 et
2173 658 2446 727 eontulit
2463 660 2597 746 ipsi

326 767 469 835 Aaz
501 774 812 853 perpetuo
844 775 911 834 et
939 767 1454 834 irreuoeabiliter
1516 766 2016 853 possidendam;
2084 771 2150 835 et
2212 788 2248 835 e
2278 787 2594 835 conuerso

329 873 500 941 idem
539 875 676 940 Aaz
706 875 939 942 Comiti
960 874 1139 958 Ogus
1162 873 1338 941 dedit
1370 882 1435 941 et
1473 874 1754 941 eontulit
1767 874 2135 960 porcionem
2157 893 2362 960 suam,
2397 894 2594 959 quam

330 981 535 1048 habet
571 981 639 1047 in
670 978 861 1068 Royk
894 1000 1036 1047 eum
1071 980 1370 1045 omnibus
1392 980 1784 1047 utilitatibus
1815 982 1950 1049 suis
1971 981 2263 1048 similiter
2284 987 2599 1067 perpetuo

328 1086 811 1173 possidendam.
845 1087 945 1153 Ita
979 1087 1149 1170 quod
1181 1086 1237 1153 si
1269 1087 1442 1154 idem
1474 1086 1706 1154 Comes
1730 1088 1911 1171 Oguz
1930 1090 2275 1155 oeeasione
2296 1088 2594 1155 eiusdem

331 1196 699 1280 eoneambij
738 1214 930 1281 super
963 1196 1110 1281 ipsa
1144 1195 1557 1279 possessione
1590 1181 2050 1280 Royk'voeata
2082 1215 2391 1282 proeessu
2443 1202 2598 1261 tem-

324 1325 559 1391 porum
592 1324 706 1388 per
736 1304 1104 1387 quempiam
1136 1303 1572 1389 impeteretur,
1608 1304 1751 1388 ipse
1783 1305 1922 1369 Aaz
1954 1304 2235 1370 eundem
2283 1300 2594 1389 expedire

326 1412 662 1479 tenebitur
691 1411 972 1497 proprijs
1003 1410 1333 1478 laboribus
1367 1419 1429 1477 et
1464 1410 1789 1497 expensis.
1826 1410 1894 1477 Si
1918 1431 2068 1477 uero
2102 1411 2411 1495 expedire
2461 1429 2594 1475 non

331 1525 575 1605 posset,
607 1518 691 1584 de
722 1518 853 1585 alia
884 1518 1293 1603 possessione
1326 1538 1444 1584 sua
1474 1540 1590 1603 pro
1630 1519 1773 1604 ipso
1806 1519 2182 1586 eoneambio
2216 1517 2423 1585 eidem
2477 1518 2598 1584 Co·

322 1626 467 1691 miti
499 1624 680 1709 Oguz
713 1625 868 1692 dare
908 1626 1230 1692 tenebitur
1264 1627 1741 1711 possessionem
1775 1626 2255 1708 equiualentem
2288 1626 2591 1693 similiter

327 1739 638 1818 perpetuo
669 1731 1152 1816 possidendam.
1187 1733 1257 1798 Si
1291 1752 1443 1799 uero
1479 1732 1711 1799 Comes
1747 1731 1927 1815 Oguz
1981 1733 2256 1799 eundem
2306 1734 2443 1800 Aaz
2496 1736 2586 1801 ab

328 1840 740 1923 impetieione
773 1839 1079 1922 expedire
1112 1860 1240 1904 non
1275 1846 1514 1927 posset,
1535 1838 1760 1905 reddet
1783 1840 1907 1905 sibi
1946 1840 2302 1922 predictam
2336 1861 2593 1925 posses·

333 1946 579 2011 sionem
616 1966 797 2010 suam
832 1945 1042 2031 Royk,
1080 1966 1273 2028 quam
1308 1947 1553 2030 recepit
1584 1945 1671 2011 ab
1706 1942 1953 2012 eodem.
1987 1947 2232 2011 Datum
2297 1947 2364 2011 in
2426 1948 2593 2014 villa

322 2050 513 2135 Gyos
546 2052 730 2134 Lapa
784 2053 1045 2118 infesto
1094 2052 1140 2117 S
1173 2088 1755 2104 —————
1811 2072 1982 2118 anno
2034 2052 2300 2118 Domini
2348 2054 2413 2118 M
2430 2055 2594 2120 ‘’CC·

333 2159 623 2225 LXXXo
665 2167 915 2226 octauo.

322 2356 609 2412 (Eredetie
633 2353 984 2421 borbat-tyara,
1016 2372 1050 2405 a
1076 2354 1227 2407 hatu'
1258 2356 1361 2407 ola
1386 2363 1633 2421 nyomott
1658 2375 1784 2422 pecs
1798 2356 1843 2408 St
1871 2358 2132 2409 elveszett
2155 2379 2167 2427 3
2214 2374 2247 2408 a
2269 2361 2434 2410 budai
2489 2362 2598 2412 kir.

1125 2444 1371 2496 kamarai
1402 2444 1781 2511 lovelt-irban.)

1186 2732 1616 2746 *——

1378 3233 1536 3300 345.

327 3427 426 3492 ΑΖ
458 3433 828 3516 eszteryami
860 3432 1318 3515 ka'ptalannak
1368 3430 1934 3520 bizonys‘iylevele,
1986 3438 2149 3522 hoqy
2203 3436 2596 3501 Konstantia

318 3535 569 3604 Chaa-i
602 3539 865 3605 Scindor
898 3550 1180 3626 b‘zveqye,
1220 3541 1280 3604 6⁸
1316 3540 1426 3622 fla
1459 3541 1676 3624 Fazep
1728 3542 2023 3626 bizonyos
2075 3547 2233 3607 retes.
2289 3543 2605 3627 Godynns

682 3651 879 3713 comes
910 3648 1285 3732 eszterqam!
1308 3647 1682 3733 polqdrnak
1713 3649 1994 3730 eladtdk,
2029 3651 2224 3717 1288.

869 3808 926 3870 A
1449 3808 1500 3872 Β
2026 3810 2076 3876 C

542 3983 883 4051 Uniuersis
917 3991 1251 4071 presentes
1284 3985 1531 4051 litteras
1563 3987 1954 4071 inspecturis
1977 3986 2349 4074 Capitulum
2374 3990 2594 4056 Eeele·

316 4091 422 4158 ‘sie
455 4090 919 4173 strigoniensis
953 4091 1209 4158 saluten
1229 4092 1297 4157 in
1319 4093 1595 4160 Domino
1630 4096 2113 4181 sempiternam.
2136 4096 2242 4163 Ad
2260 4099 2595 4166 vniuerso-

325 4220 466 4266 rum
500 4199 807 4266 notieiam
867 4205 1087 4266 tenore
1149 4202 1559 4287 presencium
1621 4204 1919 4273 volumus
1985 4205 2346 4290 peruenire,
2412 4203 2603 4286 quod

324 4305 564 4374 mulier
594 4307 854 4376 nomine
890 4307 1282 4376 Constaneia
1330 4309 1470 4376 filia
1502 4311 1799 4397 Gregorij
1837 4312 1920 4379 de
1951 4313 2244 4398 partibus
2295 4311 2601 4379 Vltrada·

327 4414 723 4498 nubialibus,
755 4415 980 4494 relicta
1010 4415 1312 4485 videlieet
1343 4418 1704 4486 Alexandri
1735 4421 1817 4487 de
1850 4421 2011 4487 villa
2044 4420 2228 4487 Chuu
2261 4416 2343 4486 de
2378 4418 2588 4484 Comi-

327 4529 471 4590 latu
503 4523 932 4608 strigoniensi
969 4531 1035 4590 et
1064 4524 1148 4593 de
1198 4527 1482 4613 Dyoeesi
1534 4523 2048 4615 Wesprimiensi‚
2100 4547 2179 4594 ae
2227 4525 2595 4614 Phylippus

313 4628 702 4698 adolescens
733 4629 903 4698 filius
935 4631 1246 4718 eiusdem,
1281 4631 1368 4700 ad
1402 4641 1694 4701 nostram
1725 4636 2136 4720 presenciam
2182 4633 2587 4722 aecedentes,

2151 4742 2279 4810 31*
