3319 5249
1903 333 1989 405 82

816 536 1006 602 dibus
1059 535 1306 622 obruti,
1355 553 1577 601 verum
1631 533 1838 616 eci—am
1881 570 1954 581 —
1999 572 2075 581 —
2113 533 2198 618 ijs
2250 540 2316 600 et
2363 533 2609 601 lanceis
2661 533 3075 624 (crude)liter

816 643 1167 728 perforati,
1216 643 1324 710 vbi
1356 664 1490 709 non
1541 642 1681 710 sine
1730 650 1936 711 morte
1985 641 2320 710 cuiusdam
2370 642 2592 710 fratris
2625 664 2847 710 eorum
2880 644 3073 710 Nico·

816 752 961 819 laus
992 750 1346 837 nuncupati
1396 750 1619 816 mortis
1650 750 2008 834 periculum
2050 750 2424 834 aliqualiter
2464 758 2827 818 euaserunt.
2897 750 3071 829 Quo-

819 881 959 925 rum
1012 857 1276 927 sudores
1329 866 1619 944 tergere,
1673 858 1924 925 wlnera
1973 879 2211 926 sanare
2264 864 2329 925 et
2377 859 2562 925 labor
2618 896 2692 905 —
2727 898 2817 909 —
2851 895 2930 908 -·
2986 861 3073 928 de

813 968 1047 1050 Regali
1097 965 1548 1032 munificencia
1597 967 1952 1051 cupientes,
2005 965 2183 1052 ipsos
2216 973 2281 1032 et
2311 987 2570 1033 suorum
2606 964 2780 1053 (igy)
2812 988 3068 1036 succes·

813 1096 994 1143 sores
1046 1097 1165 1160 pro
1204 1074 1569 1141 huiusmodi
1601 1074 1884 1161 expertis
1933 1082 1997 1141 et
2046 1074 2240 1142 claris
2291 1074 2641 1143 uirtutibus
2673 1077 3072 1168 clarioribus

811 1185 954 1252 luce
997 1184 1177 1248 clara
1212 1220 1288 1228 —
1327 1220 1415 1229 —
1454 1220 1528 1229 —
1573 1220 1650 1229 —-
1687 1182 1923 1249 luimus
1965 1183 2236 1266 aliquali
2270 1182 2605 1271 insignire,
2656 1184 3070 1251 absoluentes

812 1311 922 1359 eos
974 1298 1041 1357 et
1088 1310 1242 1358 suos
1298 1288 1566 1357 heredes
1632 1291 2070 1374 heredumque
2129 1313 2387 1359 suorum
2453 1310 2864 1359 successores
2917 1312 3067 1359 cum

812 1407 990 1466 terra
1041 1418 1260 1465 eorum
1307 1399 1601 1466 Forkosd
1650 1407 1889 1466 uocata
1920 1397 1992 1488 (a
2022 1401 2317 1485 iobagio)
2352 1407 2508 1466 natu
2542 1399 2700 1467 dicti
2732 1401 2952 1487 castri,
3001 1407 3071 1467 et

815 1507 1222 1576 conferentes
1257 1507 1353 1573 eis
1406 1507 1645 1573 donum
1677 1514 1810 1573 tam
1844 1508 2196 1592 solempnis
2229 1508 2551 1575 libertatis
2572 1561 2589 1595 ,
2636 1515 2705 1574 ut
2740 1509 2827 1575 ab
2858 1507 3067 1592 ipsius

810 1615 1009 1683 castri
1043 1616 1220 1680 exuti
1261 1619 1326 1680 et
1358 1615 1636 1681 absoluti
1670 1615 2113 1699 iobagionatu,
2148 1621 2211 1682 et
2242 1616 2323 1686 in,
2343 1626 2577 1698 cetum,
2610 1635 2946 1682 numerum
3000 1623 3069 1682 et

815 1723 1169 1807 collegium
1206 1721 1628 1789 seruiencium
1681 1730 2039 1789 nostrorum
2073 1723 2411 1806 Regalium
2462 1743 2579 1808 per
2610 1744 2729 1790 nos
2762 1723 3069 1789 translati

807 1851 1025 1897 coram
1060 1837 1280 1897 nostre
1313 1827 1680 1894 Maiestatis
1732 1829 2073 1914 presencia
2104 1849 2246 1895 cum
2299 1829 2453 1915 alijs
2490 1831 2924 1898 seruientibus
2956 1852 3067 1897 no·

808 1939 962 2004 stris
999 1937 1353 2021 Regalibus
1406 1935 1691 2020 graciam
1745 1935 2029 2002 habeant
2081 1935 2463 2003 famulandi.
2530 1938 2605 2002 In
2649 1937 2832 2004 cuius
2869 1935 3065 2025 (cer)-

804 2043 1143 2111 titudinem
1205 2052 1537 2128 presentes
1617 2049 1872 2110 nostras
1954 2045 2393 2112 concessimus
2460 2044 2711 2112 litteras
2775 2044 3065 2129 duplicis

807 2151 1012 2234 sigilli
1046 2152 1249 2217 nostri
1282 2150 1636 2217 munimine
1666 2154 2025 2219 roboratas.
2073 2152 2313 2218 Datum
2345 2174 2464 2239 per
2493 2171 2726 2219 manus
2757 2152 3067 2237 Magistri

804 2259 1140 2325 Benedicti
1191 2257 1430 2324 Sancte
1492 2258 1955 2341 strigoniensis
2002 2259 2293 2328 Ecclesie
2352 2258 2664 2346 (Electi),
2736 2259 3065 2344 Prepositi

804 2367 1126 2434 Budensis
1192 2372 1256 2432 et
1317 2366 1464 2432 aule
1526 2372 1748 2431 nostre
1813 2365 2386 2451 vice-Cancellarij
2415 2365 2661 2435 ‘dilecti
2726 2374 2792 2435 et
2848 2369 3066 2435 fidelis

802 2474 1028 2561 nostri,
1080 2495 1252 2540 anno
1287 2474 1550 2539 Domini
1591 2472 2027 2538 M⁰CC⁰LXX⁰
2060 2481 2310 2559 quart0,
2363 2475 2573 2559 Regni
2608 2481 2823 2542 autem
2853 2478 3065 2542 nostri

801 2605 975 2652 anno
1026 2581 1331 2651 secundo.
1382 2579 1880 2647 Venerabilibus
1931 2581 2228 2666 patribus
2262 2582 2592 2666 Stephano
2627 2582 2965 2650 Colocensi
2999 2587 3068 2649 et

805 2691 1156 2775 (Johanne)
1230 2690 1604 2775 Spalatensi
1667 2690 2198 2776 Archiepiscopis
2227 2743 2246 2778 ,
2324 2693 2669 2777 Lamperto
2729 2689 3057 2776 Agriensi,

803 2797 1211 2887 (Benedicto)
1245 2795 1687 2863 Chanadiensi
1708 2848 1725 2881 ‚
1771 2797 1898 2863 Job
1935 2796 2642 2885 Quinqueecclesiensi,
2689 2798 2898 2864 Paulo
2931 2800 3055 2864 Ve-

799 2906 1167 2995 sprimicnsi
1203 2906 1353 2972 aule
1385 2912 1600 2971 nostre
1637 2905 2046 2973 Cancellario
2066 2957 2083 2990 ,
2134 2907 2446 2994 Philippo
2479 2906 2867 2974 Varadiensi
2902 2906 3055 2972 aule

801 3016 1058 3083 domine
1089 3015 1339 3096 Regine
1371 3014 1687 3078 consortis
1720 3020 1941 3080 nostre
1974 3014 2326 3080 karissime
2360 3014 2792 3099 cancellario,
2843 3011 3056 3079 Lodo-

798 3123 1002 3189 merio
1055 3119 1446 3188 Varadiensi
1462 3171 1483 3206 ,
1548 3119 1932 3187 'rhimotheo
1983 3120 2407 3205 Zagrabiensi
2426 3175 2444 3208 ,
2502 3118 2858 3209 (Dionisio)
2906 3121 3063 3188 Jau-

797 3230 992 3296 riensi
1045 3235 1110 3294 et
1139 3229 1329 3294 Petro
1361 3227 1827 3295 Transsiluano
1859 3228 2204 3314 Episcopis
2239 3229 2572 3297 Ecclesias
2602 3227 2727 3295 Dei
2776 3228 3060 3295 feliciter

799 3335 1347 3420 gubernantibus3
1396 3335 1690 3401 Dionisio
1740 3335 2043 3401 Palatino
2098 3337 2350 3403 Comite
2401 3335 2482 3402 de
2514 3335 2798 3421 Okylich
2848 3341 2912 3401 et
2942 3336 3059 3403 Ju-

799 3444 942 3510 dice
994 3442 1445 3526 Cumanorum,
1496 3441 1792 3529 (Herrico
1842 3444 2024 3509 Bano
2077 3440 2315 3529 tocius)
2365 3443 2731 3530 Sclauonie,
2778 3444 3062 3509 Nicolao

797 3550 1121 3636 Voyuoda
1150 3549 1618 3616 Transsiluano
1665 3548 1917 3617 Comite
1949 3549 2029 3616 de
2062 3549 2315 3635 Zonuk-5
2360 3550 2701 3618 Jwachino
2740 3551 3060 3634 Magistro

794 3657 1308 3726 Tauarnicorum
1374 3662 1741 3722 nostrorum
1793 3654 2044 3722 Comite
2095 3656 2175 3723 de
2225 3656 2426 3741 Plys,
2490 3656 2767 3724 Nicolao
2819 3656 3060 3723 Judice

794 3768 986 3835 Curie
1031 3772 1254 3832 nostre
1303 3764 1554 3830 Comite
1602 3763 1686 3829 de
1736 3763 2084 3849 Guechke,
2129 3763 2335 3850 Baulo
2378 3764 2561 3830 Bano
2614 3765 2694 3830 de
2727 3764 3062 3851 Zeurinio,

791 3874 1084 3941 Renoldo
1134 3872 1450 3956 Magistro
1482 3868 1947 3955 Dapiferorum
1982 3877 2345 3937 nostrorum
2396 3869 2648 3938 Comite
2697 3869 2783 3937 de
2812 3871 3055 3956 Zulga-

789 4002 986 4067 geur,
1059 3976 1452 4069 (Her)bordo
1498 3977 1816 4061 Magistro
1866 3977 2248 4060 Agasonum
2290 3984 2654 4044 nostrorum
2687 3978 2933 4045 Comite
2966 3979 3057 4046 de

793 4091 1072 4174 Barana‚
1109 4087 1411 4172 (Nicolao
1443 4081 1782 4170 Magistro)
1813 4087 2283 4152 Pincernarum
2315 4091 2706 4172 nostrorum,
2749 4086 3058 4154 ‚Iohanne

790 4196 1038 4262 Comite
1083 4195 1512 4281 Suprunicnsi
1533 4244 1551 4277 ‚
1619 4193 1938 4276 Gregorio
1989 4193 2240 4260 Comite
2291 4193 2505 4260 Castri
2555 4193 2774 4260 Ferrei
2795 4244 2815 4280 ,
2864 4193 3056 4278 Moys

792 4302 1042 4368 Comite
1075 4302 1497 4390 Symigiensi,
1548 4300 1802 4368 Dcdalo
1843 4301 2091 4368 Comite
2121 4300 2519 4388 Zaladiensi,
2569 4309 2635 4368 et
2665 4300 2816 4385 alijs
2848 4320 3055 4385 quam

788 4411 1081 4498 pluribus
1114 4411 1480 4480 Comitatus
1510 4412 1715 4496 Regni
1750 4410 2123 4478 tenentibus
2156 4419 2222 4478 et
2253 4410 2548 4478 honores.

786 4558 1061 4628 (Eredetic
1098 4555 1449 4626 b6rhbrtyan,
1488 4557 1829 4627 megrongalt
1854 4557 2188 4626 allapotban‚
2223 4558 2476 4625 melynek
2502 4553 2720 4624 pecscte
2743 4551 3012 4623 hifinyzik
3039 4572 3054 4619 ς

1422 4666 1457 4703 a
1481 4668 1652 4702 nemz.
1681 4667 1931 4703 muzeum
1958 4645 2414 4717 kezirattarban.)

1700 4809 2133 4827 ω
