3319 5249
1784 351 1915 422 468

648 622 651 627 ⁴
716 548 787 613 in
818 546 1171 634 mandatiS,
1196 554 1267 614 ut
1284 565 1473 615 suum
1490 546 1815 615 hominem
1837 546 2164 614 mitterent
2195 567 2313 633 pro
2343 547 2738 635 testimonio,
2760 568 2988 615 coram--

726 675 856 742 quo
886 654 1238 722 Ladizlaus
1288 654 1455 723 filius
1487 655 1774 742 Lupreth
1814 654 1897 722 de
1944 654 2274 722 Iulafener
2324 654 2512 721 homo
2549 664 2770 722 noster
2802 676 2971 722 acce·

724 763 909 832 deret
937 763 1028 829 ad
1062 769 1296 831 terram
1330 762 1580 849 Chetre‚
1608 762 1878 848 Balisey
1910 769 1975 830 et
2009 762 2306 849 Gregorij
2356 764 2793 849 predictorum
2827 766 2978 832 Gor-

724 870 906 938 moth
937 878 1256 957 vocatam,
1293 877 1358 938 et
1390 870 1584 937 sciret
1613 873 1706 937 rei
1728 871 2072 937 ueritatem
2094 872 2176 937 de
2213 871 2512 958 predicta
2542 879 2735 952 terra,
2774 880 2978 940 vtrum

729 988 905 1047 esset
935 998 1141 1046 vacua
1176 984 1242 1044 et
1270 977 1742 1045 habitatoribus
1804 978 2155 1065 destituta,
2189 999 2311 1047 nec
2360 999 2481 1065 ne;
2517 988 2585 1047 et
2615 981 2670 1047 si
2705 1001 2993 1047 uacuam-

734 1086 1008 1154 eandem
1040 1085 1329 1168 inuenit,
1364 1093 1681 1154 statueret
1728 1084 1899 1153 dicto
1931 1088 2248 1171 Magistro
2282 1087 2519 1175 Zuard,
2552 1090 2608 1155 si
2637 1108 2773 1155 non
2801 1088 2983 1157 fieret

727 1193 1219 1277 contradictum,
1252 1191 1755 1261 contradictores
1804 1215 1957 1260 vero
2006 1194 2095 1261 ad
2124 1201 2418 1261 nostram
2469 1196 2698 1262 citaret
2726 1215 2982 1281 presen-

733 1302 901 1368 ciam
936 1301 1024 1367 ad
1052 1301 1394 1368 terminum
1414 1307 1909 1388 competentem.
1950 1302 2076 1381 Qui
2097 1303 2358 1387 quidem
2391 1302 2767 1371 conuentus
2798 1303 2998 1369 nobis

733 1409 993 1475 demum
1023 1409 1367 1494 rescripsit
1397 1408 1464 1473 in
1512 1406 1633 1474 hec
1664 1411 1862 1476 uerba
1890 1431 1906 1472 ε

947 1516 1514 1585 Excellentissimo
1547 1516 1806 1584 domino
1838 1537 1954 1584 suo
1984 1518 2058 1584 L.
2095 1518 2177 1583 D.
2211 1539 2305 1602 gr.
2339 1518 2580 1586 Illustri
2611 1517 2777 1602 Regi
2803 1518 2979 1584 Hun-

732 1625 920 1709 garie
946 1623 1320 1691 conuentus
1343 1623 1742 1694 cruciferum
1763 1623 1985 1691 Sancti
2018 1625 2222 1709 Regis
2243 1625 2554 1710 Stephani
2577 1628 2697 1693 stb.
2732 1623 2981 1712 (korst-

728 1730 925 1798 kezik
954 1752 997 1797 a
1026 1730 1448 1817 keresztesek
1467 1730 1854 1814 esztergami
1873 1731 2355 1816 konventjenek
2379 1735 2549 1801 1288
2564 1733 2998 1820 -kiJelentese

730 1839 897 1905 mint
928 1839 1127 1908 alabb
1148 1840 1299 1906 352.
1333 1859 1420 1905 sz.
1455 1836 1547 1925 a.)

953 1947 1090 2014 Nos
1124 1947 1348 2032 itaque
1379 1947 1876 2015 considerantes
1905 1946 2241 2016 fidelitatis
2274 1955 2339 2016 et
2386 1946 2811 2015 seruiciorum
2863 1966 2996 2014 me·-

739 2054 875 2121 rita
906 2053 1063 2120 dicti
1093 2053 1392 2139 Magistri
1449 2053 1684 2144 Zuard‚
1743 2056 1980 2139 quibus
2047 2058 2115 2122 in
2179 2055 2462 2124 diuersis
2521 2056 2736 2141 Regni
2786 2057 2985 2123 nostri

732 2159 1268 2248 expedicionibus
1296 2181 1509 2228 coram
1541 2169 1760 2230 nostre
1789 2162 2156 2232 Maiestatis
2189 2162 2399 2230 oculis
2428 2162 2660 2229 meruit
2679 2163 2994 2249 multipli-

736 2269 897 2337 citer
928 2268 1388 2356 commendari,
1421 2269 1700 2336 eandem
1730 2276 1965 2337 terram
1998 2270 2313 2341 Gor-moth
2344 2290 2489 2337 cum
2519 2272 2654 2336 suis
2691 2270 2988 2338 vtilitati·

732 2378 857 2444 bus
892 2384 956 2444 et
987 2376 1405 2465 pertinencijs
1445 2377 1787 2462 vniuersis‚
1818 2397 1940 2461 que
1971 2375 2095 2443 fuit
2122 2377 2379 2462 Chetre,
2413 2377 2681 2463 Balisey
2713 2386 2779 2444 et
2832 2378 2982 2445 Gre-

739 2484 900 2569 gorij
953 2482 1390 2570 predictorum
1451 2485 1592 2551 sine
1641 2484 1884 2552 herede
1935 2483 2413 2565 decedencium,
2464 2483 2553 2549 ad
2601 2503 2834 2554 manus
2883 2506 2998 2552 noe

740 2598 912 2660 stras
942 2590 1206 2678 Regias,
1225 2597 1294 2660 vt
1314 2590 1751 2678 premisimus,
1772 2592 2165 2679 deuolutam,
2186 2590 2396 2658 eidem
2413 2590 2727 2677 Magistro
2759 2594 2986 2679 Zuard‚

740 2707 807 2766 et
834 2720 955 2785 per
986 2719 1131 2764 eum
1163 2700 1301 2767 sius
1330 2698 1680 2768 heredibus
1731 2699 2170 2785 heredumque
2201 2718 2463 2766 suorum
2513 2701 2990 2770 successoribus

739 2809 822 2876 de
854 2806 1257 2893 plenitudine
1287 2815 1508 2875 nostre
1538 2809 1758 2892 gracie
1791 2808 2113 2894 dedimus,
2147 2808 2557 2894 contulimus,
2607 2809 3000 2877 tradidimus

738 2921 807 2982 et
838 2915 1223 2983 donauimus
1252 2914 1390 2981 iure
1421 2925 1732 3001 perpetuo
1751 2918 2023 3001 pacifice
2044 2923 2108 2982 et
2124 2916 2641 2985 irreuocabiliter
2657 2917 2991 3002 possiden·

734 3027 906 3091 dam.
941 3024 1027 3090 Vt
1052 3022 1251 3108 igitur
1277 3022 1470 3090 huius
1503 3030 1721 3090 nostre
1780 3023 2158 3094 collacionis
2188 3023 2392 3092 series
2440 3024 2635 3091 robur
2683 3025 2991 3109 optineat·

740 3140 1052 3219 perpetue
1083 3130 1410 3198 firmitatis
1442 3149 1563 3200 nec
1593 3131 1803 3221 possit
1831 3131 1963 3199 ullo
1995 3151 2279 3218 unquam
2311 3139 2598 3217 tempore
2628 3130 2697 3197 in
2728 3130 2979 3198 irritum

738 3238 1096 3326 ratractari,
1122 3246 1456 3326 presentes
1489 3239 1931 3308 concessimus
1957 3239 2215 3308 litteras
2246 3238 2523 3326 duplicis
2555 3238 2758 3322 sigilli
2789 3235 2993 3304 nostri

746 3346 1103 3414 munimine
1155 3346 1499 3413 roboratas
1557 3345 1800 3412 Datum
1863 3364 1983 3432 per
2043 3365 2276 3412 manus
2337 3342 2733 3412 venerahilis
2796 3344 3008 3431 patris

741 3458 992 3526 Thome
1023 3453 1145 3521 Dei
1178 3453 1399 3538 gracia
1427 3452 1737 3540 Episcopi
1770 3452 2137 3520 Waciensis
2181 3453 2330 3519 aule
2357 3456 2578 3519 nostre
2610 3448 2995 3535 Cancellarij

749 3564 904 3633 lecti
940 3570 1006 3630 et
1024 3560 1232 3629 fidelis
1252 3561 1457 3628 nostri
1478 3585 1494 3645 ;
1516 3581 1691 3628 anno
1722 3559 1984 3629 Domini
2023 3557 2718 3643 M⁰CC⁰octuagesimo
2767 3567 3010 3625 octauo

744 3673 1016 3760 septimo
1047 3668 1371 3737 kalendas
1401 3668 1584 3755 Julij,
1630 3669 2004 3737 Indiccione
2036 3668 2264 3754 prima,
2296 3666 2505 3752 Regni
2534 3672 2753 3734 autem
2789 3663 3004 3733 nostri

745 3801 916 3848 anno
950 3776 1294 3845 sedecimo.

738 3997 1028 4060 (Eredetie
1050 3992 1398 4059 bdrhartyam
1419 4011 1453 4046 a
1472 3993 1667 4062 pecset
1685 3993 1964 4058 elveszett3
1986 4009 2019 4045 a
2037 3992 2202 4044 budai
2222 3992 2594 4044 kir.‘kamarai
2613 3987 3014 4053 leveltarban.)

1666 4295 2093 4308 ”mm
