3319 5249
1817 340 1946 406 252

737 538 1056 604 immerito
1116 536 1183 603 in
1246 534 1604 603 tesaurario
1658 534 2027 602 memoriali
2059 534 2358 621 deposita
2422 554 2730 622 processu
2794 535 2998 621 ipsius

736 644 1047 731 temporis
1098 645 1461 712 elabuntur.
1543 642 1794 710 Idcirco
1843 644 2333 712 racionabiliter
2372 642 2743 710 litterarum
2776 662 3001 729 perpe-

737 752 965 820 tuitate
1026 752 1583 839 perhempnantur
1634 770 1738 817 res
1770 801 1788 835 ,
1855 770 1982 835 que
2044 771 2160 835 per
2211 751 2562 817 humanam
2616 749 3002 818 industriam

736 858 1104 926 actitantur.
1151 860 1358 945 Igitur
1389 857 1476 924 ad
1527 857 1970 930 yuiuersorum
2004 857 2313 925 noticiam
2347 856 2576 924 harum
2617 857 2787 924 serie
2819 859 3000 924 uolu-

736 988 875 1034 mus
908 967 1292 1053 peruenire:
1328 963 1501 1050 quod
1531 953 1680 1051 cum
1710 965 1994 1033 Jacobus
2028 964 2303 1033 Villicus
2338 962 2755 1032 Posoniensis
2779 984 3000 1048 quam·

736 1074 885 1141 dam
946 1081 1181 1139 terram
1233 1074 1549 1139 Plumnou
1601 1078 1928 1158 uocatam,
1979 1093 2257 1140 uacuam
2292 1079 2355 1139 et
2387 1072 2863 1140 habitatoribus
2897 1072 3002 1139 de-

734 1181 1047 1265 stitutam,
1094 1202 1135 1247 a
1168 1180 1353 1247 nobis
1388 1181 1514 1246 sibi
1548 1179 1691 1246 dari
1720 1181 2158 1266 postulasset;
2205 1200 2323 1248 nos
2376 1179 2669 1247 eiusdem
2702 1180 2999 1265 seruicijs

735 1290 1081 1373 meritorijs
1143 1288 1479 1356 recensitis
1544 1295 1609 1356 et
1662 1288 1955 1373 cognitis,
2006 1308 2133 1371 que
2183 1288 2250 1355 in
2284 1289 2532 1355 cunctis
2565 1289 2857 1376 negocijs
2890 1287 3000 1356 do·

734 1397 892 1463 mini
924 1397 1132 1463 nostri
1164 1397 1362 1481 Regis
1414 1402 1477 1464 et
1520 1396 1798 1480 nostris,
1851 1402 1916 1461 et
1957 1395 2334 1480 specialiter
2374 1405 2603 1464 contra
2633 1397 3001 1465 Johannem

630 1490 633 1493 ¹
733 1504 940 1570 filium
972 1503 1146 1570 Petri
1179 1503 1502 1570 Curialem
1538 1504 1852 1570 Comitem
1906 1509 2193 1570 nostrum
2216 1555 2234 1587 ,
2314 1502 2425 1587 qui
2480 1504 2668 1572 titulo
2703 1526 2818 1572 seu
2851 1505 3001 1572 labe

733 1611 1140 1678 infidelitatis
1199 1619 1425 1678 contra
1474 1611 1688 1696 ipsum
1743 1610 2073 1677 dominum
2137 1617 2429 1678 nostrum
2482 1613 2999 1685 Illustrissimum

734 1720 974 1802 Regem
1007 1717 1349 1802 Hungarie
1383 1725 1447 1783 et
1480 1738 1598 1785 nos
1632 1718 2028 1804 vehebatur,
2074 1717 2358 1785 fideliter
2407 1727 2472 1785 et
2502 1720 2736 1787 deuote
2771 1722 2995 1807 inpen-

731 1827 848 1912 dit,
899 1825 1144 1892 dictam
1181 1832 1420 1891 terram
1455 1825 1772 1891 Plumnou
1808 1834 2144 1913 vocatam,
2196 1847 2340 1894 cum
2391 1828 2527 1894 suis
2580 1828 2998 1917 vtilitatibus,

733 1936 1157 2021 pertinencijs
1193 1944 1257 2001 et
1288 1935 1664 2018 attinencijs
1715 1934 2035 2002 vniuersis
2053 1986 2073 2021 ,
2157 1937 2277 2002 sub
2331 1937 2514 2002 metis
2579 1944 2643 2002 et
2703 1939 2996 2005 terminis
3018 2001 3032 2006 -

732 2042 967 2125 quibus
1001 2041 1364 2124 antiquitus
1400 2039 1756 2108 dinoscitur
1785 2042 1988 2108 fuisse
2020 2042 2399 2128 gubernata,
2450 2052 2783 2130 exceptam
2817 2044 2996 2130 peni-

732 2158 837 2216 tus
888 2156 950 2215 et
1002 2148 1337 2216 exclusam
1390 2169 1432 2214 a
1471 2147 1944 2233 jurisdiccione
2007 2156 2070 2215 et
2133 2155 2462 2235 potestate
2515 2151 2878 2219 Comitatus
2911 2149 2995 2219 de

734 2260 1067 2341 Vztupan,
1136 2254 1238 2321 cui
1271 2256 1452 2341 prius
1485 2257 1832 2341 attinebat,
1882 2254 2177 2325 dedimus
2212 2255 2594 2327 donauimus
2627 2266 2692 2326 et
2723 2260 2998 2327 contuli-

731 2387 868 2431 mus
902 2365 1027 2451 ipsi
1061 2365 1306 2432 Jacobo
1339 2363 1592 2448 Vinico,
1659 2362 2004 2433 heredibus
2037 2366 2172 2432 suis
2194 2415 2210 2448 ,
2266 2365 2704 2448 heredumque
2736 2386 2995 2435 succes-

729 2474 985 2540 soribus
1002 2525 1022 2557 ,
1091 2477 1404 2557 perpetuo
1468 2478 1531 2539 et
1591 2471 2097 2539 irreuocabiliter
2147 2473 2656 2558 possidendam·,
2728 2476 2994 2561 promit-

730 2582 926 2649 tendo
962 2579 1173 2647 eidem
1207 2580 1624 2647 securitatem
1667 2586 1731 2647 et
1762 2580 2086 2649 munimen
2120 2578 2495 2650 donacionis
2527 2590 2740 2651 nostre
2773 2583 2991 2652 huius-

734 2689 908 2757 modi
943 2710 983 2755 a
1015 2687 1279 2754 domino
1330 2695 1549 2756 nostro
1574 2691 1755 2774 Rege
1787 2689 2159 2774 diligenter,
2209 2698 2278 2756 ut
2319 2692 2603 2776 expedit,
2638 2692 2991 2776 inpetrare.

728 2797 816 2865 Ut
848 2798 1045 2881 igitur
1077 2794 1353 2862 donacio
1385 2804 1608 2863 nostra
1640 2816 1911 2883 presens
1962 2796 2156 2865 robur
2186 2804 2496 2884 perpetue
2529 2798 2849 2865 firmitatis
2884 2799 2992 2864 ob·

728 2903 971 2989 tineat,
1022 2911 1356 2989 presentes
1405 2904 1535 2988 ipsi
1572 2906 1818 2973 Jacobo
1859 2905 2066 2991 sigilli
2095 2909 2302 2973 nostri
2334 2908 2688 2976 munimine
2719 2908 2990 2974 contuli·

727 3030 869 3077 mus
902 3011 1263 3079 roboratas.
1312 3012 1503 3079 Anno
1542 3013 1804 3079 Domini
1839 3014 1927 3077 Μο
1962 3013 2090 3080 00⁰
2123 3014 2332 3079 LXX⁰
2366 3035 2556 3082 nono.

728 3205 799 3272 (A
852 3206 1180 3275 b6rhartyan
1231 3210 1401 3277 fiiggo'
1452 3208 1633 3277 peccet
1676 3211 1816 3262 alatt
1842 3211 2058 3263 kiadott
2110 3213 2309 3264 eredeti
2361 3211 2496 3265 utan
2523 3213 2734 3268 kesztilt
2757 3211 2991 3270 misolat

1218 3299 1390 3350 Czech
1419 3296 1592 3352 Janos
1619 3295 2012 3366 hatrahagyott
2039 3301 2303 3355 keziratai
2331 3304 2502 3368 kbzt.)
