3319 5249
1830 304 1958 376 238

765 504 974 555 Kuzwk
1000 502 1249 556 officialis
1296 512 1351 557 et
1394 511 1717 573 procurator
1755 504 2133 570 religiosarum
2159 504 2496 556 dominarum
2525 501 3019 555 sanctimonialium

765 595 998 646 Claustri
1044 598 1213 647 Beate
1257 596 1500 661 Virginis
1546 597 1611 645 de
1656 594 1843 645 Insula
1887 595 2172 661 Leporum,
2212 597 2333 651 yzee
2383 600 2438 644 et
2476 596 2691 645 nomine
2720 592 3019 644 earundem

1012 685 1348 737 dominarum
1387 681 1640 737 suarum“
1664 704 1677 747 ;
1717 699 1750 735 a
1775 685 1941 736 budai
1967 684 2074 737 kir.
2102 684 2347 735 kamarai
2374 682 2761 750 leveltarban.)

1708 1499 1717 1506 ·
1811 1398 1958 1466 162.
2018 1348 2024 1353 ⁵

757 1603 801 1664 I
815 1600 881 1669 V.
915 1599 1145 1666 Laszld
1176 1599 1394 1684 kim-cily
1446 1596 1580 1664 tabl>
1634 1600 1930 1665 tow-novavi
1978 1595 2438 1699 vdrjobbdyyot
2487 1600 2715 1661 nemesi
2764 1599 3012 1663 cithim-a

1679 1707 1843 1771 emel.
1895 1707 2089 1773 1279.
2305 1736 2311 1741 ·

977 1901 1399 1989 (L)Adizlaus
1447 1900 1572 1968 Dei
1616 1901 1846 1986 gracia
1890 1901 2260 1986 Hungarie,
2308 1901 2677 1986 Dalmacie,
2721 1900 3012 1985 Croacie,

759 2013 1004 2090 Rame,
1055 2009 1317 2093 Seruio,
1367 2008 1686 2095 Gallicie,
1733 2008 2152 2095 Lodomerie,
2212 2008 2527 2075 Cumanie
2576 2008 3013 2092 Bulgariequc

761 2119 897 2184 Rex
931 2116 1226 2182 omnibus
1285 2115 1524 2183 Christi
1576 2116 1881 2183 fidelibus
1930 2116 2338 2202 presentibus
2375 2113 2617 2199 pariter
2667 2121 2730 2180 et
2779 2112 3014 2181 futuris

720 2220 1118 2309 'presentem
1149 2226 1454 2310 paginam
1494 2225 1884 2309 inspecturis
1931 2224 2211 2290 salutem
2252 2225 2316 2290 in
2350 2225 2634 2290 omnium
2667 2223 3014 2289 saluatore.

763 2333 965 2415 Regie
997 2332 1423 2416 benignitatis
1457 2332 1863 2417 inmensitas,
1906 2332 2059 2397 licet
2088 2333 2229 2399 alta
2260 2332 2728 2418 contempletur
2758 2350 3010 2397 summo

760 2439 1033 2505 consilio
1072 2440 1477 2522 prouidendo
1500 2490 1516 2524 ,
1581 2440 1859 2506 humilia
1910 2447 2127 2507 tamen
2168 2440 2482 2524 prospicit
2513 2459 2554 2503 a
2585 2439 2723 2505 suis
2753 2435 3007 2502 honeri·

759 2547 877 2612 bus
914 2545 1415 2613 misericorditer
1450 2546 1897 2636 subleuando;
1950 2546 2218 2613 utilitati
2270 2548 2510 2633 quippe
2545 2544 2897 2631 reipublice
2931 2564 3009 2610 eo

762 2653 1106 2722 decencius
1158 2656 1553 2742 consulitur,
1621 2675 1748 2737 quo
1797 2654 2113 2723 nobilium
2165 2674 2465 2722 numerus
2514 2659 2579 2718 et
2624 2653 3010 2720 bellatorum

755 2763 931 2828 acies
964 2783 1045 2827 ex
1079 2762 1519 2846 superadditis
1576 2768 1642 2828 et
1681 2761 2007 2828 adiunctis
2042 2763 2272 2829 crescit
2305 2761 2628 2829 continuis
2660 2759 3009 2827 incremen-

756 2870 861 2934 tis.
913 2867 1189 2935 Proinde
1222 2869 1309 2934 ad
1340 2868 1784 2936 vniuersorum
1808 2867 2116 2935 noticiam
2150 2876 2371 2935 tenore
2404 2857 2806 2954 presencium
2827 2867 3007 2932 volu·

755 2995 897 3041 mus
930 2975 1264 3058 peruenire
1306 3001 1320 3040 ε
1400 2973 1572 3058 quod
1624 2995 1767 3041 cum
1817 2974 2099 3042 Michael
2151 2975 2323 3042 filius
2372 2975 2636 3061 Fyoch,
2684 2982 2746 3042 et
2783 2973 3010 3041 Turna

754 3081 926 3148 filius
959 3081 1170 3166 Zepus
1202 3079 1285 3148 de
1317 3080 1478 3148 villa
1512 3080 1949 3168 Heygmnguy
1969 3132 1987 3166 ,
2042 3082 2123 3148 de
2153 3081 2613 3167 jobagionibus
2652 3082 2865 3150 Castri
2901 3101 3010 3147 no-

758 3188 879 3254 stri
912 3188 994 3254 de
1027 3189 1329 3255 Tornova
1361 3188 1636 3271 oriundi,
1687 3189 1962 3272 primum
2015 3188 2277 3256 domino
2310 3188 2466 3256 Bele
2498 3207 2623 3256 auo
2656 3195 2896 3270 nostre,
2944 3195 3011 3253 et

763 3293 1020 3359 domino
1053 3293 1387 3378 Stephano
1420 3295 1594 3378 patri
1628 3303 1850 3363 nostro
1883 3294 2269 3379 karissimis,
2309 3295 2684 3362 Illustribus
2716 3293 3009 3378 Regibus

758 3401 1092 3483 Hungarie
1144 3399 1401 3485 piarum
1435 3402 1961 3484 recordacionum
1983 3454 2002 3490 ,
2050 3411 2114 3469 et
2153 3403 2413 3468 demum
2468 3402 2653 3469 nobis
2686 3401 2911 3467 fideles
2943 3407 3010 3467 et

751 3507 1117 3574 laudabiles
1178 3507 1644 3591 impendissent
1695 3508 2088 3591 famulatus,
2137 3529 2253 3593 pro
2308 3509 2538 3592 quibus
2571 3510 2767 3593 ijdem
2800 3508 3006 3590 Regia

750 3615 1277 3684 remuneracione
1297 3615 1586 3684 decorari
1608 3618 1840 3683 merito
1873 3616 2287 3685 debuissent:
2321 3618 2456 3684 Nos
2488 3616 2722 3701 quibus
2759 3616 3003 3683 incum—

752 3724 847 3791 bit
879 3723 1091 3788 metiri
1144 3721 1376 3788 merita
1424 3722 1872 3809 singulorum,
1938 3729 1999 3790 et
2049 3723 2264 3807 dignis
2322 3742 2437 3808 pro
2469 3723 2715 3789 meritis
2746 3740 3008 3805 respon-

750 3831 946 3913 dere;
995 3828 1577 3897 commendabilem
1610 3828 1996 3898 fidelitatem
2029 3837 2094 3896 et
2126 3830 2461 3897 meritoria
2500 3829 2816 3913 obsequia
2837 3829 3007 3913 ipso·

753 3957 894 4003 rum
938 3935 1278 4004 Michaelis
1310 3943 1373 4004 et
1402 3939 1627 4005 Turna
1666 3937 1732 4003 in
1768 3937 2146 4005 memoriam
2186 3946 2607 4022 reuocantes,
2654 3944 2726 4004 ut
2773 3936 2891 4020 alij
2928 3956 3006 4002 eo

752 4044 894 4110 viso
926 4043 1013 4109 ad
1047 4042 1382 4111 fidelitatis
1417 4064 1612 4130 opera
1643 4044 1986 4112 ardencius
2025 4044 2417 4129 inuitentur3
2466 4044 2728 4113 eosdem
2759 4043 3006 4110 Micha-

755 4151 920 4217 elem
976 4157 1042 4218 et
1093 4150 1337 4236 Turna,
1367 4172 1446 4218 ac
1477 4152 1761 4238 ipsorum
1796 4153 2066 4220 heredes
2102 4149 2539 4237 heredumque
2575 4172 2834 4220 suorum
2866 4171 3008 4219 suc·

753 4277 1066 4343 cessores,
1100 4278 1142 4324 a
1161 4257 1595 4343 jobagionatu
1627 4259 1784 4326 dicti
1807 4260 2016 4328 Castri
2039 4280 2184 4327 cum
2203 4268 2380 4328 terra
2400 4261 2684 4347 ipsorum
2717 4261 3006 4347 Hygmu·

670 4425 687 4432 ‚
749 4383 882 4449 guy
942 4370 1175 4432 vocata
1207 4363 1463 4432 eosdem
1517 4367 1658 4433 inre
1706 4366 2100 4434 hereditario
2151 4367 2588 4452 contingenti,
2641 4365 3005 4452 eximendo,

751 4468 816 4534 in
851 4490 1206 4555 numerum,
1237 4477 1450 4543 cetum
1486 4479 1550 4540 et
1583 4472 1932 4557 collegium
1962 4473 2306 4560 Regalium
2339 4473 2771 4543 seruiencinm
2822 4472 3005 4542 duxi-

750 4594 892 4644 mus
926 4578 1430 4648 transferendoS.
1476 4581 1554 4647 In
1603 4580 1789 4647 cuius
1830 4581 1925 4649 rei
1958 4582 2334 4651 memoriam
2367 4590 2872 4670 perpetuamque
2902 4582 3002 4649 fir·
