3319 5249
1224 449 1355 520 435

1203 1081 1361 1149 310.

143 1276 203 1341 A
228 1282 414 1366 pe'csi
442 1281 897 1363 ka'ptalaunak
927 1280 1466 1368 bizonysciqlevele
1486 1333 1507 1362 ,
1574 1286 1741 1370 hoqy
1775 1284 1995 1349 Jakab
2045 1260 2253 1351 &vafri
2281 1289 2408 1351 Ko-

141 1387 292 1450 rald
322 1398 545 1452 mester
560 1389 691 1470 fia,
722 1389 785 1452 e's
817 1388 1050 1452 Kemen
1080 1410 1299 1474 comes,
1325 1413 1507 1475 peres
1536 1393 1843 1476 ‘iiqyeikre
1893 1384 2084 1458 ne‘z‘ve
2113 1393 2408 1459 bardtsa'-

838 1519 1037 1582 qosan
1073 1498 1491 1582 eyyezkedtek.
1531 1499 1726 1562 1285.

360 1710 496 1775 Nos
531 1708 903 1794 Capitulum
962 1710 1681 1795 Quinqneecclesiensis
1744 1712 2040 1779 Ecclesie
2103 1715 2410 1781 memorie

145 1816 698 1903 commendamus,
733 1819 907 1901 quod
938 1818 1223 1885 Jacobus
1255 1819 1429 1886 filius
1460 1820 1759 1904 Magistri
1794 1819 2054 1888 Coraldi
2088 1822 2171 1888 de
2203 1820 2405 1888 Owar

146 1926 230 1989 ab
264 1945 401 1989 una
432 1933 640 2010 parte,
676 1933 741 1991 et
774 1926 1009 1992 Comes
1040 1928 1289 1994 Kemen
1351 1927 1523 1993 filius
1575 1928 1919 2016 Laurencij
1979 1948 2061 1994 ex
2092 1930 2305 1994 altera
2338 1929 2405 1993 in

143 2032 345 2098 nostri
376 2032 718 2117 presencia
767 2035 1127 2118 constituti;
1163 2055 1359 2119 super
1408 2034 1634 2101 litibus
1688 2034 1828 2101 siue
1861 2035 2114 2121 causis,
2170 2033 2406 2101 discor·

144 2140 272 2222 dijs
309 2146 375 2205 et
409 2139 665 2223 iniurijs
696 2141 889 2207 motis
914 2176 992 2187 —-
1029 2178 1101 2188 -—
1139 2177 1211 2187 —
1254 2178 1331 2187 —
1370 2161 1464 2224 os,
1496 2143 1664 2208 sicut
1696 2178 1784 2188 —-
1819 2177 1903 2187 —
1942 2177 2018 2186 -
2063 2180 2135 2189 -
2175 2161 2403 2208 secun·

144 2245 292 2311 dum
329 2246 665 2312 arbitrium
701 2248 970 2315 Comitis
1006 2247 1223 2332 Egidij
1289 2248 1408 2331 filij
1444 2248 1617 2314 Petri
1650 2248 1732 2314 de
1765 2249 2007 2315 Sancto
2063 2250 2403 2336 DyonisiO,

143 2352 402 2421 Andree
454 2355 570 2439 filij
637 2355 851 2443 Petri,
898 2354 1089 2421 'Peha
1147 2355 1264 2440 filij
1301 2393 1388 2403 -—-
1428 2393 1501 2402 —
1545 2394 1622 2402 —
1661 2355 1742 2421 (16
1803 2376 2044 2440 genere
2102 2355 2404 2441 Budmer‚

146 2460 441 2544 Gregorij
482 2462 645 2527 Bani
710 2462 825 2547 filij
863 2461 1175 2547 Phylpus‚
1208 2469 1272 2528 et
1333 2462 1609 2528 Arnoldi
1673 2462 1756 2528 (16
1806 2466 1992 2532 Boxa
2050 2463 2133 2531 (16
2163 2485 2406 2546 genere

143 2568 471 2657 Nempthy
492 2619 515 2655 ‚
575 2571 978 2654 aliorumque
1011 2570 1353 2654 proborum
1406 2570 1688 2638 virorum
1741 2572 2408 2658 comprouincialium,

143 2675 440 2744 dixerunt
490 2699 561 2745 se
613 2679 831 2746 taliter
881 2679 1351 2746 concordasse:
1406 2681 1579 2762 quod
1614 2682 1769 2764 quia
1819 2680 1990 2747 idem
2023 2680 2252 2745 Comes
2285 2681 2406 2745 Ke-

142 2807 288 2851 men
324 2785 599 2853 eundem
653 2786 969 2854 Jacobum
1003 2794 1067 2853 et
1129 2787 1490 2854 seruientes
1553 2808 1703 2854 suos
1767 2787 2081 2870 quosdam
2115 2787 2403 2853 indebite

144 2895 526 2980 captiuauit,
559 2916 785 2982 equOS,
819 2893 1196 2983 (animalia)
1232 2902 1295 2960 et
1333 2902 1551 2964 uestes
1583 2893 1876 2962 eiusdem
1906 2895 2136 2963 Jacobi
2170 2903 2237 2960 ct
2269 2915 2397 2962 ser-

144 3002 462 3070 uiencium
494 3023 754 3070 suorum
775 3054 795 3089 ,
848 3025 927 3071 ac
961 3011 1209 3070 ceteras
1250 3024 1355 3071 res
1388 3003 1715 3087 quaslibet
1746 3010 1810 3070 et
1838 3004 2011 3071 bona
2048 3002 2403 3071 eorundem

144 3111 541 3181 auferendo:
572 3133 653 3179 ex
687 3134 762 3180 eo
816 3112 985 3179 idem
1037 3114 1272 3180 Comes
1321 3114 1566 3178 Kemen
1620 3112 1806 3179 dabit
1838 3121 2092 3180 centum
2127 3133 2405 3196 marcas,

147 3241 307 3302 quas
339 3240 456 3308 pro
488 3220 888 3289 liber-acione
909 3220 1110 3307 ipsius
1143 3221 1375 3290 Jacobi
1407 3223 1653 3305 recepit
1686 3243 1728 3286 a
1754 3258 1826 3267 -—
1877 3258 1951 3267 -
1993 3259 2070 3268 —
2109 3219 2408 3286 refundet

151 3332 355 3398 eidem
390 3331 642 3399 Jacobo
676 3351 895 3399 coram
929 3330 1116 3398 nobis
1168 3331 1236 3396 in
1269 3330 1563 3397 terminis
1597 3329 2059 3414 infrascriptis,
2093 3329 2405 3396 Preterea

150 3439 202 3502 si
236 3439 409 3505 idem
444 3441 732 3508 Jacobus
764 3439 829 3504 in
867 3440 1142 3506 sabbato
1174 3438 1469 3524 proximo
1519 3446 1670 3523 post
1720 3438 1895 3503 diem
1948 3437 2249 3503 Cinerum
2282 3434 2407 3502 hoc

147 3545 211 3610 in
245 3567 417 3615 anno
450 3544 654 3635 (cum)
674 3553 1023 3630 sexaginta
1044 3546 1407 3617 hominibus
1440 3546 1771 3612 nobilibus
1804 3544 2160 3629 prestiterit
2189 3562 2405 3609 sacra·

150 3662 424 3721 mentum
456 3675 682 3721 coram
714 3654 902 3721 nobis
933 3671 1130 3739 snper
1177 3673 1255 3720 eo
1276 3706 1294 3736 ‚
1346 3654 1520 3736 quod
1551 3652 1725 3719 idem
1756 3654 2006 3718 Kemen
2039 3670 2252 3735 supra·
2277 3656 2408 3715 tres

150 3763 335 3829 uillas
366 3762 658 3829 eiusdem
689 3761 920 3829 Jacobi
954 3760 1359 3845 Nogkemed‚
1383 3760 1820 3847 (Kys)kemed
1852 3766 1916 3826 et
1947 3758 2103 3825 Jula
2133 3762 2406 3825 vocatas

151 3869 252 3935 dic
286 3870 426 3958 fori,
464 3870 639 3956 qnod
668 3871 929 3954 quidem
962 3873 1172 3937 forum
1205 3872 1276 3936 in
1311 3869 1606 3954 predicta
1638 3869 1802 3935 villa
1831 3867 2084 3936 Kemed
2117 3868 2406 3934 celebra-

151 3987 270 4065 tur,
303 3978 610 4047 irruendo
644 3977 1082 4046 destruxerint
1104 3963 1387 4066 easdem,
1417 3978 1483 4044 in
1523 3997 1653 4062 qua
1673 3977 1930 4061 quidem
1956 3975 2407 4042 destruccione

148 4085 211 4150 in
239 4086 528 4171 predicta
577 4087 734 4155 villa
764 4088 923 4156 Jula
967 4107 1084 4154 sex
1118 4087 1356 4155 Gallici
1398 4085 1792 4174 jobagiones
1854 4083 2144 4150 eiusdem
2177 4081 2407 4149 Jacobi

149 4193 276 4261 sint
305 4195 659 4282 interfecti,
692 4215 961 4279 qnorum
991 4194 1346 4261 homicidia
1374 4200 1524 4261 sunt
1544 4197 1928 4278 computata
1948 4189 2033 4255 ad
2053 4188 2399 4271 sexaginta

151 4298 348 4390 (octo)
379 4324 657 4388 marcas,
689 4310 753 4370 et
784 4300 1219 4388 predictarum
1271 4302 1574 4368 villarum
1627 4299 1983 4383 dampnum
2015 4296 2104 4362 ad
2135 4296 2426 4378 triginta

152 4408 311 4477 duas
340 4431 637 4496 marcas3
668 4419 909 4480 extunc
942 4410 1115 4506 idem
1167 4410 1397 4478 Comes
1428 4411 1677 4476 Kemen
1735 4408 1920 4492 ipsas
1952 4412 2209 4472 centum
2243 4424 2404 4470 mar·

153 4537 259 4584 cas
290 4522 661 4605 persoluere
695 4519 1020 4585 tenebitur
1051 4518 1345 4604 predicto
1377 4518 1626 4585 Jacobo
1669 4517 1736 4582 in
1769 4514 2063 4582 terminis
2097 4519 2248 4578 tunc
2289 4532 2406 4596 per

152 4647 265 4693 nos
294 4628 730 4714 assignandis.
764 4627 1061 4694 Ceterum
1092 4627 1159 4691 in
1191 4623 1520 4693 dominica
1551 4625 1663 4690 die
1696 4644 1827 4707 qua
1860 4627 2167 4688 cantatur
2203 4660 2275 4670 -
2325 4656 2401 4665 —-

151 4769 235 4780 —
267 4736 434 4804 idern
456 4735 688 4803 Comes
720 4736 969 4803 Kemen
990 4734 1257 4803 intrabit
1280 4754 1472 4800 vnam
1498 4731 1759 4799 domum
1792 4751 1909 4816 pro
1941 4746 2205 4795 carcere
2228 4727 2406 4812 apud

1958 4834 2083 4902 235*
