<?xml version="1.0" encoding="UTF-8"?>
<!DOCTYPE html PUBLIC "-//W3C//DTD XHTML 1.0 Transitional//EN"
    "http://www.w3.org/TR/xhtml1/DTD/xhtml1-transitional.dtd">
<html xmlns="http://www.w3.org/1999/xhtml" xml:lang="en" lang="en">
 <head>
  <title>
</title>
<meta http-equiv="Content-Type" content="text/html;charset=utf-8" />
  <meta name='ocr-system' content='tesseract 3.04.00' />
  <meta name='ocr-capabilities' content='ocr_page ocr_carea ocr_par ocr_line ocrx_word'/>
</head>
<body>
  <div class='ocr_page' id='page_1' title='image "./rpdkorijokmnytr00wenzgoog_0610.png"; bbox 0 0 3319 5249; ppageno 0'>
   <div class='ocr_carea' id='block_1_1' title="bbox 1942 333 2075 396">
    <p class='ocr_par' dir='ltr' id='par_1_1' title="bbox 1942 333 2075 396">
     <span class='ocr_line' id='line_1_1' title="bbox 1942 333 2075 396; baseline 0.008 -1"><span class='ocrx_word' id='word_1_1' title='bbox 1942 333 2075 396; x_wconf 73' lang='lat'><strong>534</strong></span> 
     </span>
    </p>
   </div>
   <div class='ocr_carea' id='block_1_2' title="bbox 1845 421 2164 430">
    <p class='ocr_par' dir='ltr' id='par_1_2' title="bbox 1845 421 2164 430">
     <span class='ocr_line' id='line_1_2' title="bbox 1845 421 2164 430; baseline 0 0"><span class='ocrx_word' id='word_1_2' title='bbox 1845 421 2164 430; x_wconf 95' lang='lat' dir='ltr'><strong> </strong></span> 
     </span>
    </p>
   </div>
   <div class='ocr_carea' id='block_1_3' title="bbox 1943 932 2100 999">
    <p class='ocr_par' dir='ltr' id='par_1_3' title="bbox 1943 932 2100 999">
     <span class='ocr_line' id='line_1_3' title="bbox 1943 932 2100 999; baseline -0.013 0"><span class='ocrx_word' id='word_1_3' title='bbox 1943 932 2100 999; x_wconf 77' lang='lat'><strong>387.</strong></span> 
     </span>
    </p>
   </div>
   <div class='ocr_carea' id='block_1_4' title="bbox 880 1113 3132 1419">
    <p class='ocr_par' dir='ltr' id='par_1_4' title="bbox 880 1113 3132 1419">
     <span class='ocr_line' id='line_1_4' title="bbox 880 1113 3132 1203; baseline 0.002 -26"><span class='ocrx_word' id='word_1_4' title='bbox 880 1113 941 1178; x_wconf 87' lang='grc' dir='ltr'><strong><em>Α</em></strong></span> <span class='ocrx_word' id='word_1_5' title='bbox 973 1116 1177 1181; x_wconf 78' lang='lat' dir='ltr'><strong>budai</strong></span> <span class='ocrx_word' id='word_1_6' title='bbox 1206 1116 1665 1201; x_wconf 75' lang='lat' dir='ltr'><strong>Icciptalannak</strong></span> <span class='ocrx_word' id='word_1_7' title='bbox 1696 1116 2254 1201; x_wconf 76' lang='lat' dir='ltr'><strong>bizonysa&#39;qlevele,</strong></span> <span class='ocrx_word' id='word_1_8' title='bbox 2292 1119 2458 1203; x_wconf 75' lang='lat' dir='ltr'><strong>hoqy</strong></span> <span class='ocrx_word' id='word_1_9' title='bbox 2498 1115 2717 1181; x_wconf 79' lang='lat' dir='ltr'><strong>Fekete</strong></span> <span class='ocrx_word' id='word_1_10' title='bbox 2768 1116 3019 1181; x_wconf 69' lang='lat' dir='ltr'><strong>Miklds</strong></span> <span class='ocrx_word' id='word_1_11' title='bbox 3049 1140 3132 1181; x_wconf 78' lang='grc' dir='ltr'><strong>οο·</strong></span> 
     </span>
     <span class='ocr_line' id='line_1_5' title="bbox 881 1225 3123 1313; baseline 0 -23"><span class='ocrx_word' id='word_1_12' title='bbox 881 1249 1003 1292; x_wconf 78' lang='lat' dir='ltr'><strong>mes</strong></span> <span class='ocrx_word' id='word_1_13' title='bbox 1032 1227 1330 1312; x_wconf 74' lang='lat' dir='ltr'><strong>bizonyos</strong></span> <span class='ocrx_word' id='word_1_14' title='bbox 1351 1225 1551 1291; x_wconf 73' lang='lat' dir='ltr'><strong>budai</strong></span> <span class='ocrx_word' id='word_1_15' title='bbox 1578 1225 1870 1290; x_wconf 67' lang='lat' dir='ltr'><strong>szeslwket</strong></span> <span class='ocrx_word' id='word_1_16' title='bbox 1902 1249 1944 1288; x_wconf 87' lang='grc' dir='ltr'><em>α</em></span> <span class='ocrx_word' id='word_1_17' title='bbox 1964 1226 2349 1313; x_wconf 67' lang='lat' dir='ltr'><strong>nyzilsziqeti</strong></span> <span class='ocrx_word' id='word_1_18' title='bbox 2367 1226 2969 1312; x_wconf 74' lang='lat' dir='ltr'><strong>apdczaza&#39;rddnak</strong></span> <span class='ocrx_word' id='word_1_19' title='bbox 3001 1226 3123 1310; x_wconf 76' lang='grc' dir='ltr'><strong>υέ9</strong></span> 
     </span>
     <span class='ocr_line' id='line_1_6' title="bbox 1377 1333 2640 1419; baseline -0.001 -23"><span class='ocrx_word' id='word_1_20' title='bbox 1377 1333 1776 1419; x_wconf 73' lang='lat' dir='ltr'><strong>rendeletileq</strong></span> <span class='ocrx_word' id='word_1_21' title='bbox 1805 1336 2391 1419; x_wconf 74' lang='lat' dir='ltr'><strong>haqyomdnyozott.</strong></span> <span class='ocrx_word' id='word_1_22' title='bbox 2445 1334 2640 1399; x_wconf 84' lang='lat'><em>1290.</em></span> 
     </span>
    </p>
   </div>
   <div class='ocr_carea' id='block_1_5' title="bbox 1436 1526 2618 1609">
    <p class='ocr_par' dir='ltr' id='par_1_5' title="bbox 1436 1526 2618 1609">
     <span class='ocr_line' id='line_1_7' title="bbox 1436 1526 2618 1609; baseline 0.002 -17"><span class='ocrx_word' id='word_1_23' title='bbox 1436 1526 1494 1591; x_wconf 92' lang='lat' dir='ltr'>A</span> <span class='ocrx_word' id='word_1_24' title='bbox 1668 1603 1674 1609; x_wconf 33' lang='grc'>,</span> <span class='ocrx_word' id='word_1_25' title='bbox 1958 1529 2012 1594; x_wconf 91' lang='grc' dir='ltr'>Β</span> <span class='ocrx_word' id='word_1_26' title='bbox 2567 1528 2618 1594; x_wconf 87' lang='lat' dir='ltr'>C</span> 
     </span>
    </p>
   </div>
   <div class='ocr_carea' id='block_1_6' title="bbox 887 1721 3140 4721">
    <p class='ocr_par' dir='ltr' id='par_1_6' title="bbox 887 1721 3140 4721">
     <span class='ocr_line' id='line_1_8' title="bbox 1096 1721 3127 1810; baseline 0 -21"><span class='ocrx_word' id='word_1_27' title='bbox 1096 1721 1461 1810; x_wconf 83' lang='lat' dir='ltr'><strong>Capitulum</strong></span> <span class='ocrx_word' id='word_1_28' title='bbox 1496 1722 1816 1791; x_wconf 89' lang='lat' dir='ltr'><strong>Budensis</strong></span> <span class='ocrx_word' id='word_1_29' title='bbox 1847 1725 2138 1792; x_wconf 87' lang='lat' dir='ltr'><strong>Ecclesie</strong></span> <span class='ocrx_word' id='word_1_30' title='bbox 2208 1725 2508 1792; x_wconf 89' lang='lat' dir='ltr'><strong>omnibns</strong></span> <span class='ocrx_word' id='word_1_31' title='bbox 2550 1723 2792 1792; x_wconf 82' lang='lat' dir='ltr'><strong>Christi</strong></span> <span class='ocrx_word' id='word_1_32' title='bbox 2814 1723 3127 1807; x_wconf 87' lang='lat' dir='ltr'><strong>fidelibus,</strong></span> 
     </span>
     <span class='ocr_line' id='line_1_9' title="bbox 887 1830 3125 1918; baseline -0.002 -20"><span class='ocrx_word' id='word_1_33' title='bbox 887 1830 1120 1916; x_wconf 85' lang='lat' dir='ltr'><strong>quibus</strong></span> <span class='ocrx_word' id='word_1_34' title='bbox 1152 1839 1490 1917; x_wconf 80' lang='lat' dir='ltr'><strong>presentes</strong></span> <span class='ocrx_word' id='word_1_35' title='bbox 1523 1832 1970 1918; x_wconf 87' lang='lat' dir='ltr'><strong>ostenduntur,</strong></span> <span class='ocrx_word' id='word_1_36' title='bbox 2006 1834 2282 1901; x_wconf 86' lang='lat' dir='ltr'><strong>salutem</strong></span> <span class='ocrx_word' id='word_1_37' title='bbox 2331 1834 2401 1900; x_wconf 91' lang='lat' dir='ltr'><strong>in</strong></span> <span class='ocrx_word' id='word_1_38' title='bbox 2453 1834 2735 1899; x_wconf 91' lang='lat' dir='ltr'><strong>omnium</strong></span> <span class='ocrx_word' id='word_1_39' title='bbox 2785 1832 3125 1900; x_wconf 85' lang='lat' dir='ltr'><strong>saluatore.</strong></span> 
     </span>
     <span class='ocr_line' id='line_1_10' title="bbox 888 1938 3130 2027; baseline -0.001 -21"><span class='ocrx_word' id='word_1_40' title='bbox 888 1938 995 2006; x_wconf 90' lang='lat' dir='ltr'><strong>Ad</strong></span> <span class='ocrx_word' id='word_1_41' title='bbox 1026 1940 1471 2007; x_wconf 85' lang='lat' dir='ltr'><strong>vninersorum</strong></span> <span class='ocrx_word' id='word_1_42' title='bbox 1502 1939 1813 2007; x_wconf 83' lang='lat' dir='ltr'>noticiam</span> <span class='ocrx_word' id='word_1_43' title='bbox 1846 1948 2071 2010; x_wconf 90' lang='lat' dir='ltr'><strong>tenore</strong></span> <span class='ocrx_word' id='word_1_44' title='bbox 2103 1943 2516 2027; x_wconf 90' lang='lat' dir='ltr'><strong>presencium</strong></span> <span class='ocrx_word' id='word_1_45' title='bbox 2571 1942 2865 2008; x_wconf 80' lang='lat' dir='ltr'><strong>volumus</strong></span> <span class='ocrx_word' id='word_1_46' title='bbox 2914 1958 3130 2027; x_wconf 88' lang='lat' dir='ltr'><strong>perue-</strong></span> 
     </span>
     <span class='ocr_line' id='line_1_11' title="bbox 888 2044 3132 2133; baseline -0.002 -20"><span class='ocrx_word' id='word_1_47' title='bbox 888 2047 1049 2128; x_wconf 86' lang='lat' dir='ltr'><strong>nire,</strong></span> <span class='ocrx_word' id='word_1_48' title='bbox 1083 2046 1257 2129; x_wconf 90' lang='lat' dir='ltr'><strong>qnod</strong></span> <span class='ocrx_word' id='word_1_49' title='bbox 1321 2044 1548 2113; x_wconf 86' lang='lat' dir='ltr'><strong>Comes</strong></span> <span class='ocrx_word' id='word_1_50' title='bbox 1597 2046 1932 2131; x_wconf 84' lang='lat' dir='ltr'><strong>Nycolaus</strong></span> <span class='ocrx_word' id='word_1_51' title='bbox 1998 2048 2207 2133; x_wconf 85' lang='lat' dir='ltr'><strong>Niger</strong></span> <span class='ocrx_word' id='word_1_52' title='bbox 2253 2048 2426 2116; x_wconf 87' lang='lat' dir='ltr'><strong>filius</strong></span> <span class='ocrx_word' id='word_1_53' title='bbox 2488 2049 2695 2116; x_wconf 87' lang='lat' dir='ltr'><strong>Ereus</strong></span> <span class='ocrx_word' id='word_1_54' title='bbox 2748 2047 2831 2114; x_wconf 88' lang='lat' dir='ltr'><strong>de</strong></span> <span class='ocrx_word' id='word_1_55' title='bbox 2894 2044 3132 2113; x_wconf 81' lang='lat' dir='ltr'><strong>Calidis</strong></span> 
     </span>
     <span class='ocr_line' id='line_1_12' title="bbox 892 2153 3133 2241; baseline -0.001 -21"><span class='ocrx_word' id='word_1_56' title='bbox 892 2153 1095 2236; x_wconf 86' lang='lat' dir='ltr'><strong>Aquis</strong></span> <span class='ocrx_word' id='word_1_57' title='bbox 1128 2173 1344 2221; x_wconf 85' lang='lat' dir='ltr'><strong>coram</strong></span> <span class='ocrx_word' id='word_1_58' title='bbox 1378 2155 1564 2222; x_wconf 92' lang='lat' dir='ltr'><strong>nobis</strong></span> <span class='ocrx_word' id='word_1_59' title='bbox 1616 2155 2050 2241; x_wconf 80' lang='lat' dir='ltr'><strong>personaliter</strong></span> <span class='ocrx_word' id='word_1_60' title='bbox 2100 2157 2491 2223; x_wconf 85' lang='lat' dir='ltr'><strong>constitutus</strong></span> <span class='ocrx_word' id='word_1_61' title='bbox 2545 2154 2712 2222; x_wconf 85' lang='lat' dir='ltr'><strong>dixit</strong></span> <span class='ocrx_word' id='word_1_62' title='bbox 2761 2156 2915 2222; x_wconf 89' lang='lat' dir='ltr'><strong>uiua</strong></span> <span class='ocrx_word' id='word_1_63' title='bbox 2964 2172 3133 2235; x_wconf 86' lang='lat' dir='ltr'><strong>uoce,</strong></span> 
     </span>
     <span class='ocr_line' id='line_1_13' title="bbox 892 2259 3128 2351; baseline -0.002 -23"><span class='ocrx_word' id='word_1_64' title='bbox 892 2259 1063 2345; x_wconf 88' lang='lat' dir='ltr'><strong>quod</strong></span> <span class='ocrx_word' id='word_1_65' title='bbox 1095 2280 1240 2329; x_wconf 89' lang='lat' dir='ltr'><strong>cum</strong></span> <span class='ocrx_word' id='word_1_66' title='bbox 1272 2263 1415 2347; x_wconf 90' lang='lat' dir='ltr'><strong>ipse</strong></span> <span class='ocrx_word' id='word_1_67' title='bbox 1445 2262 1752 2328; x_wconf 87' lang='lat' dir='ltr'><strong>heredum</strong></span> <span class='ocrx_word' id='word_1_68' title='bbox 1783 2262 1868 2328; x_wconf 91' lang='lat' dir='ltr'><strong>sit</strong></span> <span class='ocrx_word' id='word_1_69' title='bbox 1897 2261 2026 2329; x_wconf 86' lang='lat' dir='ltr'><strong>iam</strong></span> <span class='ocrx_word' id='word_1_70' title='bbox 2076 2265 2319 2330; x_wconf 85' lang='lat' dir='ltr'><strong>solacio</strong></span> <span class='ocrx_word' id='word_1_71' title='bbox 2351 2263 2721 2351; x_wconf 83' lang='lat' dir='ltr'><strong>destitutus,</strong></span> <span class='ocrx_word' id='word_1_72' title='bbox 2755 2284 2872 2330; x_wconf 89' lang='lat' dir='ltr'><strong>nec</strong></span> <span class='ocrx_word' id='word_1_73' title='bbox 2930 2259 3128 2326; x_wconf 87' lang='lat' dir='ltr'><strong>adbuc</strong></span> 
     </span>
     <span class='ocr_line' id='line_1_14' title="bbox 889 2369 3131 2459; baseline -0.001 -24"><span class='ocrx_word' id='word_1_74' title='bbox 889 2369 1134 2436; x_wconf 85' lang='lat' dir='ltr'><strong>habeat</strong></span> <span class='ocrx_word' id='word_1_75' title='bbox 1163 2388 1341 2455; x_wconf 89' lang='lat' dir='ltr'><strong>spem</strong></span> <span class='ocrx_word' id='word_1_76' title='bbox 1374 2370 1456 2436; x_wconf 91' lang='lat' dir='ltr'><strong>de</strong></span> <span class='ocrx_word' id='word_1_77' title='bbox 1485 2373 1665 2456; x_wconf 86' lang='lat' dir='ltr'><strong>prole</strong></span> <span class='ocrx_word' id='word_1_78' title='bbox 1696 2370 2148 2457; x_wconf 85' lang='lat' dir='ltr'><strong>susscipienda</strong></span> <span class='ocrx_word' id='word_1_79' title='bbox 2180 2378 2445 2459; x_wconf 88' lang='lat' dir='ltr'><strong>propter</strong></span> <span class='ocrx_word' id='word_1_80' title='bbox 2493 2372 2802 2439; x_wconf 88' lang='lat' dir='ltr'><strong>inermem</strong></span> <span class='ocrx_word' id='word_1_81' title='bbox 2856 2375 3131 2439; x_wconf 86' lang='lat' dir='ltr'><strong>senectu-</strong></span> 
     </span>
     <span class='ocr_line' id='line_1_15' title="bbox 889 2476 3122 2566; baseline -0.001 -23"><span class='ocrx_word' id='word_1_82' title='bbox 889 2484 1052 2559; x_wconf 87' lang='lat' dir='ltr'><strong>tem;</strong></span> <span class='ocrx_word' id='word_1_83' title='bbox 1086 2476 1399 2560; x_wconf 85' lang='lat' dir='ltr'><strong>quasdam</strong></span> <span class='ocrx_word' id='word_1_84' title='bbox 1431 2477 1880 2563; x_wconf 87' lang='lat' dir='ltr'><strong>possessiones</strong></span> <span class='ocrx_word' id='word_1_85' title='bbox 1912 2499 2084 2564; x_wconf 86' lang='lat' dir='ltr'><strong>snas,</strong></span> <span class='ocrx_word' id='word_1_86' title='bbox 2116 2479 2201 2546; x_wconf 84' lang='lat' dir='ltr'><strong>ad</strong></span> <span class='ocrx_word' id='word_1_87' title='bbox 2232 2500 2304 2546; x_wconf 91' lang='lat' dir='ltr'><strong>se</strong></span> <span class='ocrx_word' id='word_1_88' title='bbox 2334 2480 2562 2566; x_wconf 88' lang='lat' dir='ltr'><strong>solum,</strong></span> <span class='ocrx_word' id='word_1_89' title='bbox 2596 2480 2766 2547; x_wconf 87' lang='lat' dir='ltr'><strong>sicut</strong></span> <span class='ocrx_word' id='word_1_90' title='bbox 2804 2478 2969 2545; x_wconf 84' lang='lat' dir='ltr'><strong>dixit</strong></span> <span class='ocrx_word' id='word_1_91' title='bbox 3003 2495 3122 2542; x_wconf 89' lang='lat' dir='ltr'><strong>mo-</strong></span> 
     </span>
     <span class='ocr_line' id='line_1_16' title="bbox 892 2583 3130 2673; baseline -0.001 -24"><span class='ocrx_word' id='word_1_92' title='bbox 892 2583 995 2651; x_wconf 90' lang='lat' dir='ltr'><strong>dis</strong></span> <span class='ocrx_word' id='word_1_93' title='bbox 1028 2583 1325 2652; x_wconf 89' lang='lat' dir='ltr'><strong>omnibus</strong></span> <span class='ocrx_word' id='word_1_94' title='bbox 1356 2584 1775 2673; x_wconf 86' lang='lat' dir='ltr'><strong>pertinentes,</strong></span> <span class='ocrx_word' id='word_1_95' title='bbox 1822 2585 2126 2654; x_wconf 87' lang='lat' dir='ltr'><strong>videlicet</strong></span> <span class='ocrx_word' id='word_1_96' title='bbox 2157 2607 2348 2655; x_wconf 86' lang='lat' dir='ltr'><strong>unam</strong></span> <span class='ocrx_word' id='word_1_97' title='bbox 2400 2588 2658 2655; x_wconf 84' lang='lat' dir='ltr'><strong>vineam</strong></span> <span class='ocrx_word' id='word_1_98' title='bbox 2690 2586 2760 2654; x_wconf 93' lang='lat' dir='ltr'><strong>in</strong></span> <span class='ocrx_word' id='word_1_99' title='bbox 2810 2583 3130 2654; x_wconf 87' lang='lat' dir='ltr'><strong>territorio</strong></span> 
     </span>
     <span class='ocr_line' id='line_1_17' title="bbox 894 2692 3128 2780; baseline -0.001 -22"><span class='ocrx_word' id='word_1_100' title='bbox 894 2692 1201 2758; x_wconf 83' lang='lat' dir='ltr'><strong>Chusmal</strong></span> <span class='ocrx_word' id='word_1_101' title='bbox 1232 2701 1462 2761; x_wconf 89' lang='lat' dir='ltr'><strong>uocato</strong></span> <span class='ocrx_word' id='word_1_102' title='bbox 1492 2694 1704 2780; x_wconf 75' lang='lat' dir='ltr'><strong>sitam,</strong></span> <span class='ocrx_word' id='word_1_103' title='bbox 1751 2694 2158 2762; x_wconf 84' lang='lat' dir='ltr'><strong>adiacentem</strong></span> <span class='ocrx_word' id='word_1_104' title='bbox 2210 2695 2397 2763; x_wconf 85' lang='lat' dir='ltr'><strong>vinee</strong></span> <span class='ocrx_word' id='word_1_105' title='bbox 2448 2696 2742 2763; x_wconf 86' lang='lat' dir='ltr'><strong>Ecclesie</strong></span> <span class='ocrx_word' id='word_1_106' title='bbox 2796 2694 2877 2762; x_wconf 90' lang='lat' dir='ltr'><strong>de</strong></span> <span class='ocrx_word' id='word_1_107' title='bbox 2926 2695 3128 2761; x_wconf 79' lang='lat' dir='ltr'><strong>Mono-</strong></span> 
     </span>
     <span class='ocr_line' id='line_1_18' title="bbox 893 2797 3135 2888; baseline 0 -26"><span class='ocrx_word' id='word_1_108' title='bbox 893 2797 1055 2865; x_wconf 88' lang='lat' dir='ltr'><strong>rond</strong></span> <span class='ocrx_word' id='word_1_109' title='bbox 1084 2818 1126 2864; x_wconf 86' lang='lat' dir='ltr'><strong>a</strong></span> <span class='ocrx_word' id='word_1_110' title='bbox 1160 2806 1343 2885; x_wconf 87' lang='lat' dir='ltr'><strong>parte</strong></span> <span class='ocrx_word' id='word_1_111' title='bbox 1377 2800 1779 2887; x_wconf 84' lang='lat' dir='ltr'><strong>occidentali,</strong></span> <span class='ocrx_word' id='word_1_112' title='bbox 1815 2823 1857 2868; x_wconf 88' lang='lat' dir='ltr'><strong>a</strong></span> <span class='ocrx_word' id='word_1_113' title='bbox 1884 2809 2074 2888; x_wconf 85' lang='lat' dir='ltr'><strong>parte</strong></span> <span class='ocrx_word' id='word_1_114' title='bbox 2109 2822 2262 2870; x_wconf 90' lang='lat' dir='ltr'><strong>uero</strong></span> <span class='ocrx_word' id='word_1_115' title='bbox 2285 2802 2579 2870; x_wconf 83' lang='lat' dir='ltr'><strong>orientali</strong></span> <span class='ocrx_word' id='word_1_116' title='bbox 2601 2802 2797 2870; x_wconf 82' lang='lat' dir='ltr'><strong>vinee</strong></span> <span class='ocrx_word' id='word_1_117' title='bbox 2819 2800 3135 2885; x_wconf 86' lang='lat' dir='ltr'><strong>quondam</strong></span> 
     </span>
     <span class='ocr_line' id='line_1_19' title="bbox 899 2905 3138 2991; baseline 0 -20"><span class='ocrx_word' id='word_1_118' title='bbox 899 2905 1254 2991; x_wconf 83' lang='lat' dir='ltr'><strong>Golomani,</strong></span> <span class='ocrx_word' id='word_1_119' title='bbox 1288 2907 1357 2973; x_wconf 94' lang='lat' dir='ltr'><strong>in</strong></span> <span class='ocrx_word' id='word_1_120' title='bbox 1390 2906 1717 2990; x_wconf 86' lang='lat' dir='ltr'><strong>quandam</strong></span> <span class='ocrx_word' id='word_1_121' title='bbox 1752 2919 1988 2975; x_wconf 91' lang='lat' dir='ltr'><strong>terram</strong></span> <span class='ocrx_word' id='word_1_122' title='bbox 2033 2931 2215 2978; x_wconf 84' lang='lat' dir='ltr'><strong>suam</strong></span> <span class='ocrx_word' id='word_1_123' title='bbox 2249 2909 2662 2977; x_wconf 85' lang='lat' dir='ltr'><strong>Bukenfelde</strong></span> <span class='ocrx_word' id='word_1_124' title='bbox 2694 2917 2990 2977; x_wconf 86' lang='lat' dir='ltr'><strong>uocatam</strong></span> <span class='ocrx_word' id='word_1_125' title='bbox 3009 2927 3138 2975; x_wconf 88' lang='lat' dir='ltr'><strong>con·</strong></span> 
     </span>
     <span class='ocr_line' id='line_1_20' title="bbox 899 3013 3133 3103; baseline 0.001 -25"><span class='ocrx_word' id='word_1_126' title='bbox 899 3013 1170 3099; x_wconf 87' lang='lat' dir='ltr'><strong>tiguam‚</strong></span> <span class='ocrx_word' id='word_1_127' title='bbox 1204 3022 1269 3081; x_wconf 91' lang='lat' dir='ltr'><strong>et</strong></span> <span class='ocrx_word' id='word_1_128' title='bbox 1301 3017 1581 3083; x_wconf 86' lang='lat' dir='ltr'><strong>uicinam</strong></span> <span class='ocrx_word' id='word_1_129' title='bbox 1614 3018 1772 3084; x_wconf 88' lang='lat' dir='ltr'><strong>ville</strong></span> <span class='ocrx_word' id='word_1_130' title='bbox 1804 3019 2132 3103; x_wconf 85' lang='lat' dir='ltr'><strong>Sciugata,</strong></span> <span class='ocrx_word' id='word_1_131' title='bbox 2170 3018 2256 3085; x_wconf 86' lang='lat' dir='ltr'><strong>ad</strong></span> <span class='ocrx_word' id='word_1_132' title='bbox 2287 3039 2404 3085; x_wconf 87' lang='lat' dir='ltr'><strong>sex</strong></span> <span class='ocrx_word' id='word_1_133' title='bbox 2441 3025 2665 3086; x_wconf 85' lang='lat' dir='ltr'><strong>aratra</strong></span> <span class='ocrx_word' id='word_1_134' title='bbox 2696 3017 3133 3097; x_wconf 82' lang='lat' dir='ltr'><strong>sufficientem,</strong></span> 
     </span>
     <span class='ocr_line' id='line_1_21' title="bbox 900 3123 3137 3213; baseline 0 -26"><span class='ocrx_word' id='word_1_135' title='bbox 900 3141 1045 3189; x_wconf 92' lang='lat' dir='ltr'><strong>cum</strong></span> <span class='ocrx_word' id='word_1_136' title='bbox 1077 3123 1374 3190; x_wconf 88' lang='lat' dir='ltr'><strong>omnibus</strong></span> <span class='ocrx_word' id='word_1_137' title='bbox 1406 3123 1795 3193; x_wconf 84' lang='lat' dir='ltr'><strong>vtilitatibus</strong></span> <span class='ocrx_word' id='word_1_138' title='bbox 1848 3130 1911 3193; x_wconf 88' lang='lat' dir='ltr'><strong>et</strong></span> <span class='ocrx_word' id='word_1_139' title='bbox 1965 3126 2392 3213; x_wconf 65' lang='lat' dir='ltr'><strong>pertinenciis</strong></span> <span class='ocrx_word' id='word_1_140' title='bbox 2441 3128 2623 3210; x_wconf 89' lang='lat' dir='ltr'><strong>snis;</strong></span> <span class='ocrx_word' id='word_1_141' title='bbox 2678 3125 2835 3193; x_wconf 92' lang='lat' dir='ltr'><strong>item</strong></span> <span class='ocrx_word' id='word_1_142' title='bbox 2889 3123 3137 3190; x_wconf 85' lang='lat' dir='ltr'><strong>fundum</strong></span> 
     </span>
     <span class='ocr_line' id='line_1_22' title="bbox 901 3230 3135 3319; baseline -0 -25"><span class='ocrx_word' id='word_1_143' title='bbox 901 3230 1075 3298; x_wconf 89' lang='lat' dir='ltr'><strong>curie</strong></span> <span class='ocrx_word' id='word_1_144' title='bbox 1107 3250 1249 3296; x_wconf 89' lang='lat' dir='ltr'><strong>cum</strong></span> <span class='ocrx_word' id='word_1_145' title='bbox 1280 3232 1567 3316; x_wconf 86' lang='lat' dir='ltr'><strong>pallacio</strong></span> <span class='ocrx_word' id='word_1_146' title='bbox 1601 3240 1664 3299; x_wconf 89' lang='lat' dir='ltr'><strong>et</strong></span> <span class='ocrx_word' id='word_1_147' title='bbox 1695 3232 1849 3317; x_wconf 87' lang='lat' dir='ltr'><strong>alijs</strong></span> <span class='ocrx_word' id='word_1_148' title='bbox 1881 3233 2156 3319; x_wconf 86' lang='lat' dir='ltr'><strong>edificijs</strong></span> <span class='ocrx_word' id='word_1_149' title='bbox 2209 3235 2277 3300; x_wconf 89' lang='lat' dir='ltr'><strong>in</strong></span> <span class='ocrx_word' id='word_1_150' title='bbox 2330 3234 2555 3301; x_wconf 91' lang='lat' dir='ltr'><strong>eodem</strong></span> <span class='ocrx_word' id='word_1_151' title='bbox 2608 3232 3026 3300; x_wconf 84' lang='lat' dir='ltr'><strong>existentibus</strong></span> <span class='ocrx_word' id='word_1_152' title='bbox 3075 3231 3135 3294; x_wconf 91' lang='lat' dir='ltr'><strong>in</strong></span> 
     </span>
     <span class='ocr_line' id='line_1_23' title="bbox 899 3338 3139 3428; baseline -0.001 -24"><span class='ocrx_word' id='word_1_153' title='bbox 899 3338 1198 3424; x_wconf 88' lang='lat' dir='ltr'><strong>predicta</strong></span> <span class='ocrx_word' id='word_1_154' title='bbox 1228 3339 1390 3407; x_wconf 85' lang='lat' dir='ltr'><strong>villa</strong></span> <span class='ocrx_word' id='word_1_155' title='bbox 1420 3340 1654 3406; x_wconf 86' lang='lat' dir='ltr'><strong>Calide</strong></span> <span class='ocrx_word' id='word_1_156' title='bbox 1688 3341 1874 3424; x_wconf 84' lang='lat' dir='ltr'><strong>Aque</strong></span> <span class='ocrx_word' id='word_1_157' title='bbox 1905 3341 2344 3428; x_wconf 87' lang='lat' dir='ltr'><strong>adiacentem,</strong></span> <span class='ocrx_word' id='word_1_158' title='bbox 2403 3341 2483 3408; x_wconf 96' lang='lat' dir='ltr'><strong>ob</strong></span> <span class='ocrx_word' id='word_1_159' title='bbox 2536 3339 2893 3408; x_wconf 88' lang='lat' dir='ltr'><strong>remedium</strong></span> <span class='ocrx_word' id='word_1_160' title='bbox 2940 3338 3139 3407; x_wconf 84' lang='lat' dir='ltr'><strong>anime</strong></span> 
     </span>
     <span class='ocr_line' id='line_1_24' title="bbox 899 3445 3139 3537; baseline -0.002 -25"><span class='ocrx_word' id='word_1_161' title='bbox 899 3465 1014 3513; x_wconf 88' lang='lat' dir='ltr'><strong>sue</strong></span> <span class='ocrx_word' id='word_1_162' title='bbox 1047 3452 1110 3512; x_wconf 88' lang='lat' dir='ltr'><strong>et</strong></span> <span class='ocrx_word' id='word_1_163' title='bbox 1142 3465 1322 3531; x_wconf 89' lang='lat' dir='ltr'><strong>spem</strong></span> <span class='ocrx_word' id='word_1_164' title='bbox 1359 3452 1577 3513; x_wconf 87' lang='lat' dir='ltr'><strong>eterne</strong></span> <span class='ocrx_word' id='word_1_165' title='bbox 1627 3446 2072 3537; x_wconf 87' lang='lat' dir='ltr'><strong>beatitudinis,</strong></span> <span class='ocrx_word' id='word_1_166' title='bbox 2104 3448 2402 3516; x_wconf 89' lang='lat' dir='ltr'><strong>Ecclesie</strong></span> <span class='ocrx_word' id='word_1_167' title='bbox 2445 3450 2653 3514; x_wconf 85' lang='lat' dir='ltr'><strong>Beate</strong></span> <span class='ocrx_word' id='word_1_168' title='bbox 2686 3447 2896 3530; x_wconf 80' lang='lat' dir='ltr'><strong>Maris</strong></span> <span class='ocrx_word' id='word_1_169' title='bbox 2927 3446 3006 3512; x_wconf 91' lang='lat' dir='ltr'><strong>de</strong></span> <span class='ocrx_word' id='word_1_170' title='bbox 3054 3445 3139 3510; x_wconf 88' lang='lat' dir='ltr'><strong>In·</strong></span> 
     </span>
     <span class='ocr_line' id='line_1_25' title="bbox 903 3553 3140 3640; baseline -0.003 -19"><span class='ocrx_word' id='word_1_171' title='bbox 903 3555 1072 3637; x_wconf 86' lang='lat' dir='ltr'><strong>sula,</strong></span> <span class='ocrx_word' id='word_1_172' title='bbox 1108 3561 1170 3620; x_wconf 88' lang='lat' dir='ltr'><strong>et</strong></span> <span class='ocrx_word' id='word_1_173' title='bbox 1218 3554 1551 3622; x_wconf 86' lang='lat' dir='ltr'><strong>sororibus</strong></span> <span class='ocrx_word' id='word_1_174' title='bbox 1603 3557 1928 3624; x_wconf 86' lang='lat' dir='ltr'><strong>vniuersis</strong></span> <span class='ocrx_word' id='word_1_175' title='bbox 1978 3557 2045 3623; x_wconf 93' lang='lat' dir='ltr'><strong>in</strong></span> <span class='ocrx_word' id='word_1_176' title='bbox 2098 3556 2326 3624; x_wconf 85' lang='lat' dir='ltr'><strong>eadem</strong></span> <span class='ocrx_word' id='word_1_177' title='bbox 2383 3555 2679 3626; x_wconf 78' lang='lat' dir='ltr'><strong>Ecclesia</strong></span> <span class='ocrx_word' id='word_1_178' title='bbox 2728 3558 2870 3622; x_wconf 90' lang='lat' dir='ltr'><strong>Deo</strong></span> <span class='ocrx_word' id='word_1_179' title='bbox 2918 3553 3140 3640; x_wconf 85' lang='lat' dir='ltr'><strong>iugitnr</strong></span> 
     </span>
     <span class='ocr_line' id='line_1_26' title="bbox 904 3660 3140 3751; baseline -0.001 -25"><span class='ocrx_word' id='word_1_180' title='bbox 904 3660 1390 3748; x_wconf 85' lang='lat' dir='ltr'><strong>famulantibus,</strong></span> <span class='ocrx_word' id='word_1_181' title='bbox 1474 3663 1653 3730; x_wconf 86' lang='lat' dir='ltr'><strong>dedit</strong></span> <span class='ocrx_word' id='word_1_182' title='bbox 1724 3673 1789 3732; x_wconf 89' lang='lat' dir='ltr'><strong>et</strong></span> <span class='ocrx_word' id='word_1_183' title='bbox 1838 3665 2086 3749; x_wconf 84' lang='lat' dir='ltr'><strong>legauit</strong></span> <span class='ocrx_word' id='word_1_184' title='bbox 2135 3672 2445 3751; x_wconf 89' lang='lat' dir='ltr'><strong>perpetuo</strong></span> <span class='ocrx_word' id='word_1_185' title='bbox 2523 3673 2586 3732; x_wconf 92' lang='lat' dir='ltr'><strong>et</strong></span> <span class='ocrx_word' id='word_1_186' title='bbox 2636 3662 3140 3731; x_wconf 85' lang='lat' dir='ltr'><strong>inreuocabiliter</strong></span> 
     </span>
     <span class='ocr_line' id='line_1_27' title="bbox 906 3770 3139 3857; baseline -0 -22"><span class='ocrx_word' id='word_1_187' title='bbox 906 3770 1374 3855; x_wconf 83' lang='lat' dir='ltr'><strong>possidendas3</strong></span> <span class='ocrx_word' id='word_1_188' title='bbox 1409 3772 1523 3839; x_wconf 83' lang='lat' dir='ltr'><strong>tali</strong></span> <span class='ocrx_word' id='word_1_189' title='bbox 1556 3774 1767 3850; x_wconf 88' lang='lat' dir='ltr'><strong>mod0,</strong></span> <span class='ocrx_word' id='word_1_190' title='bbox 1802 3773 1978 3857; x_wconf 89' lang='lat' dir='ltr'><strong>quod</strong></span> <span class='ocrx_word' id='word_1_191' title='bbox 2050 3773 2452 3840; x_wconf 85' lang='lat' dir='ltr'><strong>vsusfructus</strong></span> <span class='ocrx_word' id='word_1_192' title='bbox 2486 3780 2549 3839; x_wconf 91' lang='lat' dir='ltr'><strong>et</strong></span> <span class='ocrx_word' id='word_1_193' title='bbox 2601 3773 2913 3840; x_wconf 83' lang='lat' dir='ltr'><strong>vtilitates</strong></span> <span class='ocrx_word' id='word_1_194' title='bbox 2961 3771 3139 3837; x_wconf 81' lang='lat' dir='ltr'><strong>dicta-</strong></span> 
     </span>
     <span class='ocr_line' id='line_1_28' title="bbox 906 3877 3140 3966; baseline -0.002 -21"><span class='ocrx_word' id='word_1_195' title='bbox 906 3901 1045 3947; x_wconf 87' lang='lat' dir='ltr'><strong>rum</strong></span> <span class='ocrx_word' id='word_1_196' title='bbox 1080 3877 1561 3965; x_wconf 85' lang='lat' dir='ltr'><strong>possessionum</strong></span> <span class='ocrx_word' id='word_1_197' title='bbox 1599 3879 1771 3945; x_wconf 89' lang='lat' dir='ltr'><strong>idem</strong></span> <span class='ocrx_word' id='word_1_198' title='bbox 1808 3879 2038 3947; x_wconf 86' lang='lat' dir='ltr'><strong>Comes</strong></span> <span class='ocrx_word' id='word_1_199' title='bbox 2091 3879 2425 3966; x_wconf 84' lang='lat' dir='ltr'><strong>Nycolaus</strong></span> <span class='ocrx_word' id='word_1_200' title='bbox 2476 3898 2675 3963; x_wconf 89' lang='lat' dir='ltr'><strong>usque</strong></span> <span class='ocrx_word' id='word_1_201' title='bbox 2726 3880 2930 3945; x_wconf 82' lang='lat' dir='ltr'><strong>uitam</strong></span> <span class='ocrx_word' id='word_1_202' title='bbox 2980 3897 3140 3944; x_wconf 84' lang='lat' dir='ltr'><strong>snam</strong></span> 
     </span>
     <span class='ocr_line' id='line_1_29' title="bbox 905 3985 3140 4074; baseline -0.003 -21"><span class='ocrx_word' id='word_1_203' title='bbox 905 3986 1220 4072; x_wconf 87' lang='lat' dir='ltr'><strong>percipiet</strong></span> <span class='ocrx_word' id='word_1_204' title='bbox 1253 3993 1315 4052; x_wconf 83' lang='lat' dir='ltr'><strong>et</strong></span> <span class='ocrx_word' id='word_1_205' title='bbox 1350 3985 1631 4073; x_wconf 89' lang='lat' dir='ltr'><strong>babebit,</strong></span> <span class='ocrx_word' id='word_1_206' title='bbox 1664 3995 1809 4074; x_wconf 84' lang='lat' dir='ltr'><strong>post</strong></span> <span class='ocrx_word' id='word_1_207' title='bbox 1843 3995 2113 4054; x_wconf 87' lang='lat' dir='ltr'><strong>mortem</strong></span> <span class='ocrx_word' id='word_1_208' title='bbox 2146 4008 2302 4054; x_wconf 89' lang='lat' dir='ltr'><strong>uero</strong></span> <span class='ocrx_word' id='word_1_209' title='bbox 2335 4009 2520 4054; x_wconf 86' lang='lat' dir='ltr'><strong>suam</strong></span> <span class='ocrx_word' id='word_1_210' title='bbox 2552 3987 3000 4073; x_wconf 86' lang='lat' dir='ltr'><strong>possessiones</strong></span> <span class='ocrx_word' id='word_1_211' title='bbox 3018 4004 3140 4071; x_wconf 86' lang='lat' dir='ltr'><strong>pre·</strong></span> 
     </span>
     <span class='ocr_line' id='line_1_30' title="bbox 904 4092 3139 4180; baseline -0.001 -21"><span class='ocrx_word' id='word_1_212' title='bbox 904 4095 1078 4160; x_wconf 90' lang='lat' dir='ltr'><strong>dicte</strong></span> <span class='ocrx_word' id='word_1_213' title='bbox 1109 4094 1176 4160; x_wconf 95' lang='lat' dir='ltr'><strong>in</strong></span> <span class='ocrx_word' id='word_1_214' title='bbox 1209 4094 1309 4160; x_wconf 89' lang='lat' dir='ltr'><strong>ius</strong></span> <span class='ocrx_word' id='word_1_215' title='bbox 1344 4101 1408 4161; x_wconf 86' lang='lat' dir='ltr'><strong>et</strong></span> <span class='ocrx_word' id='word_1_216' title='bbox 1436 4096 1899 4180; x_wconf 87' lang='lat' dir='ltr'><strong>proprietatem</strong></span> <span class='ocrx_word' id='word_1_217' title='bbox 1935 4095 2106 4163; x_wconf 87' lang='lat' dir='ltr'><strong>dicte</strong></span> <span class='ocrx_word' id='word_1_218' title='bbox 2141 4093 2435 4161; x_wconf 83' lang='lat' dir='ltr'><strong>Ecclesie</strong></span> <span class='ocrx_word' id='word_1_219' title='bbox 2467 4103 2529 4160; x_wconf 89' lang='lat' dir='ltr'><strong>ct</strong></span> <span class='ocrx_word' id='word_1_220' title='bbox 2593 4114 2887 4161; x_wconf 88' lang='lat' dir='ltr'><strong>sororum</strong></span> <span class='ocrx_word' id='word_1_221' title='bbox 2940 4092 3139 4159; x_wconf 87' lang='lat' dir='ltr'><strong>deuol-</strong></span> 
     </span>
     <span class='ocr_line' id='line_1_31' title="bbox 904 4201 3137 4291; baseline -0.003 -22"><span class='ocrx_word' id='word_1_222' title='bbox 904 4210 1153 4271; x_wconf 87' lang='lat' dir='ltr'><strong>uentur.</strong></span> <span class='ocrx_word' id='word_1_223' title='bbox 1186 4203 1369 4269; x_wconf 86' lang='lat' dir='ltr'><strong>Dixit</strong></span> <span class='ocrx_word' id='word_1_224' title='bbox 1398 4204 1602 4270; x_wconf 87' lang='lat' dir='ltr'><strong>eciam</strong></span> <span class='ocrx_word' id='word_1_225' title='bbox 1638 4202 1807 4271; x_wconf 88' lang='lat' dir='ltr'><strong>idem</strong></span> <span class='ocrx_word' id='word_1_226' title='bbox 1842 4206 2069 4272; x_wconf 84' lang='lat' dir='ltr'><strong>Comes</strong></span> <span class='ocrx_word' id='word_1_227' title='bbox 2105 4204 2459 4291; x_wconf 77' lang='lat' dir='ltr'><strong>Nycolaus,</strong></span> <span class='ocrx_word' id='word_1_228' title='bbox 2496 4202 2702 4271; x_wconf 85' lang='lat' dir='ltr'><strong>uoluit</strong></span> <span class='ocrx_word' id='word_1_229' title='bbox 2723 4211 2788 4269; x_wconf 90' lang='lat' dir='ltr'><strong>et</strong></span> <span class='ocrx_word' id='word_1_230' title='bbox 2811 4201 3137 4278; x_wconf 82' lang='lat' dir='ltr'><strong>ordinauit,</strong></span> 
     </span>
     <span class='ocr_line' id='line_1_32' title="bbox 906 4311 3137 4397; baseline -0.002 -20"><span class='ocrx_word' id='word_1_231' title='bbox 906 4312 1076 4396; x_wconf 90' lang='lat' dir='ltr'><strong>quod</strong></span> <span class='ocrx_word' id='word_1_232' title='bbox 1139 4311 1402 4377; x_wconf 90' lang='lat' dir='ltr'><strong>domina</strong></span> <span class='ocrx_word' id='word_1_233' title='bbox 1449 4332 1609 4379; x_wconf 85' lang='lat' dir='ltr'><strong>vxor</strong></span> <span class='ocrx_word' id='word_1_234' title='bbox 1657 4333 1777 4379; x_wconf 87' lang='lat' dir='ltr'><strong>sua</strong></span> <span class='ocrx_word' id='word_1_235' title='bbox 1828 4314 1971 4397; x_wconf 89' lang='lat' dir='ltr'><strong>ipso</strong></span> <span class='ocrx_word' id='word_1_236' title='bbox 2025 4316 2109 4382; x_wconf 87' lang='lat' dir='ltr'><strong>ab</strong></span> <span class='ocrx_word' id='word_1_237' title='bbox 2164 4314 2287 4379; x_wconf 89' lang='lat' dir='ltr'><strong>hac</strong></span> <span class='ocrx_word' id='word_1_238' title='bbox 2338 4313 2483 4379; x_wconf 89' lang='lat' dir='ltr'><strong>luce</strong></span> <span class='ocrx_word' id='word_1_239' title='bbox 2533 4312 2885 4396; x_wconf 87' lang='lat' dir='ltr'><strong>subtracto,</strong></span> <span class='ocrx_word' id='word_1_240' title='bbox 2949 4328 3137 4396; x_wconf 88' lang='lat' dir='ltr'><strong>usque</strong></span> 
     </span>
     <span class='ocr_line' id='line_1_33' title="bbox 906 4418 3139 4506; baseline -0.003 -20"><span class='ocrx_word' id='word_1_241' title='bbox 906 4420 1109 4486; x_wconf 87' lang='lat' dir='ltr'><strong>uitam</strong></span> <span class='ocrx_word' id='word_1_242' title='bbox 1160 4439 1341 4485; x_wconf 85' lang='lat' dir='ltr'><strong>suam</strong></span> <span class='ocrx_word' id='word_1_243' title='bbox 1375 4419 1440 4484; x_wconf 92' lang='lat' dir='ltr'><strong>in</strong></span> <span class='ocrx_word' id='word_1_244' title='bbox 1500 4418 1741 4487; x_wconf 89' lang='lat' dir='ltr'><strong>eisdem</strong></span> <span class='ocrx_word' id='word_1_245' title='bbox 1805 4421 2101 4488; x_wconf 90' lang='lat' dir='ltr'><strong>domibus</strong></span> <span class='ocrx_word' id='word_1_246' title='bbox 2166 4430 2229 4489; x_wconf 89' lang='lat' dir='ltr'><strong>et</strong></span> <span class='ocrx_word' id='word_1_247' title='bbox 2258 4420 2459 4488; x_wconf 86' lang='lat' dir='ltr'><strong>fundo</strong></span> <span class='ocrx_word' id='word_1_248' title='bbox 2516 4420 2689 4487; x_wconf 86' lang='lat' dir='ltr'><strong>curie</strong></span> <span class='ocrx_word' id='word_1_249' title='bbox 2750 4425 3139 4506; x_wconf 87' lang='lat' dir='ltr'><strong>permaneret</strong></span> 
     </span>
     <span class='ocr_line' id='line_1_34' title="bbox 905 4527 3135 4615; baseline -0.004 -18"><span class='ocrx_word' id='word_1_250' title='bbox 905 4530 962 4597; x_wconf 88' lang='lat' dir='ltr'><strong>si</strong></span> <span class='ocrx_word' id='word_1_251' title='bbox 994 4548 1149 4595; x_wconf 88' lang='lat' dir='ltr'><strong>uero</strong></span> <span class='ocrx_word' id='word_1_252' title='bbox 1184 4528 1487 4594; x_wconf 83' lang='lat' dir='ltr'><strong>maritum</strong></span> <span class='ocrx_word' id='word_1_253' title='bbox 1506 4529 1785 4615; x_wconf 88' lang='lat' dir='ltr'><strong>duceret,</strong></span> <span class='ocrx_word' id='word_1_254' title='bbox 1822 4529 2065 4598; x_wconf 91' lang='lat' dir='ltr'><strong>nullum</strong></span> <span class='ocrx_word' id='word_1_255' title='bbox 2103 4531 2203 4598; x_wconf 90' lang='lat' dir='ltr'><strong>ius</strong></span> <span class='ocrx_word' id='word_1_256' title='bbox 2237 4550 2351 4596; x_wconf 88' lang='lat' dir='ltr'><strong>seu</strong></span> <span class='ocrx_word' id='word_1_257' title='bbox 2371 4527 2825 4596; x_wconf 83' lang='lat' dir='ltr'><strong>auctoritatem</strong></span> <span class='ocrx_word' id='word_1_258' title='bbox 2847 4527 3135 4610; x_wconf 79' lang='lat' dir='ltr'><strong>deinceps</strong></span> 
     </span>
     <span class='ocr_line' id='line_1_35' title="bbox 907 4632 3129 4721; baseline -0.004 -19"><span class='ocrx_word' id='word_1_259' title='bbox 907 4636 1174 4702; x_wconf 85' lang='lat' dir='ltr'><strong>haberet</strong></span> <span class='ocrx_word' id='word_1_260' title='bbox 1206 4634 1271 4700; x_wconf 89' lang='lat' dir='ltr'><strong>in</strong></span> <span class='ocrx_word' id='word_1_261' title='bbox 1306 4635 1449 4721; x_wconf 89' lang='lat' dir='ltr'><strong>ipso</strong></span> <span class='ocrx_word' id='word_1_262' title='bbox 1483 4635 1682 4703; x_wconf 89' lang='lat' dir='ltr'><strong>fundo</strong></span> <span class='ocrx_word' id='word_1_263' title='bbox 1722 4639 1898 4703; x_wconf 89' lang='lat' dir='ltr'><strong>curie</strong></span> <span class='ocrx_word' id='word_1_264' title='bbox 1930 4646 1993 4704; x_wconf 89' lang='lat' dir='ltr'><strong>et</strong></span> <span class='ocrx_word' id='word_1_265' title='bbox 2026 4638 2322 4706; x_wconf 85' lang='lat' dir='ltr'><strong>domibus</strong></span> <span class='ocrx_word' id='word_1_266' title='bbox 2358 4635 2786 4705; x_wconf 82' lang='lat' dir='ltr'><strong>existentibus</strong></span> <span class='ocrx_word' id='word_1_267' title='bbox 2810 4635 2874 4702; x_wconf 89' lang='lat' dir='ltr'><strong>in</strong></span> <span class='ocrx_word' id='word_1_268' title='bbox 2907 4632 3129 4702; x_wconf 86' lang='lat' dir='ltr'><strong>eodem.</strong></span> 
     </span>
    </p>
   </div>
   <div class='ocr_carea' id='block_1_7' title="bbox 3186 101 3189 625">
    <p class='ocr_par' dir='ltr' id='par_1_7' title="bbox 3186 101 3189 625">
     <span class='ocr_line' id='line_1_36' title="bbox 3186 101 3189 625; baseline 0 0"><span class='ocrx_word' id='word_1_269' title='bbox 3186 101 3189 625; x_wconf 95' lang='lat' dir='ltr'><strong> </strong></span> 
     </span>
    </p>
   </div>
  </div>
 </body>
</html>
