3319 5249
1883 351 2012 417 518

1881 1009 2036 1080 289.

825 1212 941 1284 IV.
976 1215 1203 1282 La'szld
1220 1217 1443 1301 kirdly
1466 1212 1819 1279 Besztercze
1839 1208 2141 1298 (erdelyi)
2177 1216 2371 1277 vairos
2401 1210 2737 1298 adojdnak
2766 1209 2868 1275 ket
2891 1211 3100 1275 re'sze't

1602 1320 1826 1406 engadi
1855 1321 1928 1384 ez.
1968 1320 2157 1386 1290.

1036 1537 1387 1605 Ladizlaus
1437 1536 1560 1602 Dei
1624 1534 1847 1619 gracia
1907 1532 2242 1617 Hungarie
2263 1581 2283 1618 ,
2335 1531 2674 1598 Dalmacie
2700 1582 2717 1615 ,
2782 1530 3092 1616 Croucie,

825 1651 1049 1734 Rame‚
1086 1646 1332 1732 Seruis,
1364 1642 1665 1727 Gallicie‚
1694 1642 2098 1728 Lodomerie,
2134 1636 2447 1708 Cumanie
2478 1638 2915 1725 Bulgaricque
2937 1643 3090 1707 Rex

825 1756 1120 1823 omnibus
1155 1750 1394 1820 Christi
1425 1750 1729 1818 fidelibus
1762 1768 2032 1835 presens
2054 1748 2365 1833 scriptum
2389 1747 2776 1832 inspecturis
2798 1747 3087 1814 salutem

824 1864 894 1930 in
924 1861 1208 1932 omnium
1240 1861 1595 1928 saluatore.
1632 1859 1719 1925 Vt
1751 1878 1849 1943 ea,
1885 1855 2097 1942 quein
2120 1862 2408 1941 tempore
2448 1862 2780 1942 geruntur,
2812 1875 2897 1921 ne
2929 1876 3086 1922 cum

826 1980 1116 2058 tempore
1149 1969 1435 2038 defluant
1485 1974 1549 2034 et
1617 1966 1955 2048 labantur,
2037 1964 2394 2031 litterarum
2446 1963 2656 2030 solent
2706 1963 3089 2032 testimonio

827 2078 1206 2148 communiri
1258 2097 1373 2145 seu
1407 2074 1901 2161 perhempnari;
1937 2074 2389 2140 inconcussum
2423 2072 2668 2159 quippe
2717 2078 3085 2158 permanet,

829 2187 1006 2273 quod
1036 2185 1241 2270 Regio
1274 2183 1396 2252 fuit
1443 2182 1810 2267 patrocinio
1844 2180 2322 2251 communitum.
2358 2179 2638 2246 Proinde
2688 2179 2774 2245 ad
2824 2179 3089 2246 vniuer·

831 2315 1043 2363 sorum
1079 2291 1393 2361 noticiam
1423 2291 1653 2356 harum
1688 2290 1860 2357 serie
1892 2291 2192 2356 uolumus
2244 2288 2623 2374 peruenire:
2674 2284 2846 2370 quod
2890 2305 3080 2352 acce-

830 2400 1060 2470 dentes
1093 2401 1178 2467 ad
1209 2407 1494 2467 nostram
1526 2399 1930 2485 presenciam
1964 2398 2141 2465 ciues
2165 2396 2245 2462 de
2265 2395 2629 2484 Byzturche
2651 2394 3090 2462 exhibuerunt

831 2510 1018 2577 nobis
1080 2514 1381 2592 patentes
1442 2507 1696 2574 litteras
1759 2511 2014 2573 nostras
2078 2523 2275 2589 super
2338 2502 2750 2569 relaxacione
2812 2499 3093 2568 duarum

833 2617 1128 2705 parcium
1161 2615 1385 2684 tributi
1418 2615 1499 2682 de
1529 2612 1933 2702 Byztwrche,
1969 2619 2032 2680 et
2062 2612 2433 2700 petiuerunt
2458 2632 2497 2676 a
2530 2609 2718 2678 nobis
2751 2609 3093 2677 humiliter

831 2722 1236 2811 suplicand0,
1271 2731 1340 2792 vt
1370 2724 1549 2810 ipsas
1583 2728 1762 2790 ratas
1798 2722 2060 2806 habere,
2093 2728 2158 2787 et
2190 2725 2411 2786 nostro
2445 2719 2762 2786 innouare
2815 2726 2879 2786 et
2933 2740 3092 2787 con·

836 2835 1090 2901 firmare
1123 2832 1465 2918 priuilegio
1499 2831 1581 2897 de
1614 2829 2021 2916 benignitate
2050 2830 2259 2914 Regia
2288 2829 2729 2913 dignaremur.
2781 2828 3079 2907 Quarum

835 2943 1093 3029 quidem
1126 2942 1496 3027 patencium
1526 2941 1893 3008 litterarum
1928 2948 2108 3008 tenor
2131 2940 2282 3008 talis
2303 2947 2439 3009 est:

1048 3051 1185 3118 Nos
1214 3049 1572 3116 Ladizlaus
1603 3050 1728 3115 Dei
1790 3049 2020 3132 gracia
2081 3049 2220 3114 Rex
2283 3045 2570 3131 Vngarie
2636 3045 3089 3130 significamus

836 3160 1071 3246 quibus
1105 3158 1367 3246 expedit
1385 3164 1605 3224 tenore
1642 3158 2045 3243 presencium
2078 3156 2443 3224 vniuersis:
2496 3153 2670 3240 quod
2721 3156 2874 3240 quia
2905 3156 3093 3226 ciues

840 3269 1046 3335 nostri
1081 3266 1160 3335 de
1190 3265 1537 3354 Byztwrch
1569 3286 1687 3353 per
1722 3274 1944 3333 vastus
1978 3271 2040 3332 et
2071 3266 2379 3333 incendia
2411 3265 2834 3331 Tartarorum
2887 3264 3094 3348 pluri·

834 3396 1006 3440 mum
1023 3373 1501 3443 suntdestructi
1536 3380 1598 3440 et
1629 3373 2078 3459 depauperati,
2118 3371 2366 3439 eisdem
2390 3371 2761 3439 huiusmodi
2781 3372 3085 3456 graciam

835 3481 1139 3551 duximus
1169 3481 1555 3569 faciendam,
1589 3491 1656 3550 vt
1689 3483 1958 3548 terciam
1991 3488 2241 3567 partem
2282 3480 2505 3547 tributi
2568 3481 2649 3548 de
2680 3480 3092 3567 Byztwrche‚

837 3600 902 3662 ct
932 3613 1064 3662 non
1093 3592 1285 3675 vltra,
1321 3591 1482 3657 dare
1514 3597 1580 3657 et
1610 3590 1985 3676 persoluere
2032 3597 2410 3676 teneantur5
2445 3591 2538 3656 ita
2586 3598 2655 3658 vt
2707 3591 2789 3656 de
2837 3589 3102 3656 duabus

836 3700 1130 3787 partibus
1164 3697 1386 3765 tributi
1421 3698 1551 3765 sint
1582 3698 1874 3783 expediti
1909 3706 1973 3766 et
2006 3698 2327 3784 absoluti3
2357 3701 2572 3766 nullus
2619 3705 2835 3766 autem
2887 3697 3096 3764 homi·

839 3827 991 3874 num
1026 3807 1198 3873 vltra
1228 3806 1296 3872 id
1326 3806 1588 3875 eosdem
1622 3806 1972 3873 molestare
2005 3804 2244 3874 audeat
2295 3807 2402 3873 vel
2450 3814 2800 3890 presumat.
2851 3808 3103 3875 Datum

840 3915 1182 3984 Waradini
1213 3916 1279 3981 in
1314 3914 1480 3982 festo
1511 3915 1714 3982 Beate
1744 3915 1947 3981 Marie
1970 3914 2382 3998 Magdalene.

1055 4025 1188 4091 Nos
1221 4023 1441 4106 itaque
1473 4023 1661 4091 iustis
1692 4029 1757 4089 et
1787 4022 2123 4108 legittimis
2190 4021 2620 4108 peticionibus
2653 4023 3098 4109 predictorum

839 4133 1077 4199 ciuium
1109 4138 1471 4201 nostrorum
1505 4132 1803 4199 inclinati
1835 4131 2039 4216 Regio
2073 4150 2216 4197 cum
2249 4130 2495 4219 fauore,
2552 4132 2735 4216 ipsas
2793 4136 3105 4215 patentes

839 4240 1088 4308 litteras
1118 4244 1378 4307 nostras
1409 4261 1540 4306 non
1571 4241 1868 4322 abrasae,
1924 4258 2053 4306 non
2103 4239 2521 4323 cancellatas,
2575 4257 2695 4305 nec
2747 4239 2813 4303 in
2868 4238 3102 4321 aliqua

844 4346 943 4416 sui
976 4355 1164 4434 parte
1195 4347 1488 4433 viciatas‚
1525 4349 1640 4415 sed
1691 4349 2127 4417 omnimodam
2163 4348 2560 4416 continentes
2594 4347 2953 4432 ueritatem,
3014 4348 3107 4414 de

844 4458 1039 4524 verbo
1071 4456 1159 4524 ad
1192 4458 1453 4524 verbum
1487 4459 1897 4544 presentibus
1931 4458 2133 4525 inseri
2166 4456 2500 4544 facientes,
2533 4456 2918 4525 auctoritate
2954 4475 3104 4543 pre·

842 4565 1129 4632 sencium
1163 4565 1468 4635 duximus
1503 4565 1908 4635 innouandas
1933 4574 1997 4633 et
2016 4567 2221 4633 eciam
2242 4564 2742 4632 confirmandas,
2776 4565 2857 4631 Vt
2877 4571 3102 4633 autem

848 4670 1214 4742 huiusmodi
1247 4674 1473 4759 gracia
1504 4674 1818 4760 predictis
1852 4675 2102 4743 ciuibus
2137 4695 2255 4761 per
2287 4696 2407 4744 nos
2442 4672 2623 4744 edita
2673 4679 2741 4742 et
2789 4691 3108 4743 concessa
