3319 5249
1895 329 2026 395 386

809 525 1009 601 eques
1041 520 1324 588 euadens
1357 541 1473 606 per
1503 521 1779 607 Tyciam
1818 522 2276 610 transnatauit,
2310 523 2605 608 pluribus
2636 520 2788 606 alijs
2840 521 3069 588 litteris

814 625 1170 693 combustis
1202 628 1344 694 solo
1375 628 1722 713 priuilegio
1755 629 1912 695 Bele
1942 629 2141 714 Regis
2176 630 2396 697 taliter
2422 637 2802 696 remanente
2832 653 2849 713 ς
2883 645 3073 713 super

815 734 1048 815 quibus
1079 733 1379 801 omnibus
1413 733 1600 801 dictis
1635 733 1889 803 litteras
1922 736 2367 820 inquisitorias
2409 735 2896 804 Chanadiensis
2960 733 3071 802 Ca-

809 840 999 925 pituli
1050 850 1114 908 et
1165 842 1542 910 Orodieusis
1593 842 1894 930 produxit
1936 845 2000 911 in
2034 845 2345 934 medinm,
2397 846 2734 914 veritatem
2768 865 2887 913 sue
2918 844 3076 912 reci·

807 949 1079 1015 tacionis
1130 946 1212 1017 de
1262 952 1455 1017 verbo
1503 951 1590 1017 ad
1639 953 1910 1018 verbum
1959 953 2398 1037 continentes;
2488 953 2758 1039 insuper
2790 960 3076 1019 tenorem

810 1054 1135 1140 priuilegij
1187 1057 1348 1124 Bele
1381 1059 1579 1142 Regis
1611 1079 1692 1125 ex
1726 1060 2000 1143 registro
2032 1060 2485 1127 waradiensis
2520 1057 2811 1146 Capituli
2844 1058 2928 1125 de
2957 1078 3067 1125 no-

807 1169 939 1229 stro
962 1161 1268 1231 mandato
1291 1167 1787 1251 transscriptum
1809 1166 2174 1234 Conuentus
2194 1166 2417 1234 Sancti
2449 1166 2765 1251 Stephani
2802 1165 2887 1234 de
2909 1167 3062 1231 Pro·

806 1271 1124 1337 montorio
1179 1272 1586 1340 Waradiensi
1635 1275 1704 1338 in
1755 1275 1891 1341 suis
1922 1274 2156 1342 litteris
2188 1273 2278 1339 ad
2309 1274 2571 1341 modum
2601 1273 2935 1359 priuilegij
2974 1274 3061 1341 ad

806 1380 1110 1446 maiorem
1132 1382 1457 1447 cautelam
1477 1380 1774 1448 similiter
1796 1382 2171 1468 Capitulum
2191 1380 2622 1450 Waradiense
2660 1388 3059 1467 transsump-

805 1493 1019 1555 serat:
1069 1493 1281 1553 tamen
1332 1486 1539 1554 visum
1572 1487 1694 1554 fuit
1722 1489 2023 1556 omnibus
2056 1488 2257 1571 nobie,
2291 1499 2358 1555 vt
2390 1489 2791 1556 consciencie
2842 1496 3058 1555 nostre

805 1593 1301 1680 satisfaciamus,
1356 1605 1423 1661 et
1470 1594 1699 1680 iniqua
1747 1614 1868 1663 ora
1916 1594 2324 1679 loquencium
2374 1615 2488 1682 per
2547 1597 2889 1663 veritatem
2955 1596 3059 1661 ob·

804 1708 1162 1769 struamus:
1195 1702 1370 1784 quod
1400 1702 1685 1786 sigillum
1737 1703 2066 1790 priuilegij
2122 1705 2277 1770 Bele
2307 1704 2508 1786 Regis
2541 1724 2916 1789 rumpamus
2948 1721 3063 1788 per

806 1808 1082 1876 medium
1133 1809 1198 1872 in
1232 1807 1629 1877 immissione
1664 1811 1856 1877 serici
1891 1811 1975 1877 ad
2008 1811 2318 1896 sigillum,
2352 1818 2417 1876 et
2448 1810 2504 1875 si
2542 1814 2878 1877 veritatem
2912 1832 3054 1877 con·

803 1915 1028 2001 tineat,
1064 1934 1453 1999 quamquam
1496 1915 1627 1981 iam
1653 1916 1813 1983 satis
1834 1917 2007 1983 clarc
2038 1917 2121 1983 de
2155 1919 2427 1984 veritate
2458 1917 2544 1983 sit
2576 1918 2913 2003 probatum
2951 1936 3060 2003 per

809 2024 1058 2090 litteras
1098 2022 1561 2108 transscriptas
1610 2023 2045 2090 laudabilium
2080 2025 2546 2110 Capitulorum,
2581 2033 2735 2090 tunc
2767 2044 2848 2090 ex
2884 2035 3065 2090 certa

807 2131 1111 2214 sciencia,
1134 2139 1327 2216 prout
1348 2153 1387 2198 a
1408 2130 1597 2198 nobis
1630 2134 1795 2219 petit
1826 2133 2177 2217 eleganter,
2210 2136 2682 2218 confirmemus,
2714 2139 2779 2199 et
2809 2153 3061 2218 posses·

807 2238 1026 2306 siones
1073 2237 1139 2304 in
1173 2238 1419 2306 eisdem
1469 2238 1834 2326 priuilegijs
1883 2240 2251 2307 nominatas
2283 2240 2366 2307 ab
2401 2240 2696 2307 omnibus
2729 2248 3067 2325 occupato-

801 2345 980 2411 ribus
1031 2352 1095 2411 et
1127 2343 1573 2411 detentoribus
1627 2344 2000 2432 liberemus,
2036 2347 2246 2413 eidem
2280 2346 2515 2414 Comiti
2549 2345 2792 2412 Thome
2826 2355 2891 2412 et
2922 2345 3059 2412 suis

803 2450 1142 2519 heredibus
1202 2451 1567 2537 reddentes,
1606 2451 1875 2537 pacifice
1911 2461 1976 2518 et
2006 2458 2322 2538 perpetuo
2356 2452 2817 2538 possidendas.
2859 2452 3066 2536 Igitur

805 2579 947 2627 cum
982 2558 1145 2653 illud
1178 2557 1462 2642 sigillum
1497 2558 1577 2626 de
1610 2560 1920 2626 mandato
1962 2566 2204 2644 nostro,
2238 2560 2653 2646 presentibus
2685 2557 2976 2626 Prelatis
3005 2566 3066 2624 et

801 2666 1166 2734 Batonibus
1201 2668 1439 2733 nostris
1470 2666 1794 2754 predictis,
1830 2687 1942 2752 per
1974 2666 2290 2732 'rhomam
2322 2666 2725 2752 Episcopum
2760 2666 3056 2732 Ecclesie

800 2774 1158 2843 Waciensis
1222 2774 1374 2839 aule
1426 2782 1648 2841 nostre
1703 2774 2323 2842 vicecancellarium
2360 2772 2635 2840 fractum
2673 2773 2909 2840 fuisset
2943 2793 3051 2857 per

800 2882 1087 2949 medium
1136 2880 1203 2946 in
1245 2880 1408 2947 duas
1440 2880 1704 2965 equales
1738 2888 1979 2967 partes,
2013 2901 2232 2947 verum
2267 2883 2335 2947 in
2370 2882 2582 2948 serico
2619 2880 2932 2948 interiore
2961 2901 3055 2948 sa·

800 3010 954 3058 num
1006 2995 1070 3056 et
1100 2990 1351 3056 firmum
1385 2987 1816 3075 comperimus
1850 2986 2029 3053 nulla
2064 2987 2358 3055 falsitate
2390 2989 2733 3055 viciosum.
2771 2990 2907 3055 Nos
2941 2989 3052 3078 ita·

799 3100 1010 3183 quein
1033 3092 1405 3164 memoriam
1428 3104 1809 3163 reuocantes
1831 3093 1993 3162 illud
2013 3096 2458 3181 propheticum
2486 3120 2501 3160 :
2529 3093 2759 3181 „Oculi
2792 3095 3049 3162 Domini

796 3226 990 3292 snper
1035 3205 1258 3290 iustos,
1310 3213 1373 3271 et
1425 3224 1616 3271 aures
1670 3205 1808 3272 eius
1840 3202 1906 3269 in
1938 3222 2164 3289 preces
2196 3223 2417 3269 eorum
2447 3202 2502 3288 ;“
2541 3212 2605 3269 et
2635 3201 2835 3269 illud:
2874 3203 3054 3292 „Non

797 3312 930 3381 vidi
971 3315 1219 3400 justum
1275 3312 1680 3395 derelictum,
1714 3331 1832 3376 nec
1866 3329 2092 3376 semen
2126 3312 2267 3377 eius
2302 3305 2582 3395 querens
2614 3310 2931 3396 panem“;
2968 3317 3053 3374 at·

800 3419 1137 3487 tendentes
1157 3420 1386 3504 eciam,
1409 3417 1581 3501 quod
1601 3435 1975 3501 supremum
2005 3419 2073 3482 in
2109 3417 2302 3485 rebus
2336 3418 2571 3485 bonum
2606 3424 2708 3486 est
2724 3416 3052 3503 justiciam

797 3546 1206 3613 conseruare,
1261 3532 1325 3592 et
1382 3524 1734 3609 vnicuiqne
1768 3524 2061 3590 tribuere
2086 3523 2259 3607 quod
2293 3545 2475 3592 suum
2510 3545 2653 3591 esse
2684 3525 3055 3607 dinoscitur,

799 3653 917 3703 nec
966 3634 1177 3701 sinere
1229 3632 1398 3717 quod
1452 3633 1795 3717 potestatis
1851 3638 1948 3697 est
1979 3631 2137 3718 fieri,
2172 3631 2287 3699 sed
2320 3633 2493 3717 quod
2528 3653 2761 3716 equum
2812 3641 2911 3698 est
2957 3651 3052 3697 cu·

800 3742 1080 3825 stodire3
1132 3739 1543 3824 priuilegium
1574 3737 1896 3823 prefatum
1932 3739 2044 3804 aui
2101 3740 2310 3805 nostri
2372 3738 2639 3823 gloriosi
2670 3741 2867 3823 Regis
2904 3739 3055 3805 Bele

801 3848 1152 3917 laudabilis
1174 3848 1498 3932 memorie,
1516 3867 1634 3913 nec
1667 3866 1793 3912 non
1822 3844 2113 3930 Capituli
2138 3845 2587 3914 Waradiensis
2606 3854 2674 3913 et
2692 3845 3054 3914 Conuentus

796 3956 1020 4025 Sancti
1051 3955 1361 4042 Stephani
1383 3954 1464 4021 de
1482 3953 1935 4020 Promontorio
1968 3952 2421 4036 Waradiensi,
2454 3962 2739 4021 tenorem
2773 3951 3052 4021 eiusdem

792 4066 949 4132 Bele
977 4063 1177 4148 Regis
1197 4060 1529 4149 priuilegij
1553 4061 1888 4128 continens
1909 4061 2270 4127 subnexum
2316 4068 2381 4126 et
2414 4061 2732 4127 vallatum
2766 4061 3051 4137 veritate,

792 4192 915 4240 nec
963 4173 1030 4237 in
1081 4172 1307 4257 aliqua
1355 4170 1456 4237 sui
1489 4174 1677 4255 parte
1708 4166 2040 4255 viciatum,
2075 4168 2204 4234 imo
2238 4166 2714 4253 examinatum,
2749 4168 2917 4235 sicut
2949 4186 3049 4240 au·

791 4301 931 4347 rum
952 4278 1020 4346 in
1039 4279 1303 4346 fornace
1333 4281 1679 4363 purgatum
1712 4278 1833 4362 ter,
1866 4281 2283 4360 repurgatum
2321 4275 2721 4361 septuplum,
2755 4274 2835 4340 de
2856 4275 3046 4342 verbo

791 4390 879 4455 ad
926 4387 1190 4454 verbum
1240 4384 1650 4472 presentibus
1702 4381 2034 4465 insertum,
2087 4383 2155 4447 in
2207 4391 2493 4450 eternam
2549 4382 2647 4449 rei
2677 4383 3046 4449 memoriam

787 4495 1278 4577 firmitatemque
1311 4495 1687 4578 perpetuam
1737 4487 2130 4558 authoritate
2179 4491 2389 4575 Regia
2438 4512 2521 4557 ex
2560 4497 2738 4559 certa
2766 4489 3047 4557 sciencia

788 4606 1086 4674 duximus
1116 4596 1645 4684 confirmandum,
1669 4603 2048 4664 reuocantes
2081 4618 2304 4665 omnes
2351 4594 2764 4685 donaciones,
2801 4614 3048 4664 conces·
