3319 5249
1367 351 1499 422 313

327 552 516 621 horon
564 550 907 637 nominate,
954 548 1150 636 ijdem
1198 545 1514 635 Andreas,
1559 546 1910 636 Gregorius
1942 552 2008 616 et
2036 542 2390 636 Dyonisius
2423 542 2539 614 00·

327 660 503 729 mites
533 663 953 729 communiter
981 659 1293 728 dederunt
1322 665 1386 724 et
1417 659 1823 728 contulerunt
1852 655 2221 744 supradicto
2257 650 2541 725 Joliauni

324 771 619 839 Palatino
668 769 805 838 iure
853 775 1159 856 perpetuo
1209 765 1706 854 possidendam;
1756 767 1968 836 dietus
1999 787 2150 836 uero
2182 764 2538 851 Dyonisius

321 901 428 965 pro
457 881 661 947 tercia
690 883 895 964 parte,
931 898 1054 961 que
1083 879 1290 961 ipsum
1324 875 1638 960 contingit
1685 877 1754 943 in
1785 882 2037 944 centum
2070 873 2321 959 marcis,
2354 873 2541 939 satis-

320 985 466 1054 fecit
496 986 726 1053 Comiti
757 986 1015 1053 Andree
1046 991 1431 1068 memorat03
1467 990 1529 1051 et
1559 984 1651 1051 sic
1676 965 1937 1052 'demum
1971 982 2270 1049 dominus
2302 978 2539 1047 Johan—

320 1116 429 1160 nes
478 1094 832 1172 Palatinae,
883 1091 1219 1160 satisfacto
1267 1092 1394 1157 sibi
1444 1091 1525 1158 de
1578 1098 1833 1158 centum
1883 1090 2133 1173 mareis,
2170 1088 2323 1173 filijs
2354 1086 2540 1153 Chak

321 1203 477 1268 Bani
531 1201 969 1286 possessiones
1018 1221 1171 1266 snas
1225 1199 1588 1285 sepedictas
1636 1198 1984 1283 uendendi,
2014 1196 2331 1277 tradendi,
2384 1197 2539 1261 alie-

318 1309 550 1395 nandi;
601 1317 664 1376 et
716 1308 1050 1392 Gregorio,
1099 1307 1360 1374 Andree
1410 1327 1485 1373 ac
1528 1309 1844 1392 Dyonisio
1879 1306 2235 1374 Comitibus
2267 1303 2542 1386 emendi,

318 1417 752 1503 comparandi,
775 1419 911 1483 iure
932 1423 1238 1502 perpetuo
1259 1413 1628 1500 possidendi
1652 1422 1717 1481 et
1749 1414 2026 1480 habendi
2064 1412 2243 1478 dedit
2273 1411 2539 1478 liberam

316 1523 692 1593 facultatem
719 1550 734 1611 ;
769 1533 833 1591 et
864 1533 1120 1609 propter
1149 1522 1658 1607 recognicionem
1696 1543 1772 1586 ac
1806 1521 2324 1587 emendacionem
2348 1539 2539 1586 uexa-

315 1632 538 1716 cionis‚
587 1652 776 1714 quam
828 1630 1036 1697 medio
1090 1637 1370 1715 tempore
1422 1630 1686 1713 fecerat,
1742 1629 2056 1713 obligauit
2106 1649 2176 1694 se
2226 1628 2292 1692 in
2338 1626 2538 1695 nostri

314 1741 669 1826 presencia,
707 1738 875 1823 quod
909 1738 1112 1803 dictos
1146 1744 1462 1822 emptores
1494 1746 1714 1804 contra
1746 1758 1982 1822 omnes,
2005 1745 2067 1802 et
2087 1738 2288 1803 eciam
2308 1736 2541 1802 fratres

313 1868 485 1931 suos,
523 1846 629 1911 uel
662 1853 885 1913 contra
917 1845 1266 1929 quemlibet
1299 1846 1604 1929 ipsorum,
1641 1846 1695 1909 si
1717 1844 1951 1929 aliquis
1973 1845 2230 1910 racione
2252 1844 2537 1928 ipsarum

321 1954 802 2038 possessionum
853 1960 1238 2039 acceptaret,
1293 1952 1694 2038 expediendo
1727 1973 1886 2038 pure
1921 1961 1982 2019 et
2031 1951 2431 2041 simpliciter,
2473 1954 2538 2019 in

319 2067 476 2150 ipsis
530 2061 1047 2151 possessionibus
1098 2072 1529 2130 conseruaret.
1582 2066 1653 2128 In
1707 2063 1890 2130 euius
1940 2064 2033 2129 rei
2067 2062 2439 2129 memoriam
2479 2070 2543 2129 et

312 2181 696 2259 perpetuam
759 2171 1123 2239 firmitatem
1173 2171 1259 2237 ad
1314 2170 1691 2239 instanciam
1755 2175 2049 2258 parcium
2110 2172 2539 2260 predictarum

309 2289 646 2366 presentes
679 2280 932 2346 litteras
965 2281 1395 2347 concessimus
1428 2280 1805 2348 auctoritate
1835 2280 2037 2347 nostri
2057 2280 2260 2365 sigilli
2279 2281 2540 2348 robora·

307 2397 428 2473 tas,
484 2409 662 2455 anno
711 2387 974 2455 Domini
1013 2389 1102 2455 ΜΟ
1135 2386 1262 2454 00⁰
1293 2389 1732 2475 octuagesimo
1762 2390 1982 2474 primo.
2013 2390 2323 2473 Magistro
2354 2385 2542 2453 Cara-

308 2498 500 2564 chino
552 2496 843 2564 Ecclesie
891 2503 1111 2565 nostre
1161 2497 1516 2582 Prepesito,
1564 2499 1847 2565 Abraam
1880 2495 2173 2582 cantore,
2205 2496 2543 2564 Dominieo

309 2603 611 2691 Custode,
645 2603 891 2690 Mykou
924 2603 1190 2701 Decano
1222 2603 1691 2673 existentibus..

738 2820 795 2884 A
1172 2819 1224 2884 B
1617 2821 1668 2887 C
2058 2820 2117 2885 D

309 3037 587 3101 (Eredetie
633 3032 981 3105 b6rbartyan,
1025 3050 1059 3086 a
1095 3035 1395 3087 aiud-votos
1445 3036 1899 3102 selyemzs'moron
1943 3034 2167 3105 fflggott
2187 3035 2373 3105 peeset
2399 3038 2544 3090 elve-

309 3135 445 3181 szett
477 3148 490 3194 3
533 3143 568 3179 a
607 3126 769 3178 budai
807 3127 905 3177 kir.
947 3128 1186 3179 kamarai
1223 3124 1564 3178 leveltarban
1603 3128 1670 3178 V.
1713 3134 1758 3179 ὅ.
1787 3121 1947 3194 Fejer
1985 3130 2112 3187 Cod.
2153 3128 2298 3197 Dipl.
2337 3128 2402 3179 V.
2429 3128 2541 3185 ket.

1271 3219 1319 3272 3.
1347 3234 1388 3269 r.
1413 3219 1498 3271 98.
1526 3218 1585 3283 l.)
