3319 5249
1788 363 1873 428 42

1785 900 1889 970 24.

706 1100 765 1166 A
800 1102 1168 1168 kerecztesek
1197 1102 1535 1187 tff-udvari
1564 1103 2006 1188 konventjdmk
2035 1103 2580 1191 bizonysa'qlevele,
2609 1105 2772 1187 hoyy
2805 1102 2969 1168 Lon-

704 1210 924 1275 kochzi
954 1209 1208 1274 Far-kas
1239 1208 1698 1275 Lonkochzban
1728 1211 1864 1275 Ζέυό
1894 1210 2176 1274 birtoka't
2220 1210 2435 1276 Varou,
2466 1210 2714 1275 Peter-ne
2728 1211 2971 1293 fldnak

972 1338 977 1341 ·
1604 1317 1838 1381 eladta.
1893 1318 2086 1383 1273.

923 1531 1061 1598 Nos
1111 1528 1311 1596 frater
1367 1529 1812 1616 Guiyllermus
1864 1531 2212 1617 Preceptor
2263 1539 2326 1598 et
2376 1529 2687 1598 Cruciferi
2720 1533 2971 1598 Domus

714 1637 1079 1725 Hospitalis
1129 1636 1212 1705 de
1263 1637 1455 1704 Noua
1503 1638 1702 1705 Curia
1749 1639 2056 1704 memorie
2104 1639 2632 1706 commendantes
2684 1640 2972 1706 notifica-

710 1767 853 1816 mus
884 1747 1120 1833 quibus
1171 1744 1429 1832 expedit
1479 1746 1824 1830 vuiuersis,
1876 1748 2051 1830 quod
2105 1747 2470 1815 constitutis
2522 1766 2740 1814 eoram
2780 1747 2971 1816 nobis

714 1855 1036 1923 Farkasio
1087 1856 1223 1922 filio
1255 1853 1569 1940 Stephani
1608 1854 1692 1921 de
1722 1853 2073 1921 Lonkochz
2106 1875 2149 1920 a
2179 1862 2367 1940 parte
2398 1874 2552 1940 una,
2588 1853 2809 1921 Varou
2840 1855 2976 1923 filio

712 1963 990 2028 Peterne
1042 1960 1124 2027 de
1155 1959 1381 2028 eadem
1437 1963 1518 2028 ab
1571 1961 1819 2045 altera,
1868 1959 2037 2026 idem
2088 1961 2454 2029 Farkasius
2504 1960 2974 2030 dimidietatem

715 2075 890 2134 terre
920 2089 1038 2136 sue
1088 2091 1131 2138 a
1179 2064 1520 2156 Myehaele
1570 2070 1706 2137 filio
1757 2069 2024 2137 Comitis
2056 2069 2420 2156 Mychaelis
2471 2072 2598 2138 sibi
2649 2069 2975 2156 deuolute,

709 2178 833 2243 site
864 2175 932 2243 in
963 2175 1195 2245 eadem
1228 2173 1598 2260 Lonkoehz,
1647 2196 1691 2243 a
1722 2176 1925 2261 plaga
1977 2176 2309 2261 aquilonis
2341 2177 2769 2257 adiacentem,
2825 2198 2977 2245 con·

712 2285 922 2353 sessus
953 2290 1054 2352 est
1084 2304 1156 2352 se
1188 2282 1562 2352 vendidisse
1592 2282 1807 2351 Varou
1842 2283 2168 2353 antedicto
2201 2306 2319 2372 pro
2349 2306 2589 2372 marea,
2621 2284 2873 2353 fertone
2906 2294 2974 2354 et

723 2391 993 2460 dimidio
1024 2392 1218 2477 plene
1256 2393 1339 2460 ab
1372 2391 1598 2459 eodem
1630 2390 1928 2478 receptis,
1959 2391 2100 2459 iure
2129 2398 2441 2479 perpetuo
2474 2397 2538 2458 et
2570 2392 2638 2459 in
2670 2392 2979 2460 heredum

721 2500 991 2571 heredes
1036 2499 1498 2586 possidendam
1531 2500 1777 2567 nullius
1811 2500 2338 2568 contradict-,ione
2369 2501 2714 2567 mediante.
2780 2500 2979 2567 Cuius

720 2608 926 2678 eciam
995 2615 1163 2678 terre
1231 2610 1508 2677 alteram
1579 2607 2054 2677 dimidietatem
2123 2605 2295 2676 idem
2346 2609 2711 2677 Farkasius
2761 2607 2978 2676 adhuc

719 2723 921 2786 antea
952 2718 1327 2788 uendidisse
1378 2739 1450 2787 se
1484 2718 1763 2788 asseruit
1793 2719 2009 2786 Varou
2043 2724 2436 2803 memorato;
2487 2718 2833 2804 priuilegio
2867 2719 2984 2786 Ca·

723 2825 913 2913 pituli
944 2827 1446 2914 vesprimiensis
1496 2847 1690 2914 super
1741 2825 1970 2894 eadem
2021 2833 2198 2895 terra
2247 2823 2539 2893 confecto
2559 2878 2579 2913 ,
2632 2825 2981 2894 cumidem

724 2933 1088 3003 Farkasius
1143 2937 1353 3023 ipsum
1388 2955 1457 3002 se
1506 2935 1748 3004 habere
1800 2935 2241 3022 denegauerit,
2283 2955 2399 3020 pro
2432 2952 2644 3019 casso,
2686 2941 2751 3002 et
2782 2933 2985 3017 inani,

722 3063 802 3111 ac
833 3041 976 3111 sine
1008 3042 1277 3131 iuribus,
1312 3043 1366 3111 si
1402 3063 1711 3126 umquam
1744 3042 2105 3109 exhibitum
2136 3040 2353 3127 fuerit,
2388 3048 2782 3109 remanente.
2837 3040 2985 3108 Tali

727 3152 990 3238 insuper
1062 3150 1445 3219 condicione
1496 3150 1924 3236 interposita,
1991 3147 2163 3234 quod
2213 3150 2271 3217 si
2323 3149 2565 3234 aliquis
2616 3150 2724 3217 uel
2778 3147 2987 3232 aliqui

726 3276 1031 3344 processu
1063 3265 1420 3344 temporum
1455 3256 1823 3344 predictum
1855 3256 2073 3325 Varou
2105 3257 2210 3324 uel
2244 3257 2448 3343 ipsius
2488 3256 2759 3324 heredes
2792 3276 2980 3325 occa-

728 3366 910 3434 sione
961 3373 1315 3434 memorate
1366 3372 1535 3431 terre
1595 3365 1912 3452 impetere
1962 3384 2344 3449 quocunque
2404 3362 2595 3431 modo
2646 3370 2989 3451 attempta-

732 3473 982 3560 uerint;
1032 3479 1266 3541 extunc
1327 3473 1498 3541 idem
1560 3473 1919 3540 Farkasius
1942 3523 1959 3557 ,
2026 3480 2090 3539 et
2139 3492 2255 3559 per
2315 3491 2719 3557 consequens
2783 3472 2992 3558 ipsius

729 3582 1001 3651 heredes
1052 3579 1359 3668 expedire
1411 3582 1797 3649 tenebuntur
1869 3582 2129 3648 eosdem
2182 3581 2471 3667 proprijs
2540 3580 2878 3648 laboribus
2929 3590 2996 3650 et

732 3689 1055 3778 expensiS,
1105 3688 1292 3757 etsie
1323 3689 1499 3755 facta
1550 3669 1976 3775 expedicione
2024 3688 2394 3771 relinquent
2442 3689 2717 3756 eandem
2751 3695 2994 3757 terram

732 3803 932 3866 totam
970 3799 1189 3869 Varou
1224 3805 1288 3866 et
1319 3797 1472 3883 fllijs
1505 3797 1799 3865 eiusdem
1851 3797 1992 3864 sine
2025 3795 2307 3882 dampno
2358 3805 2421 3864 et
2469 3799 2742 3882 pacifice
2791 3798 2996 3885 possi·

732 3910 1032 3978 dendam.
1080 3909 1277 3977 Cuius
1310 3907 1569 3993 quidem
1609 3906 1804 3973 totius
1835 3912 2022 3984 terre,
2046 3912 2356 3972 metarum
2393 3904 2733 3973 distinccio
2768 3906 2997 3990 incipit

734 4019 798 4082 in
834 4016 1031 4085 fluuio
1065 4016 1380 4082 Lonkoeh
1430 4013 2062 4096 uersusaquilonem
2115 4012 2199 4079 ab
2231 4014 2463 4081 arbore
2495 4038 2648 4101 equo·
2678 4033 2795 4098 pro
2827 4020 3003 4080 meta

736 4122 1111 4207 assignata3
1162 4122 1315 4190 inde
1349 4121 1641 4208 procedit
1677 4121 1764 4187 ad
1797 4120 2104 4188 orientem
2147 4120 2391 4187 directe
2441 4141 2556 4205 per
2585 4128 2827 4188 terram
2859 4140 3004 4187 ara·

736 4232 954 4317 bilem,
988 4238 1052 4296 et
1087 4230 1363 4296 transita
1396 4228 1680 4312 quadam
1724 4236 1930 4297 strata
1962 4227 2230 4314 publica
2259 4229 2558 4311 peruenit
2588 4229 2673 4296 ad
2708 4230 3002 4296 arborem

738 4340 912 4426 pomi
966 4340 1030 4406 iu
1088 4339 1261 4404 ualle
1311 4340 1546 4423 sitam,
1612 4338 1680 4403 in
1732 4358 1862 4421 qua
1913 4345 2011 4404 est
2062 4344 2269 4419 meta3
2362 4334 2597 4404 exhinc
2653 4334 2868 4402 adhuc
2923 4334 3008 4400 ad

738 4446 1052 4514 orientem
1105 4444 1429 4513 tendendo
1484 4446 1778 4529 peruenit
1831 4445 1914 4511 ad
1969 4446 2264 4512 arborem
2318 4442 2485 4509 ilicis
2534 4444 2728 4509 sitam
2782 4443 3008 4510 subtus

738 4558 995 4624 vineam
1056 4553 1328 4621 filiorum
1388 4552 1704 4641 Stefand,
1759 4554 1824 4620 in
1879 4574 2008 4638 qua
2058 4559 2157 4618 est
2207 4559 2421 4636 meta;
2489 4554 2570 4619 ab
2622 4552 2772 4617 hinc
2824 4551 3010 4616 iuxta

739 4665 1014 4735 eandem
1055 4663 1316 4733 vineam
1352 4660 1651 4729 ascendit
1683 4660 1896 4730 adhuc
1927 4659 2012 4726 ad
2046 4659 2353 4727 orientem
2390 4658 2475 4728 ad
2511 4661 2688 4728 uiam
2713 4656 2789 4725 in
2823 4677 3010 4743 supe·
