3319 5249
1706 312 1838 385 558

1665 944 1823 1012 409.

619 1148 667 1211 Ι
673 1147 740 1213 V.
770 1148 1004 1213 Ldszld
1033 1147 1394 1212 bocednatot
1423 1145 1632 1210 hio-det
1664 1167 1824 1210 azon
1854 1146 2048 1211 ellone
2076 1143 2505 1231 felldzadtak
2558 1145 2910 1228 crm'mara,⁸

1049 1253 1164 1319 kik
1192 1255 1391 1319 hond
1422 1253 1720 1339 hilseyqel
1751 1252 2013 1317 lmnek.
2051 1231 2152 1318 Ευ
2183 1254 2424 1318 welleii-l.-

835 1485 1186 1552 Ladizlaus
1218 1483 1343 1551 Dei
1376 1486 1604 1569 gracia
1634 1486 1774 1551 Rex
1824 1484 2160 1568 Hungarie
2209 1484 2510 1552 fidelibus
2559 1482 2696 1550 suis
2745 1484 2886 1550 vni-

625 1592 828 1660 uersis
859 1593 1186 1660 nobilibus
1219 1599 1282 1659 et
1314 1591 1485 1680 aliis,
1521 1591 1754 1675 quibus
1773 1600 2108 1679 presentes
2130 1593 2574 1680 ostenduntur,
2596 1591 2883 1659 salutem

620 1708 685 1769 et
717 1700 1031 1786 graciam.
1060 1701 1527 1768 Assecuramus
1553 1700 2047 1768 uniuersitatem
2081 1708 2362 1768 uestram
2390 1720 2505 1785 per
2537 1706 2882 1787 presentes

623 1829 819 1896 super
847 1830 944 1890 eo,
974 1810 1151 1893 quod
1172 1810 1542 1891 quicunque
1576 1805 1658 1875 de
1691 1808 1877 1877 uobis
1912 1811 1998 1876 ab
2028 1810 2175 1897 hys,
2208 1808 2320 1893 qui
2340 1816 2562 1875 contra
2582 1814 2872 1874 nostram

618 1915 975 2003 procedunt
1034 1917 1463 2004 Maiestatem,
1528 1937 1600 1983 se
1661 1918 2070 2004 retraxerint,
2133 1925 2200 1984 et
2255 1918 2442 1985 nobis
2502 1916 2883 1983 fidelitatem

619 2024 1132 2110 obseruauerint,
1168 2032 1233 2090 et
1263 2023 1332 2090 id
1362 2044 1483 2091 nos
1513 2044 1629 2109 per
1661 2025 2009 2108 Magistros
2061 2024 2461 2110 Stephanum
2486 2020 2558 2091 *ct
2587 2023 2866 2089 Paulum

617 2131 786 2199 filios
821 2131 1090 2199 Comitis
1121 2132 1470 2200 Michaelis
1504 2131 1620 2218 filij
1657 2132 1849 2199 Wbul
1913 2133 2292 2219 constiterit,
2324 2149 2547 2200 omnes
2569 2151 2877 2199 excessus

614 2246 870 2307 uestros
902 2241 1318 2327 indulgemus
1351 2247 1417 2307 et
1466 2241 1873 2325 remittimus,
1913 2247 1976 2307 et
2030 2261 2148 2307 uos
2198 2242 2646 2327 prosequimur
2693 2238 2870 2305 omni

616 2347 790 2415 bono
821 2349 1023 2433 Regio
1055 2370 1201 2417 cum
1233 2350 1478 2437 fauore,
1513 2348 1943 2434 inuigilantes
1975 2348 2061 2415 ad
2083 2357 2368 2417 uestram
2396 2348 2874 2433 promocionem

613 2462 681 2521 et
712 2456 1037 2526 honorem.
1068 2458 1310 2525 Datum
1341 2456 1409 2523 in
1442 2457 1755 2524 Berechte
1788 2455 1950 2525 feria
1982 2457 2089 2523 VI.
2121 2463 2273 2544 post
2303 2457 2542 2526 festum
2567 2454 2874 2522 Omnium

617 2564 1024 2635 Sanctorum.

606 2762 894 2852 thedone
943 2759 1296 2836 bBrhlrtyln,
1320 2780 1355 2817 a
1406 2761 1561 2817 hatul
1613 2767 1718 2817 oda
1744 2770 1994 2831 nyomott
2044 2762 2232 2832 pecset
2283 2766 2552 2818 elveszett
2574 2781 2587 2828 ς
2613 2780 2647 2815 a
2697 2778 2878 2814 nemen

1313 2852 1515 2922 Kallay
1539 2852 1722 2909 caalad
1747 2852 2169 2921 leveltaraban.)

1514 3159 1937 3171 n———n-——n—

1669 3680 1826 3749 410.

604 3886 727 3953 IV.
759 3884 991 3952 Ldazld
1020 3882 1245 3967 kirdly
1274 3881 1501 3948 Iatvdn
1530 3881 1592 3946 6⁸
1640 3881 1768 3946 Ράί
1799 3881 2144 3948 mesternek
2194 3879 2448 3968 Milzdly
2484 3901 2677 3947 coma
2694 3880 2865 3963 fiai·

603 3994 774 4078 nak,
836 4014 879 4056 a
937 3992 1151 4058 zelent
1211 4001 1527 4058 monoscor
1605 3989 1880 4076 keqyuri
1936 3991 2134 4075 ,7⁶0th
2196 3989 2697 4074 adomdnyozza.
2762 3966 2864 4053 έν

1607 4099 1848 4168 uellem.

821 4293 1174 4362 Ladizlaus
1205 4293 1331 4360 Dei
1383 4292 1615 4379 gracia
1663 4293 1805 4361 Rex
1846 4293 2181 4378 Hungarie
2232 4292 2533 4363 fidelibus
2586 4294 2723 4364 suis
2746 4344 2762 4361 .
2797 4346 2813 4361 .
2849 4341 2865 4360 .
2910 4295 2930 4300 “

604 4401 968 4489 Preposito,
1004 4401 1379 4491 Conuentui,
1400 4402 1879 4488 Jobagionibus
1915 4408 1980 4468 et
2033 4402 2296 4488 populis
2345 4404 2723 4488 Monasterij
2779 4402 2865 4471 de

600 4510 793 4579 Leles
826 4509 1109 4577 salutem
1142 4516 1206 4576 et
1236 4509 1547 4596 graciam.
1584 4509 1759 4588 Quia
1792 4531 1908 4578 nos
1959 4511 2384 4580 consideratis
2439 4512 2866 4581 fidelitatibus

605 4625 671 4684 et
702 4617 1050 4702 meritorijs
1081 4619 1378 4704 seruicijs
1410 4620 1873 4702 Magistrorum
1906 4617 2228 4705 Stephani
2264 4629 2328 4687 et
2351 4619 2541 4689 Pauli
2588 4619 2864 4688 filiorum
