3319 5249
1476 313 1610 380 446

1471 1064 1628 1133 317.

419 1265 452 1328 1
469 1265 534 1329 V.
570 1263 900 1331 Honorius
922 1268 1108 1351 pdpa
1155 1288 1198 1328 a
1232 1266 1539 1350 raquzati
1599 1262 2364 1349 e'rseketfelhatalmatza
2387 1315 2407 1347 ,
2442 1267 2606 1353 hoyy
2638 1290 2679 1330 a

418 1371 724 1457 trebiynei
772 1378 834 1436 e's
885 1372 1138 1457 staqnoi
1186 1373 1517 1459 ethdzak
1578 1375 1879 1437 schmcira
1919 1373 2314 1459 pilspb'kb'ket
2366 1394 2678 1437 net-azzon.

1455 1480 1648 1546 1286.

631 1693 955 1762 Honorius
988 1694 1351 1780 Episcopus
1391 1713 1615 1761 servus
1635 1713 1965 1761 servorum
2005 1695 2131 1762 Dei
2165 1692 2524 1762 venerabili
2555 1693 2682 1760 sra-

421 1801 504 1866 tri
538 1850 553 1864 .
592 1852 607 1867 .
643 1855 654 1866 .
698 1801 1205 1889 Archiepiscopo
1234 1802 1570 1885 Ragusino
1604 1802 1877 1869 salutem
1914 1809 1976 1868 et
2008 1802 2454 1889 Apostolicarn
2486 1804 2680 1869 bene-

422 1907 787 1977 dictionem.
820 1910 1022 1976 Lecta
1054 1929 1270 1977 coram
1304 1910 1490 1976 nobis
1527 1917 1641 1976 tua
1671 1909 1903 1996 petitio
1932 1911 2328 1995 continebat,
2364 1910 2535 1995 quod
2571 1909 2685 1975 du·

423 2016 573 2082 dum
606 2014 693 2081 ad
726 2036 920 2083 aures
953 2016 1163 2083 felicis
1224 2016 1689 2086 recordationis
1745 2018 2008 2086 Martini
2061 2020 2239 2106 Pape
2273 2018 2422 2086 1111.
2449 2017 2683 2102 prede·

424 2125 698 2193 cessoris
747 2126 949 2193 nostri
1003 2134 1348 2212 pervento,
1412 2127 1584 2210 quod
1633 2127 2087 2193 Tribuniensis
2137 2134 2203 2194 et
2232 2127 2683 2211 Stragniensis

424 2232 710 2301 Ecclesie
761 2233 1187 2302 cathedrales
1250 2242 1358 2300 tue
1422 2234 1758 2320 provincie
1779 2285 1799 2320 ,
1870 2235 2340 2322 metropolitico
2395 2235 2509 2302 tibi
2546 2236 2686 2300 iure

425 2341 947 2430 subiecte„tanto
983 2351 1275 2429 tempore
1306 2342 1681 2429 pastoribus
1718 2344 1847 2410 iam
1892 2351 2228 2426 vacarunt,
2265 2344 2434 2427 quod
2468 2363 2687 2411 earum

427 2451 711 2535 provisio
746 2460 845 2518 est
875 2449 962 2518 ad
993 2449 1229 2518 Sedem
1265 2452 1708 2537 Apostolicam
1750 2453 2110 2519 secundum
2172 2451 2514 2520 Generalis
2562 2458 2691 2518 sta·

429 2566 570 2624 tuta
604 2558 879 2626 Concilii
914 2557 1203 2644 legitime
1244 2558 1596 2644 deuoluta3
1661 2560 2085 2647 predecessor
2135 2560 2279 2647 ipse
2312 2558 2689 2647 dispendiis,

430 2687 553 2750 que
584 2688 664 2734 ex
697 2667 956 2735 diutina
974 2669 1318 2735 vacatione
1345 2670 1765 2754 imposterum
1787 2671 2078 2737 Ecclesie
2110 2669 2399 2754 predicte
2428 2676 2694 2754 possent

430 2776 774 2862 incurrere,
831 2798 946 2863 per
978 2799 1095 2844 sue
1146 2778 1548 2863 providentie
1597 2778 1884 2845 studium
1941 2779 2285 2846 intendens
2333 2797 2690 2864 occurrere,

430 2905 510 2949 ac
543 2904 775 2968 gerens
810 2883 889 2951 de
924 2884 1497 2972 circumspectione
1532 2894 1648 2953 tua
1681 2887 1747 2951 in
1783 2887 2060 2956 Domino
2111 2887 2413 2955 fiduciam
2446 2886 2692 2972 specia-

432 2992 578 3078 lem,
614 2992 732 3059 tibi
769 3012 884 3077 per
916 3013 1071 3060 suas
1134 2993 1315 3061 dedit
1348 2995 1605 3062 litteras
1667 2996 1734 3062 in
1771 2995 2143 3077 mandatis,
2207 3002 2279 3061 ut
2310 2996 2365 3062 si
2398 2995 2515 3062 tibi
2547 3015 2694 3062 con-

435 3106 636 3166 staret
666 3099 758 3166 ita
790 3120 951 3186 esse,
997 3101 1310 3187 predictis
1344 3101 1681 3188 Ecclesiis‚
1745 3101 2022 3187 singulis
2053 3101 2359 3168 videlicet
2388 3103 2686 3186 singulas

434 3227 746 3290 personas
774 3209 1067 3295 ydoneas
1099 3212 1181 3278 de
1214 3211 1599 3300 prudentum
1633 3219 1701 3279 et
1731 3210 2498 3297 religiosorumvirorum
2530 3231 2686 3278 con·

435 3314 579 3383 silio
627 3338 709 3386 ea
741 3319 884 3387 vice
916 3320 1301 3388 auctoritate
1334 3341 1454 3388 sua
1489 3320 1834 3407 preficeres
1865 3320 1931 3386 in
1965 3317 2323 3406 Episcopos
2374 3326 2442 3386 et
2471 3326 2687 3406 pasto-

437 3444 557 3514 res,
593 3428 815 3510 eisque
846 3428 1073 3496 ascitis
1119 3429 1237 3496 tibi
1290 3429 1497 3497 tribus
1557 3431 1665 3497 vel
1699 3429 1952 3495 duobus
2014 3427 2358 3513 Episcopis
2380 3476 2400 3510 ,
2464 3447 2698 3494 munus

436 3538 946 3603 consecrationis
1007 3534 1457 3625 impenderes,
1520 3557 1602 3604 ac
1651 3536 1903 3606 faceres
1965 3534 2126 3622 ipsis
2177 3556 2220 3601 a
2247 3535 2384 3602 suis
2415 3534 2697 3605 subditis

437 3644 873 3713 obedientiam
907 3652 971 3713 et
1021 3649 1455 3715 reverentiam
1506 3645 1795 3716 debitam
1827 3645 2139 3732 exhiberi,
2193 3644 2699 3713 contradictores

438 3772 551 3838 per
598 3773 938 3822 censuram
971 3755 1481 3824 ecclesiasticam
1513 3754 1964 3843 appellatione
2012 3754 2379 3841 postposita
2411 3772 2702 3839 compes-

437 3860 663 3928 cendo.
698 3862 934 3931 Verum
969 3864 1125 3947 quia
1155 3862 1579 3951 predecessor
1610 3865 1754 3951 ipse
1778 3916 1794 3947 ,
1852 3870 2203 3946 antequam
2242 3861 2529 3949 predicte
2563 3860 2700 3927 eius

438 3971 648 4037 littere
681 3970 797 4038 tibi
831 3978 1205 4057 presentate
1237 3971 1534 4060 fuissent,
1566 3971 1857 4039 debitum
1890 3977 2119 4038 nature
2140 3969 2479 4056 persoluit,
2513 3969 2702 4036 nobis

437 4075 772 4147 humiliter
804 4079 1210 4170 supplicasti,
1246 4089 1317 4149 ut
1347 4103 1432 4149 ne
1461 4103 1538 4148 ex
1562 4080 1818 4149 diutina
1842 4079 2186 4147 vacatione
2213 4077 2467 4165 prefate
2496 4078 2704 4145 Eccle-

439 4189 536 4254 sie
565 4185 915 4271 dispendia
945 4188 1320 4274 patiantur,
1382 4188 1724 4276 providere
1757 4206 1953 4274 super
2010 4186 2135 4255 hoc
2197 4185 2699 4252 misericorditer

440 4315 827 4369 curaremus.
858 4295 994 4365 Nos
1028 4296 1271 4385 itaque,
1324 4297 1558 4381 quibus
1590 4317 1673 4365 ex
1706 4295 1996 4363 iniuncto
2060 4293 2249 4362 nobis
2278 4293 2701 4380 Apostolatns

439 4407 652 4475 officio
682 4406 1061 4476 sollicitudo
1093 4405 1542 4475 Ecclesiarnm
1575 4404 1915 4490 imminet,
1948 4401 2310 4489 dispendiis
2344 4398 2708 4470 huiusmodi

441 4534 777 4584 occurrere
822 4516 1194 4603 cupientes,
1247 4513 1643 4583 fraternitati
1695 4520 1804 4582 tue
1853 4532 1970 4598 per
2028 4509 2415 4596 Apostolica
2464 4508 2709 4592 scripta

440 4626 845 4715 mandamuS,
882 4630 1201 4706 quatenus
1250 4643 1446 4709 super
1478 4620 1789 4712 premisis
1819 4641 1853 4688 s
1872 4618 2258 4686 auctoritate
2307 4622 2531 4683 nostra
2563 4634 2706 4700 pro·
