3319 5249
1409 282 1536 346 581

1401 906 1557 973 433.

346 1086 405 1151 A
436 1091 782 1173 veszprdmi
800 1089 1252 1174 kdptalannak
1273 1085 1837 1173 bizonysciqlevele,
1863 1088 2030 1174 koqy
2049 1110 2128 1150 az
2150 1043 2373 1171 Aykaz·
2389 1100 2589 1151 neme·

340 1197 443 1261 σεῖο
474 1197 642 1261 Ῐεὸεὒί
672 1196 1229 1280 eqyenetlensdyek,
1250 1196 1720 1280 barcitsciqosan
1753 1194 2188 1257 elinteztettek.
2227 1171 2324 1256 Ev
2350 1195 2584 1259 uellem.

557 1390 695 1458 Nos
729 1387 1097 1475 Capitulum
1130 1388 1632 1473 vesprimiensis
1686 1388 1980 1454 Ecclesie
2033 1388 2261 1455 damus
2291 1409 2408 1474 pro
2460 1408 2588 1454 me-

344 1499 585 1564 moria:
620 1497 962 1581 quodcum
999 1497 1089 1562 ad
1122 1496 1511 1581 peticionem
1539 1494 1820 1581 Andree,
1856 1496 2143 1583 Chelley,
2200 1505 2263 1563 et
2309 1496 2586 1562 filiorum

344 1626 623 1688 suorum,
654 1606 852 1691 Ayka
884 1604 1185 1671 videlicet
1218 1613 1281 1670 et
1312 1603 1645 1690 Stephani,
1679 1604 2011 1670 Nobilium
2066 1602 2145 1669 de
2192 1604 2409 1688 Ayka,
2462 1604 2575 1666 ho«-

342 1714 575 1779 minem
610 1719 920 1798 nostrum,
955 1713 1220 1777 Paulum
1276 1712 1523 1778 scilicet
1567 1709 1973 1777 sacerdotem
2033 1710 2115 1777 de
2178 1711 2433 1777 Berend
2498 1709 2584 1776 ad

340 1819 731 1886 audiendum
765 1819 1119 1904 arbitrium,
1156 1818 1326 1901 quod
1358 1818 1495 1883 fieri
1532 1817 1797 1885 deberet
1828 1819 1999 1884 inter
2044 1819 2245 1905 ipsos,
2298 1819 2584 1883 misisse·

341 1948 522 1993 mus:
557 1927 729 1992 idem
761 1926 1163 2011 postmodum
1198 1926 1387 1992 homo
1423 1934 1661 2010 noster,
1698 1947 1836 1991 cum
1890 1926 2197 2009 Magistro
2249 1928 2420 1991 Pons
2472 1945 2587 2010 pro

339 2031 538 2123 dictis,
559 2032 810 2100 Comite
842 2032 1111 2099 Chelleo
1144 2040 1328 2119 patre
1361 2054 1474 2098 suo
1507 2040 1571 2097 et
1603 2033 1908 2099 fratribus
1939 2033 2097 2116 suis,
2151 2052 2229 2097 ac
2275 2030 2585 2097 Lodome-

338 2142 454 2226 rio,
489 2140 654 2205 sicut
689 2138 869 2226 dixit,
904 2141 1230 2206 seruiente
1262 2139 1416 2206 dicti
1451 2138 1717 2205 Comitis
1748 2137 2007 2205 Andrec
2027 2159 2143 2226 pro
2164 2139 2307 2221 ipso
2330 2137 2584 2203 domino

337 2268 454 2316 suo
489 2248 1030 2333 comparentibuS,
1068 2246 1151 2313 ad
1182 2268 1299 2313 nos
1332 2246 1664 2313 venientes
1696 2247 2128 2331 personaliter
2162 2247 2350 2312 nobis
2403 2245 2581 2327 dixe·

336 2361 521 2421 runt:
556 2356 726 2437 quod
760 2374 949 2438 super
1002 2375 1222 2440 causa,
1275 2374 1398 2436 que
1450 2355 1616 2419 inter
1668 2354 2002 2438 predictos
2058 2355 2312 2422 nobiles
2362 2374 2577 2419 coram

338 2463 598 2527 domino
630 2463 688 2530 J.
721 2462 1022 2527 Palatino
1057 2461 1451 2541 uertebatur‚
1474 2458 1910 2528 mediantibus
1944 2463 2161 2546 probis
2182 2461 2341 2528 viris
2363 2461 2582 2527 taliter

337 2569 875 2652 concordassent;
912 2567 1085 2652 quod
1121 2568 1317 2652 ijdem
1352 2568 1726 2655 Stephanus
1754 2575 1817 2635 et
1847 2569 2048 2653 Ayka
2096 2569 2253 2635 dicti
2286 2568 2399 2652 filij
2462 2567 2577 2634 Oo-

337 2677 513 2742 mitis
548 2674 842 2760 Chelley,
874 2674 1196 2742 adiunctis
1231 2676 1355 2742 sibi
1408 2674 1629 2740 decem
1683 2683 1746 2742 et
1796 2684 1940 2742 octo
1993 2677 2436 2743 consimilibus
2487 2677 2581 2743 eis

335 2782 662 2850 nobilibus
694 2802 889 2866 super
920 2780 1203 2866 dampno
1239 2781 1323 2848 ad
1356 2782 1641 2848 valorem
1674 2790 1738 2848 et
1771 2786 2199 2866 quantitatem
2231 2785 2360 2848 XX
2411 2806 2574 2851 mar-

299 2941 305 2950 .
335 2909 578 2976 earum,
615 2889 789 2971 quod
823 2910 937 2972 per
955 2887 1208 2976 pridem
1231 2890 1542 2954 Comitem
1578 2887 1902 2954 Andream
1928 2890 2172 2956 eisdem
2190 2889 2584 2974 impingeba-

335 3006 457 3084 tur,
493 2996 802 3063 deberent
834 2997 1108 3062 sabbato
1142 2996 1434 3080 proximo
1455 3005 1601 3083 post
1622 2995 1856 3062 festum
1888 2998 2091 3063 Beate
2112 2996 2429 3063 Katarine
2451 2996 2584 3060 vir-

335 3106 504 3187 ginis
538 3111 831 3188 uenturo,
869 3105 1287 3187 corporaliter
1321 3108 1588 3189 prestito
1640 3113 2046 3170 sacramento
2098 3107 2315 3171 taliter
2365 3124 2580 3169 coram

336 3213 520 3278 nobis
553 3232 622 3277 se
655 3230 973 3295 purgare:
1006 3211 1177 3293 quod
1213 3209 1380 3277 idem
1415 3210 1647 3278 Comes
1700 3211 1998 3279 Andreas
2051 3231 2172 3278 nec
2220 3231 2337 3298 per
2387 3210 2584 3294 ipsos,

336 3337 452 3383 nec
514 3338 630 3403 per
693 3319 1051 3385 seruientes
1137 3340 1378 3404 eorum,
1443 3318 1851 3385 Dominicnm
1915 3318 2238 3403 videlicet,
2304 3315 2577 3384 Paulum

333 3426 636 3491 Sclauum
672 3434 736 3492 et
767 3425 1029 3491 Franch
1064 3426 1274 3493 eidem
1308 3433 1665 3511 suspectoS,
1703 3448 1821 3493 nec
1871 3427 2063 3511 facto,
2115 3445 2234 3492 nec
2284 3424 2578 3508 consilio,

332 3552 453 3598 nec
484 3532 649 3598 scitu
681 3531 968 3618 ipsorum
999 3538 1385 3618 premissum
1419 3535 1773 3621 dampnum
1806 3554 2182 3621 perpessum
2239 3533 2578 3601 extitisset.

332 3637 520 3716 Quod
550 3640 808 3723 quidem
842 3648 1339 3727 sacramentum,
1374 3644 1540 3708 sicut
1574 3642 1744 3709 idern
1790 3642 1981 3708 homo
2016 3651 2233 3709 noster
2265 3661 2410 3707 cum
2442 3660 2580 3725 pre·

334 3748 522 3813 dictis
556 3751 1084 3833 procuratoribus
1117 3752 1407 3835 parcium
1443 3752 1779 3836 recitauit,
1813 3749 1984 3815 idem
2022 3748 2251 3816 Comes
2283 3748 2580 3813 Andreas

331 3856 411 3922 ob
447 3854 734 3920 fauorem
779 3856 1195 3940 cognacionis
1256 3857 1692 3942 predictorum
1730 3857 1808 3922 dc
1844 3856 2249 3942 beneplacito
2282 3875 2418 3939 suo,
2454 3853 2580 3919 sibi

330 3962 474 4046 ipso
508 3960 611 4027 die
645 3961 1018 4029 faciendum
1050 3983 1269 4029 coram
1305 3964 1495 4029 nobis
1527 3965 1592 4028 in
1647 3964 1938 4048 personis
1989 3943 2205 4030 saltim
2260 3958 2578 4044 Stephani

329 4075 394 4134 et
426 4069 628 4154 Ayka
658 4069 1113 4158 predictorum,
1167 4090 1246 4134 ac
1296 4072 1496 4136 Karul
1550 4072 1813 4155 cognati
1862 4092 2082 4138 eorum
2147 4069 2227 4135 de
2277 4069 2590 4153 Chytuan·

328 4176 705 4243 relaxasset.
741 4178 981 4243 Datum
1016 4179 1083 4243 in
1114 4176 1281 4245 festo
1314 4179 1537 4246 Sancti
1567 4178 1919 4247 Clementis
1950 4181 2147 4264 Pape.

542 4301 709 4369 Kiv
729 4304 850 4369 ul:
899 4306 1023 4371 Pro
1053 4304 1208 4391 filijs
1242 4302 1511 4388 Chelley
1543 4325 1739 4391 super
1799 4313 2206 4372 sacramento
2261 4303 2577 4372 faciendo.

595 4480 703 4547 (Aa
729 4482 929 4536 eredeti
955 4483 1105 4548 utha,
1124 4485 1330 4552 melyet
1355 4485 1539 4537 kozult
1584 4486 1695 4537 tek.
1721 4486 1899 4551 Thaly
1923 4481 2158 4540 Kalmkn
2185 4481 2286 4550 tir.)
