3319 5249
1286 338 1419 408 415

242 554 361 622 pro
408 534 577 603 bono
625 535 807 622 pacis
858 540 922 602 et
969 532 1309 603 concordie
1366 533 1662 622 dicimus,
1710 537 2234 626 pronunciamus,
2265 538 2488 609 lauda-

245 664 410 732 mus,
462 645 960 733 sentenciamus‚
1002 644 1391 711 arbitramur
1441 651 1504 729 et
1555 644 2005 715 confirmamus
2026 699 2046 734 ,
2104 654 2170 715 et
2201 650 2486 735 laudum,

249 753 610 841 arbitrium,
659 753 1068 822 concordiam
1121 759 1186 820 et
1233 771 1348 839 per
1374 740 1622 819 firmam
1653 753 2049 821 sentenciam
2083 757 2477 826 arbitralem.

247 862 336 926 Et
363 861 568 948 primo
604 862 777 948 quod
818 861 1167 948 sentencia,
1220 880 1412 945 quam
1443 859 1722 929 Illustris
1755 860 2054 932 dominus
2086 865 2341 934 Marcus
2376 867 2490 934 Mi-

250 969 441 1038 chael
472 970 702 1040 Comes
736 970 1050 1039 Arbensis
1080 969 1347 1058 protulit
1367 971 1434 1037 in
1456 970 1849 1039 Dobressam
1869 972 2077 1041 ciuem
2099 975 2489 1063 Nonensem‚

257 1098 452 1164 quem
500 1078 656 1147 fecit
702 1079 1006 1167 suspendi
1040 1086 1314 1165 propter
1363 1098 1564 1164 opera
1613 1097 1733 1147 sua
1783 1080 1978 1170 mala,
2040 1079 2162 1148 fuit
2194 1081 2397 1169 digna
2428 1089 2492 1149 et

258 1196 496 1255 sancta
524 1194 590 1257 et
619 1188 826 1275 iusta;
872 1196 937 1255 et
968 1188 1271 1274 quoniam
1301 1186 1633 1275 predictus
1651 1187 1968 1257 Dobrissa
1984 1189 2192 1259 iuerat
2210 1190 2494 1259 furatum

258 1295 348 1362 ad
390 1298 638 1367 insulas
688 1297 957 1385 predicti
1007 1298 1250 1367 domini
1297 1296 1565 1366 Comitis
1614 1297 1946 1387 Arbensis,
1978 1306 2044 1366 et
2074 1299 2374 1368 inuentus
2406 1320 2487 1369 ac

252 1414 485 1494 captus
532 1408 601 1475 in
650 1407 817 1477 furto
867 1407 1231 1496 manifestO,
1283 1408 1404 1477 fuit
1453 1407 1691 1492 dignus
1739 1416 1803 1477 et
1834 1411 2100 1479 meritus
2132 1408 2487 1497 predictam

254 1517 780 1604 suspensionem;
834 1523 897 1585 et
945 1517 1104 1585 illud
1123 1570 1143 1605 ,
1177 1515 1349 1602 quod
1378 1516 1707 1602 predictus
1739 1516 2039 1585 dominus
2070 1518 2298 1587 Comes
2327 1519 2492 1584 Mar-

254 1645 371 1692 cus
403 1625 679 1693 Michael
710 1625 863 1693 fecit
894 1625 960 1691 in
993 1626 1205 1710 ipsum
1256 1626 1669 1712 Dobressam‚
1715 1626 1878 1693 bene
1928 1626 2104 1713 fecit,
2139 1634 2203 1693 et
2233 1625 2496 1709 dignum

257 1741 323 1802 et
353 1734 591 1800 iustum
626 1733 784 1819 fuit;
818 1734 989 1800 vnde
1020 1733 1389 1801 hominibus
1407 1734 1592 1801 None
1613 1741 1744 1801 tam
1778 1755 1894 1820 pro
1924 1734 2136 1802 diuiso
2167 1753 2359 1817 quam
2382 1756 2496 1821 pro

258 1842 585 1909 communi
612 1840 984 1929 inponimus
1015 1849 1396 1929 perpetuum
1426 1844 1770 1910 silencium
1808 1862 2001 1928 super
2031 1842 2190 1927 hoc;
2221 1842 2499 1911 liberan-

262 1957 366 2019 tes
400 1957 464 2018 et
494 1949 908 2019 absoluentes
938 1949 1298 2036 predictum
1330 1950 1657 2018 dominum
1708 1949 2022 2019 Comitem
2051 1950 2405 2019 Arbensem
2438 1957 2504 2018 et

262 2079 679 2128 successores
711 2079 881 2148 suos,
916 2067 984 2128 et
1013 2060 1359 2127 Commune
1387 2060 1700 2149 Arbense‚
1756 2067 1819 2129 et
1849 2080 2068 2129 omnes
2102 2082 2179 2129 ac
2213 2059 2506 2145 singulos

269 2168 563 2237 homines
606 2168 692 2236 de
721 2167 895 2236 Arbo
947 2173 1012 2237 et
1042 2170 1182 2237 eius
1213 2168 1546 2256 Districtu,
1584 2174 1716 2237 tam
1778 2189 1895 2254 pro
1927 2167 2135 2237 diuiso
2165 2189 2357 2254 quam
2388 2188 2505 2253 pro

270 2277 592 2343 communi
624 2278 709 2343 ab
739 2278 884 2363 ipsa
913 2277 1249 2362 questione
1281 2285 1346 2344 et
1377 2282 1577 2343 morte
1639 2276 1927 2344 eiusdem
1988 2276 2333 2364 Dobresse,
2385 2277 2503 2344 sub

269 2404 444 2471 pena
510 2385 577 2451 M
636 2385 941 2452 librarum
1001 2382 1406 2452 denariorum
1469 2405 1814 2470 paruorum
1844 2386 2233 2454 Venetorum
2284 2405 2504 2453 secun-

275 2492 427 2559 dum
478 2492 748 2560 formam
796 2490 952 2560 dicti
1004 2493 1463 2578 compromissi.
1513 2494 1674 2560 Item
1723 2494 1878 2577 quia
1917 2514 2047 2562 vna
2096 2492 2337 2561 bai-cha
2387 2494 2503 2561 Ar-

276 2600 494 2668 bensis
516 2607 711 2688 capta
727 2601 848 2671 fuit
868 2609 1153 2689 tempore
1172 2605 1396 2688 tregue
1413 2620 1531 2688 per
1547 2600 1838 2669 homines
1858 2602 2060 2690 None,
2097 2608 2161 2670 et
2191 2602 2506 2670 conducta

270 2706 565 2775 Nonam:
627 2709 899 2778 dicimus
930 2718 994 2777 et
1022 2711 1515 2796 sentenciamus,
1566 2708 1739 2794 quod
1789 2709 2138 2779 Commune
2174 2718 2239 2778 et
2300 2710 2496 2778 homi-

281 2836 399 2885 nes
428 2817 614 2884 None
640 2818 889 2886 soluere
912 2817 1193 2886 debeant
1215 2826 1279 2886 et
1309 2824 1649 2886 teneantur
1681 2817 1748 2884 in
1781 2819 2080 2886 manibus
2111 2817 2507 2905 suprascrip-

279 2925 364 2992 tis
413 2925 660 2993 domini
710 2927 909 2994 Marci
960 2927 1238 2995 Michael
1290 2926 1556 2994 Comitis
1584 2926 1895 2995 Arbensis
1926 2928 2057 2993 XX
2087 2928 2289 2994 libras
2320 2925 2511 2994 dena·

286 3035 525 3102 riorum
575 3034 962 3102 Venetorum
1013 3055 1356 3122 paruorum
1406 3055 1609 3119 usque
1646 3036 1734 3102 ad
1766 3035 2270 3121 Carnispriuium
2303 3035 2512 3121 proxi-

278 3164 450 3210 mum
484 3144 553 3209 in
587 3142 846 3211 ciuitate
877 3144 1158 3212 Arbensi
1190 3144 1311 3211 sub
1345 3163 1516 3230 pena
1529 3140 1680 3211 dicti
1712 3143 2187 3230 compromissi;
2219 3143 2330 3227 qui
2361 3162 2512 3209 vero

275 3252 582 3319 dominus
617 3252 843 3320 Comes
874 3252 1181 3320 Arbensis
1213 3250 1468 3319 diuidat
1500 3259 1564 3319 et
1594 3251 1941 3320 distribuat
1970 3251 2147 3336 ipsas
2166 3249 2294 3315 XX
2313 3250 2515 3319 libras

277 3361 696 3429 denariorum
747 3361 912 3427 inter
959 3380 1109 3428 suos
1161 3362 1333 3428 ciues
1385 3368 1450 3428 et
1479 3361 1786 3447 homines,
1816 3361 1984 3428 sicut
2013 3360 2072 3429 ei
2103 3359 2418 3447 placuerit
2453 3365 2519 3426 et

278 3469 512 3538 melius
545 3469 898 3557 apparebit.
929 3471 1093 3536 Item
1125 3470 1210 3537 de
1239 3476 1446 3536 morte
1494 3469 1768 3536 Cernote
1798 3466 2054 3537 Nobilis
2084 3469 2248 3536 ciuis
2279 3468 2519 3536 Arben-

278 3578 391 3664 sis,
439 3579 551 3663 qui
599 3585 879 3664 tempore
926 3597 1156 3662 guerre
1187 3578 1563 3646 interfectus
1592 3575 1715 3645 fuit
1742 3576 1810 3643 in
1842 3576 2042 3663 prelio
2074 3597 2193 3663 per
2223 3578 2519 3646 homines

282 3688 466 3753 None
500 3686 909 3756 venientibus
938 3686 1336 3756 Arbensibus
1368 3706 1560 3773 super
1600 3688 1958 3774 Nonenses,
1992 3686 2359 3754 debellante
2393 3707 2524 3754 vna

288 3802 476 3881 parte
507 3814 651 3861 cum
684 3795 820 3863 alia
856 3816 1054 3882 super
1086 3796 1471 3865 territorium
1490 3798 1676 3865 None
1697 3821 1713 3862 :
1737 3794 2026 3881 dicimus,
2047 3795 2526 3863 sentenciamus

283 3923 404 3990 per
452 3902 737 3989 laudum,
786 3906 1181 3973 sentenciam
1222 3912 1287 3973 et
1321 3906 1679 3994 arbitrium,
1711 3905 1884 3990 quod
1914 3904 2205 3972 homines
2241 3912 2307 3971 et
2346 3905 2527 3971 Com-

286 4030 479 4079 mune
511 4014 820 4098 Arbense,
854 4021 919 4080 et
944 4015 1293 4101 propinqui
1325 4012 1532 4099 ipsius
1566 4012 1859 4098 Cernote,
1912 4034 2140 4081 omnes
2190 4021 2253 4081 et
2304 4014 2523 4100 siguli,

289 4129 421 4188 tam
476 4142 596 4207 pro
627 4121 837 4189 diuiso
868 4142 1060 4207 quam
1091 4143 1208 4208 pro
1240 4123 1561 4189 communi
1609 4123 1933 4190 Arbenses
1995 4119 2278 4187 habeant
2326 4122 2520 4187 silen-

288 4232 459 4297 cium
511 4237 888 4316 perpetnum
936 4231 1053 4297 sub
1111 4231 1407 4316 predicta
1436 4251 1609 4317 pena
1654 4229 2137 4318 compromissi,
2191 4230 2524 4297 absoluen-

296 4346 393 4408 tes
416 4342 767 4409 Commune
819 4347 880 4407 ct
929 4340 1216 4407 homines
1265 4340 1450 4407 None
1498 4360 1721 4409 omnes
1770 4360 1960 4426 super
2013 4339 2168 4426 hoc;
2223 4338 2375 4420 quia
2405 4337 2525 4404 hoc

300 4450 542 4518 factum
576 4450 661 4516 .in
707 4469 945 4535 guerra
998 4456 1064 4518 et
1109 4449 1310 4536 prelio
1340 4450 1704 4538 manifesto,
1738 4456 1803 4516 et
1833 4451 1902 4515 in
1933 4446 2160 4535 prelijs
2192 4446 2354 4512 talia
2382 4444 2519 4513 fieri

299 4564 787 4646 consueuerant,
821 4564 885 4625 et
915 4558 1145 4626 euitari
1175 4578 1305 4624 non
1338 4563 1597 4641 queunt.
1629 4557 1790 4625 Item
1839 4577 1956 4643 pro
2004 4553 2300 4624 omnibus
2342 4551 2521 4619 dam-

294 4672 391 4738 nis
438 4671 631 4738 factis
682 4688 798 4754 per
849 4668 1138 4736 homines
1187 4669 1515 4734 Arbenses
1564 4665 1927 4733 hominibus
1983 4666 2191 4748 None,
2247 4669 2375 4752 tam
2407 4679 2522 4747 pro
