3319 5249
1429 343 1553 410 105

1426 881 1529 948 65.

341 1086 403 1151 A
425 1087 820 1174 pe'cevdradi
868 1084 1249 1150 konventnek
1299 1085 1826 1169 bizonysdqlevele
1868 1083 2067 1169 Tym,
2120 1083 2406 1166 Baqatai
2458 1081 2604 1146 Che-

331 1218 475 1281 pan
507 1195 764 1280 nqy'enek
817 1194 941 1258 elsb'
989 1193 1348 1276 hdzassdqa
1398 1196 1557 1254 uta'n
1589 1194 1759 1276 ja'ro'
1810 1191 2141 1256 hitbe'rewz
2184 1192 2603 1275 e‘sjeqyajein-

1211 1299 1518 1364 ddkapirdl.
1572 1303 1764 1364 1274.

563 1498 938 1564 Conuentus
1009 1494 1389 1579 Monasterij
1452 1494 1907 1562 waradiensis
1975 1494 2298 1561 vniuersis
2363 1491 2602 1558 Christi

340 1604 647 1672 fidelibus
710 1607 1046 1689 presentes
1111 1591 1361 1669 litteras
1426 1601 1812 1688 inspecturis
1877 1603 2152 1669 salutem
2209 1601 2274 1666 in
2329 1599 2606 1666 Domino

339 1713 823 1799 sempiternam.
900 1711 1016 1776 Ad·
1061 1711 1509 1778 uniuersorum
1574 1711 1877 1777 noticiam
1932 1718 2151 1778 tenore
2202 1707 2602 1796 presencium

342 1822 645 1889 uolumus
680 1820 1049 1905 peruenire,
1103 1819 1274 1902 quod
1325 1819 1561 1888 nobilis
1594 1818 1858 1884 domina
1889 1818 2028 1884 filia
2058 1819 2217 1885 Jous
2251 1818 2331 1883 de
2367 1837 2605 1902 genere

338 1930 661 1996 nobilium
709 1924 889 2012 apud
935 1926 1299 1993 Ecclesiam
1349 1927 1573 1993 Sancti
1625 1925 1943 1995 Johannis
1999 1945 2202 2011 prope
2256 1924 2437 1991 Okur
2473 1923 2597 1990 exi·

339 2034 668 2102 stencium
714 2033 905 2120 Tyna
955 2040 1223 2116 vocata,
1295 2035 1528 2100 relicta
1589 2032 1955 2100 Salomonis
2007 2032 2089 2098 de
2150 2052 2387 2114 genere
2437 2033 2601 2116 Geg,

339 2162 514 2207 nunc
565 2164 729 2209 vxor
769 2141 1061 2227 Ohepani
1114 2140 1195 2209 de
1246 2143 1409 2208 uilla
1458 2144 1714 2227 Bagata
1765 2145 1852 2209 ab
1904 2162 2033 2207 una
2082 2147 2309 2227 parte;
2361 2142 2604 2208 Paulus

340 2252 516 2317 filius
569 2249 751 2316 Galli
802 2270 920 2333 pro
971 2270 1041 2317 se
1091 2257 1155 2315 et
1204 2270 1323 2336 pro
1375 2248 1665 2317 Oliuerio
1712 2250 1845 2316 filio
1897 2271 2037 2334 su0,
2086 2248 2385 2335 Mychael
2429 2248 2602 2314 filins

341 2361 488 2443 Geg
522 2378 641 2443 pro
694 2379 766 2424 se
819 2363 881 2424 et
929 2379 1046 2443 pro
1079 2357 1444 2425 Salomone>
1477 2364 1540 2423 et
1572 2358 1715 2442 Geg
1766 2356 2078 2424 fratribus
2128 2358 2263 2424 suis
2312 2359 2603 2442 uterinis,

339 2466 746 2551 Pangracius
798 2464 966 2531 filins
1020 2465 1304 2531 Emerici
1352 2485 1467 2550 pro
1519 2483 1590 2529 se
1642 2470 1708 2530 et
1758 2486 1872 2550 pro
1926 2463 2186 2531 Andrea
2239 2465 2439 2531 fratre
2482 2486 2604 2531 suo

340 2574 595 2641 carnali
626 2574 713 2640 ab
738 2574 964 2656 altera,
1012 2593 1234 2640 coram
1265 2571 1454 2640 nobis
1485 2572 1915 2658 personaliter
1949 2574 2321 2658 constituti3
2374 2572 2601 2639 eadem

339 2683 608 2749 domina
656 2703 1022 2767 proponens
1090 2681 1394 2749 confessa
1459 2688 1560 2748 est
1611 2682 1767 2749 uiua
1815 2701 2023 2748 uoce:
2090 2680 2261 2766 quod
2313 2678 2603 2766 predicto

340 2791 693 2857 Salomone
724 2791 964 2857 marito
998 2810 1134 2874 suo,
1181 2789 1384 2856 fratre
1418 2789 1705 2876 ipsorum
1740 2789 1923 2858 Galli
1954 2797 2021 2857 et
2050 2790 2329 2856 Emerici
2363 2788 2443 2855 de
2477 2810 2604 2854 mc·

340 2900 454 2965 dio
486 2897 789 2982 sublate,
836 2906 1186 2981 antequam
1238 2897 1446 2964 eidem
1500 2897 1811 2983 Chepano
1863 2898 2150 2964 secundo
2200 2896 2429 2963 marito
2483 2916 2602 2963 suo

243 3046 246 3049 -
343 3012 557 3092 nupta
584 3004 854 3090 fuisset,
905 3008 986 3072 ob
1036 3026 1320 3072 amorem
1374 3014 1438 3073 et
1470 3006 1895 3073 dileccionem
1943 3005 2380 3091 predictorum
2422 3004 2600 3072 nobi-

339 3115 499 3181 lium
555 3112 638 3179 de
686 3114 872 3180 iuxta
924 3113 1124 3199 Okur,
1175 3135 1319 3181 cum
1371 3114 1618 3182 eisdem
1678 3113 1786 3198 pio
1837 3113 2075 3180 affectu
2123 3120 2604 3197 compateretur

342 3229 658 3306 tanquam
708 3220 846 3287 suis
900 3222 1197 3305 cognatis
1249 3220 1637 3304 karissimis,
1685 3221 1848 3306 ipsis
1897 3219 2147 3286 scilicet
2189 3220 2418 3306 Paulo,
2474 3219 2603 3285 Oli-

341 3328 521 3395 uerio
554 3328 690 3394 filio
720 3349 857 3410 suo,
904 3328 1252 3416 Mycbaeli,
1295 3329 1652 3412 Salomoni,
1705 3335 1770 3395 et
1802 3326 1945 3410 Greg
1976 3327 2280 3394 fratribus
2313 3326 2603 3394 eiusdem

341 3436 742 3519 MycbaeliS,
789 3437 1190 3521 Pangracio,
1255 3441 1322 3502 et
1368 3434 1626 3523 Andree
1678 3435 1869 3502 fratri
1919 3434 2252 3515 eiusdem,
2310 3434 2606 3519 superius

342 3543 695 3610 nominatis
728 3545 1080 3631 nobilibus,
1131 3551 1198 3611 et
1235 3544 1392 3628 alijs
1427 3543 1720 3628 cognatis
1758 3542 2124 3627 eorundem,
2170 3542 2382 3608 dotem
2416 3564 2602 3610 suam

339 3671 507 3736 pure
556 3658 620 3716 et
673 3651 1055 3736 simpliciter
1123 3651 1524 3735 relaxasset;
1594 3669 1701 3717 res
1752 3670 1906 3717 uero
1959 3649 2401 3735 parafernales
2450 3669 2602 3719 snas

340 3758 591 3825 eisdem
628 3758 959 3826 nobilibus
992 3760 1118 3827 sibi
1155 3759 1645 3833 restituentibus
1687 3758 1979 3845 plenarie
2018 3758 2386 3844 recepisset,
2425 3767 2489 3825 et
2521 3758 2602 3825 ad

337 3867 735 3933 desiderium
789 3888 906 3934 sue
939 3868 1171 3934 salutis
1223 3866 1663 3933 distribuisset
1702 3866 1918 3932 anime
1959 3885 2077 3932 sue
2111 3868 2193 3933 ob
2227 3872 2603 3951 perpetuam

335 3996 528 4042 suam
562 3974 986 4040 elemosinam
1037 3972 1485 4057 condonando,
1530 3980 1724 4058 prout
1753 3994 1868 4039 sue
1904 3973 2225 4038 uoluntati
2277 3973 2606 4040 uidebitur

335 4083 675 4167 expedire.
737 4082 1244 4168 Assumpmente
1295 4084 1442 4167 ipsa
1492 4082 1794 4167 domina,
1863 4064 2033 4165 ‘quod
2094 4081 2174 4148 de
2225 4086 2436 4148 cetero
2488 4101 2607 4147 nec

338 4191 533 4276 ipsa,
582 4210 702 4256 nec
749 4191 1080 4275 predictus
1132 4190 1485 4275 Chepanus
1538 4190 1810 4257 maritus
1861 4209 2054 4272 sune,
2104 4207 2227 4255 nec
2279 4188 2604 4275 quispiam

337 4301 640 4381 fratrum,
673 4306 1090 4384 cognatorum
1140 4319 1253 4367 seu
1296 4302 1916 4382 consanguineorum
1953 4317 2213 4365 suorum
2251 4296 2461 4383 ipsam
2498 4295 2602 4362 do-

336 4416 482 4474 tem
523 4406 779 4491 possint
829 4406 1097 4473 ulterius
1147 4415 1449 4493 repetere,
1482 4426 1597 4473 seu
1649 4408 2078 4493 imposterum
2128 4405 2475 4472 nendicare
2526 4403 2608 4469 de

337 4513 664 4598 predictis
731 4512 1061 4580 nobilibus
1128 4522 1195 4580 et
1246 4513 1328 4581 de
1384 4514 1706 4583 uniuersis
1758 4515 2053 4599 cognatis
2104 4512 2493 4598 eorundem,
2545 4518 2608 4577 et

337 4621 612 4689 eosdem
693 4643 772 4688 ac
836 4627 1146 4708 cognatos
1230 4625 1515 4710 ipsorum
1577 4623 1950 4691 nullatenus
2021 4624 2286 4689 ualeant
2346 4622 2607 4688 racione
