3319 5249
1315 392 1443 461 327

277 587 533 656 eundem
567 586 904 657 descondit
936 595 1154 656 contra
1185 589 1450 657 tercium
1499 591 1743 666 siccum
1773 589 2061 678 Hurhud,
2096 587 2268 674 quod
2304 586 2493 672 vulgo

277 697 479 780 Ogren
529 697 787 785 dicitur,
842 699 1064 766 circuit
1113 706 1364 786 pratum
1412 701 1722 784 Ecclesie,
1775 709 1840 767 et
1891 699 2067 767 cadit
2119 700 2187 766 in
2227 695 2498 784 primum

276 805 815 892 Hurhudpotoka‚
899 828 974 873 ac
1023 829 1138 893 per
1188 807 1456 875 cundem
1508 809 1711 893 potok
1762 807 2098 876 descendit
2149 804 2235 873 ad
2296 810 2503 871 metas

270 913 524 999 priores,
578 921 643 982 et
689 915 778 982 ibi
829 917 1205 983 terminatur
1258 917 1459 986 tercia
1512 917 1834 1004 particula
1872 925 2036 983 terre
2067 914 2385 1003 predicte.
2420 914 2496 979 In

270 1031 488 1106 quarto
527 1045 675 1092 vero
723 1026 865 1091 loco
917 1034 980 1093 et
1028 1027 1347 1112 particula
1380 1029 1883 1112 assignauerunt
1913 1034 2156 1093 terram
2188 1024 2498 1108 limatam,

267 1132 426 1213 quod
474 1132 673 1216 uulgo
726 1134 912 1201 teluk
962 1133 1212 1221 dicitur,
1247 1159 1288 1203 a
1318 1137 1504 1203 metis
1539 1137 1834 1220 Magistri
1866 1133 2179 1222 Stephani
2213 1131 2394 1217 capit
2427 1133 2494 1197 in

272 1239 606 1307 latitudine
656 1242 773 1308 XC
822 1248 956 1311 tres
1009 1245 1339 1331 amplexus
1376 1264 1416 1309 a
1446 1247 1663 1328 fluuyo
1715 1246 2026 1330 Lytowa3
2064 1261 2177 1329 per
2228 1240 2499 1307 eandem

272 1347 681 1415 latitudinem
734 1351 1028 1418 ascendit
1087 1355 1256 1418 circa
1309 1353 1547 1420 curiam
1604 1353 1831 1418 Almus
1880 1358 2106 1418 contra
2155 1347 2497 1417 ecclesiam

279 1476 475 1540 vsque
526 1460 613 1525 ad
665 1461 1197 1528 terminacionem
1249 1470 1562 1528 metarum
1613 1481 1874 1528 suarum
1907 1461 2340 1542 antiquarum.
2371 1454 2510 1533 Que

278 1573 493 1634 tamen
526 1569 844 1652 particule
875 1577 1195 1637 terrarum
1230 1571 1295 1636 in
1330 1591 1519 1637 vnum
1554 1575 1938 1655 computate,
1959 1566 2124 1635 sicut
2140 1567 2223 1633 ab
2253 1565 2515 1632 homine

277 1683 495 1743 nostro
533 1683 596 1743 et
628 1678 915 1760 partibus
964 1679 1393 1746 referentibus
1434 1678 1860 1765 percepimuS,
1892 1683 1987 1742 est
2017 1682 2187 1742 terra
2216 1673 2301 1740 ad
2330 1690 2514 1738 vsum

277 1784 461 1852 vuius
496 1786 697 1851 aratri
729 1785 1076 1854 sufficiens,
1110 1788 1244 1853 Nec
1277 1787 1395 1854 hoc
1445 1787 1995 1873 pretermittimus,
2026 1780 2198 1868 quod
2228 1779 2515 1866 sepedic·

276 1899 376 1958 tus
407 1893 658 1961 Albeus
689 1915 758 1961 se
791 1895 1108 1978 obligauit
1157 1915 1373 1962 coram
1425 1898 1624 1980 nobis,
1659 1903 1730 1960 vt
1763 1896 1817 1960 si
1851 1893 1995 1976 quis
2026 1912 2142 1978 pro
2173 1897 2348 1957 terra
2376 1907 2516 1974 pre·

278 2008 504 2067 taxata
556 2003 760 2069 Lewa
811 2005 917 2070 uel
965 2004 1133 2071 filios
1184 2004 1471 2072 eiusdem
1506 2024 1815 2091 processu
1847 2002 2154 2088 temporis
2186 1997 2380 2066 vellet
2408 1995 2517 2061 im·

277 2116 520 2197 petere,
575 2110 719 2196 ipse
768 2112 1030 2178 eosdem
1083 2115 1387 2199 expedire
1425 2121 1751 2181 teneretur
1783 2110 2061 2198 proprijs
2090 2107 2419 2176 laboribus
2451 2109 2516 2170 ct

280 2219 608 2304 expensis,
659 2219 742 2286 Vt
789 2221 987 2303 igitur
1038 2221 1435 2290 recordabile
1484 2223 1599 2289 fiat
1650 2228 1714 2288 et
1764 2222 2033 2302 firmum,
2086 2221 2419 2304 presentes
2449 2211 2519 2279 in

280 2327 723 2392 testimonium
775 2329 1226 2416 concessimus,
1283 2330 1480 2415 sigilli
1531 2330 1737 2397 nostri
1787 2327 2138 2395 munimine
2169 2326 2523 2392 roboratas.

277 2434 519 2500 Datum
571 2441 634 2500 et
678 2441 890 2502 actum
939 2458 1109 2504 anno
1140 2439 1399 2504 Domini
1447 2440 1534 2505 M⁰
1566 2439 1693 2505 00⁰
1727 2437 2160 2522 octoagesimo
2206 2433 2432 2517 primo.

281 2668 560 2733 (Eredetie
588 2667 939 2736 borbartyam
969 2672 1195 2738 melyrb'l
1220 2690 1254 2725 a
1277 2672 1461 2741 penset
1499 2674 1619 2726 zold
1646 2670 2097 2737 selyemzsinoron
2123 2673 2278 2737 sugg,
2303 2682 2336 2718 a
2359 2662 2529 2719 lontoi

281 2756 736 2825 kozbirtokossag
786 2758 1178 2821 leveltaraban.
1247 2766 1562 2816 Tekintetes
1612 2763 1944 2827 Rakovszky
1997 2756 2182 2817 Istvfin
2232 2755 2297 2811 tir
2349 2754 2528 2816 kosle·

1295 2852 1526 2921 menye.)

1340 3629 1491 3699 232.

289 3850 347 3914 A
396 3851 694 3917 zalava'ri
745 3850 1112 3917 konventnek
1160 3850 1709 3937 bizonysa'ylevele,
1761 3850 1925 3936 lzoqgs
1966 3846 2142 3937 Oquz
2176 3869 2371 3913 comes
2402 3845 2530 3912 Bu-

298 3962 554 4027 zadnak
571 3961 703 4045 fiia
735 3961 940 4047 Roylci
968 3961 1297 4046 Eyyednek
1345 3959 1775 4027 Kereohenben
1822 3959 1921 4025 Iret
1952 3957 2386 4045 eke'nyisoldet
2417 3978 2534 4022 cse-

971 4070 1239 4156 rekc‘pe‘n
1269 4070 1632 4156 dtenqedett.
1671 4068 1865 4137 1281.

503 4304 641 4370 Nos
690 4301 892 4368 frater
937 4302 1010 4369 P.
1064 4302 1487 4370 miseracione
1536 4300 1783 4372 Diuina
1812 4300 2032 4369 Abbas
2064 4307 2129 4366 et
2161 4300 2541 4367 Conuentus

297 4410 670 4492 Monasterij
705 4409 930 4477 Sancti
962 4411 1235 4479 Adriani
1267 4409 1347 4478 ‹le
1378 4410 1537 4477 Zala
1572 4410 2013 4493 significamus
2048 4407 2239 4475 vniue
2259 4410 2385 4476 rsis
2418 4408 2550 4492 qui·

298 4519 415 4586 bus
445 4520 708 4606 expedit
742 4522 1152 4604 presencium
1182 4544 1299 4607 per
1331 4526 1655 4588 tenorem:
1691 4516 1863 4603 quod
1894 4518 2124 4587 Comes
2155 4519 2349 4601 Oguz
2381 4518 2553 4585 filius

304 4628 517 4695 Buzad
551 4630 634 4695 ab
671 4649 800 4695 una
834 4637 1054 4716 parte3
1086 4631 1463 4698 Dominicus
1494 4628 1666 4697 filius
1698 4626 1962 4697 Comitis
1994 4627 2211 4715 Egidij
2251 4626 2330 4695 de
2364 4628 2557 4713 Royk

305 4738 386 4806 ab
414 4738 620 4809 altera
647 4757 874 4809 coram
904 4738 1090 4811 nobis
1121 4739 1551 4830 personaliter
1581 4738 1910 4810 constituti
1940 4740 2072 4810 tale
2101 4736 2560 4810 concambium
