3319 5249
1867 361 1999 435 384

806 563 1021 651 todiri,
1086 567 1335 652 prefata
1393 564 1744 653 priuilegia
1773 565 1957 634 nobis
1991 565 2281 633 exhibita
2312 573 2377 633 et
2408 563 2712 655 perlecta,
2748 568 2813 634 in
2844 565 3033 635 nulla

811 683 999 759 parte
1031 675 1371 760 deuiciata,
1425 673 1504 742 de
1552 677 1748 742 verbo
1789 674 1876 742 ad
1909 675 2170 741 verbum
2203 677 2608 759 presentibus
2659 676 2924 760 inserta,
2959 675 3021 741 in

808 790 1094 849 eternam
1132 784 1228 850 rei
1275 785 1650 850 memoriam
1681 782 2074 850 authoritate
2105 782 2406 850 duximus
2423 785 2826 869 presencium
2881 804 3026 850 con·

803 891 1142 959 firmanda.
1194 890 1275 958 Vt
1321 901 1535 958 autem
1585 893 1904 978 presentis
1954 892 2179 978 scripti
2227 893 2429 959 series
2461 894 2643 960 nulla
2692 893 2911 960 valeat
2965 892 3032 957 in

804 1008 1126 1086 posterum
1159 1001 1658 1088 ·inpugnaeione
1701 1000 2000 1084 conuelli,
2030 1021 2150 1067 nec
2180 1018 2292 1086 per
2323 1000 2604 1084 aliquem
2662 999 3041 1086 perturbari,

803 1117 1167 1194 presentem
1188 1111 1620 1178 concessimus
1672 1109 1982 1195 paginam
2036 1107 2315 1194 duplicis
2366 1109 2569 1192 sigilli
2599 1110 2804 1176 nostri
2836 1109 3034 1173 muni·

802 1218 973 1284 mine
1023 1219 1408 1285 roboratam.
1458 1217 1695 1284 Datum
1729 1238 1842 1303 per
1878 1236 2108 1283 manus
2139 1218 2526 1284 venerabilis
2559 1218 2761 1304 patris
2792 1215 3034 1282 Thome

801 1325 927 1391 Dei
960 1327 1184 1410 gracia
1225 1327 1538 1414 Episcopi
1570 1326 1929 1393 Wacicnsis
1960 1326 2107 1392 aule
2138 1332 2357 1393 nostre
2391 1326 2774 1410 Cancellarij
2817 1320 3035 1389 dilecti

801 1443 866 1500 et
894 1433 1103 1503 fidelis
1125 1438 1360 1519 nostri;
1380 1455 1552 1502 anno
1573 1435 1838 1503 Domini
1870 1434 2214 1502 millesimo
2239 1434 2672 1502 ducentesimo
2729 1439 3036 1516 octuage-

801 1540 961 1608 simo
992 1549 1240 1630 quarte,
1262 1555 1446 1610 sexto
1478 1542 1791 1610 calendas
1810 1543 2205 1625 Decembris,
2236 1541 2607 1610 Indiccione
2638 1540 2788 1607 XII.
2820 1540 3030 1624 Regni

800 1660 1015 1717 autem
1052 1652 1249 1718 nostri
1281 1671 1451 1717 anno
1484 1651 1730 1719 decimo
1764 1653 1989 1720 terci0.
2733 1660 2736 1663 ’

797 1846 1054 1915 (Bathory
1093 1847 1275 1902 Istvan
1319 1849 1526 1928 erdelyi
1566 1850 1729 1915 vajda
1776 1852 1911 1902 1572
1939 1852 1999 1902 ki
2042 1849 2271 1904 oktavas
2298 1848 2621 1914 atirataboh
2669 1865 2703 1900 a
2745 1850 2910 1900 budai
2937 1850 3029 1901 kir.

1592 1942 1841 1994 kamarai
1864 1939 2239 2010 leveltarban.)

1620 2037 1649 2076 N

1696 2233 2165 2252 ————-·

1826 2775 1974 2843 274.

789 2980 906 3044 IV.
959 2979 1188 3043 La'szld
1234 2978 1456 3060 kira'ly
1505 2979 1874 3065 meyerb'siti
1924 2975 2207 3041 Chamid
2258 2975 2724 3062 »nemzetsdqbeli
2785 2976 3032 3041 Tameia

789 3099 1004 3152 comest
1055 3088 1383 3172 Ponqrdcz
1416 3088 1547 3171 ficit
1595 3086 1792 3164 Orod,
1828 3085 2111 3165 C'saredd,
2151 3086 2364 3149 Temes
2394 3087 2454 3150 e's
2488 3086 2741 3149 Szere'm
2775 3088 3023 3172 ‘meyyei

1469 3198 1695 3262 6r6k6s
1724 3194 2126 3260 birtoka'ba‘n.
2165 3194 2359 3259 1284.

1012 3394 1380 3480 Ladyzlaus
1429 3394 1555 3462 Dei
1607 3392 1829 3479 gracia
1876 3393 2226 3478 Hungarie‚
2307 3392 2660 3477 Dalmacie,
2744 3392 3024 3472 Croacie‚

789 3505 1009 3589 Rame,
1032 3502 1279 3582 Seruie,
1315 3502 1609 3588 Gallicie‚
1641 3501 2043 3586 Lodomerie,
2080 3501 2388 3568 Cumanis
2421 3500 2853 3584 Bulgarieque
2889 3504 3021 3567 Rex

788 3612 1080 3680 omnibus
1131 3610 1370 3678 Christi
1420 3611 1719 3679 fidelibus
1769 3619 1911 3678 tam·
1953 3611 2353 3697 presentibus
2389 3631 2584 3694 quam
2615 3610 2850 3678 futuris
2884 3628 3018 3695 pre-

788 3742 939 3788 sens
989 3722 1297 3804 scriptum
1345 3719 1731 3805 inspecturis
1782 3722 2057 3787 salutem
2107 3720 2173 3785 in
2225 3718 2507 3785 omnium
2538 3719 2882 3786 saluatore.
2915 3717 3015 3783 Ad

785 3828 910 3894 hoc
959 3827 1128 3894 enim
1180 3826 1417 3893 Diuina
1466 3828 1820 3896 clemencia
1865 3829 2133 3913 Regiam
2165 3848 2511 3914 personam
2544 3827 2842 3910 regimini
2875 3848 3019 3912 pre-

785 3935 1005 4022 posuit
1031 3936 1460 4020 subditorum‚
1497 3945 1564 4003 vt
1598 3938 1888 4023 oppressi
1913 3938 2085 4021 jure,
2119 3937 2597 4022 possesionibus
2650 3936 2906 4022 priuati,
2959 3944 3019 4001 et

785 4046 926 4112 sine
959 4064 1156 4111 causa
1187 4045 1446 4129 spoliati
1495 4045 1560 4111 in
1591 4045 1885 4131 pristinis
1938 4046 2457 4131 possessionibus
2510 4053 2573 4110 et
2614 4044 2871 4128 juribus
2903 4065 3018 4132 per

785 4155 996 4239 ipsam
1028 4155 1108 4221 de
1140 4154 1347 4237 Regia
1378 4156 1661 4236 equitate
1691 4155 2132 4240 restituantur,
2185 4161 2245 4222 et
2280 4175 2322 4219 a
2354 4173 2701 4241 prauorum
2736 4156 3010 4220 incursi·

784 4264 903 4330 bus
936 4284 1014 4330 ac
1045 4261 1406 4345 temerariJs
1440 4261 1981 4346 occupacionibus
2037 4261 2104 4327 in
2138 4269 2463 4347 posterum
2495 4260 2667 4328 illesi
2696 4269 3017 4328 tueantur.

782 4370 943 4437 Inde
977 4375 1091 4457 est,
1128 4369 1298 4455 quod
1330 4369 1416 4435 ad
1445 4373 1889 4437 vniuersorum
1923 4371 2226 4437 noticiam
2260 4372 2487 4436 barum
2518 4371 2685 4437 serie
2717 4372 3015 4439 volumus

780 4480 1138 4568 peruenire,
1192 4478 1362 4562 quod
1412 4480 1641 4547 Comes
1691 4479 1974 4547 Thomas
2022 4480 2191 4547 filius
2240 4479 2583 4565 Pangracij
2636 4480 2716 4546 de
2780 4500 3015 4563 genere

782 4587 1052 4653 Chanad
1115 4587 1200 4653 ad
1252 4593 1532 4654 nostram
1583 4587 1945 4655 accedendo
2006 4591 2410 4673 presenciam
2475 4589 2767 4657 exhibuit
2829 4589 3018 4654 nobis

779 4694 1187 4783 priuilegium
1221 4693 1480 4777 gloriosi
1511 4697 1708 4780 Regis
1760 4696 1915 4763 Bcle
1966 4695 2296 4763 karissimi
2328 4697 2438 4761 aui
2489 4696 2685 4763 nostri
2721 4697 3015 4764 laudabi-
