3319 5249
1868 381 2002 447 482

801 578 923 662 qui
954 576 1216 644 easdem
1248 575 1473 643 ordine
1504 574 1844 642 iudiciario
1893 575 2254 643 amiserant
2272 626 2293 660 ,
2345 595 2539 659 quam
2578 593 2659 639 ex
2691 579 2879 658 parte
2910 592 3076 639 com-

805 691 1254 751 metaneorum
1283 678 1738 769 predictorum,
1769 684 1883 766 qui
1912 682 2092 766 ipsas
2122 680 2441 748 redimere
2486 679 2851 765 noluerunt,
2884 680 3074 746 nobis

804 799 1118 876 tanquam
1148 788 1369 875 iudici,
1403 795 1469 856 et
1499 795 1728 875 aetery
1759 788 2021 858 suerunt
2048 789 2341 874 legitime
2371 788 2711 873 deuolute;
2745 789 2902 856 licet
2932 805 3073 874 pre·

804 898 1018 967 dictas
1051 906 1260 965 terras
1288 896 1704 966 Martinus‘et
1761 899 2160 965 Laurencius
2213 896 2551 964 memorati
2598 896 2889 963 totaliter
2919 896 3077 963 ami-

804 1014 1046 1093 serant,
1080 1011 1299 1070 tamen
1328 1003 1768 1070 misericordia
1816 1002 1995 1071 ducti
2014 1054 2033 1088 ,
2098 1023 2290 1071 vnam
2352 1000 2701 1072 earundem
2763 1003 3074 1070 videlicet

808 1114 991 1179 Tusa
1020 1116 1318 1177 vocatam
1351 1110 1730 1194 reliquimus
1752 1112 2065 1195 Fabyano
2103 1113 2377 1198 paruulo
2412 1110 2550 1178 filio
2583 1110 2876 1178 eiusdem
2906 1111 3070 1191 Mar-

809 1218 930 1285 tini
962 1239 1078 1305 pro
1112 1218 1415 1302 porcione
1448 1237 1573 1283 sua
1604 1218 1956 1285 tenendam
2016 1226 2081 1286 et
2113 1219 2484 1287 habendam
2500 1272 2522 1308 ,
2587 1224 2827 1285 terram
2858 1225 3074 1284 autem

810 1327 974 1393 Pere
1004 1333 1298 1392 vocatam
1331 1326 1869 1411 eii-permissione
1908 1335 1972 1392 et
2031 1327 2441 1412 beneplacito
2504 1325 2939 1413 predictorum
2971 1343 3070 1389 co·

812 1440 1157 1518 gnatorum
1191 1440 1257 1500 et
1307 1441 1891 1501 commetaneorum
1952 1434 2362 1501 vendidimus
2423 1454 2538 1520 pro
2570 1433 2804 1518 viginti
2836 1431 3071 1497 marcis

810 1538 1043 1606 Comiti
1073 1538 1366 1623 Nycolao
1398 1537 1569 1604 dicto
1602 1539 1898 1621 Wagueh
1931 1546 2205 1624 cognato
2239 1537 2584 1606 eorundem
2618 1544 2683 1605 et
2714 1557 2830 1624 per
2861 1539 3070 1624 ipsum

811 1646 1013 1732 Myke
1043 1653 1109 1712 et
1136 1645 1327 1711 Petro
1360 1644 1665 1713 fratribus
1715 1646 1854 1713 suis
1906 1645 2104 1731 plene
2134 1647 2371 1714 habitis
2433 1654 2497 1713 et
2530 1646 2806 1729 receptis
2840 1645 2925 1710 ab
2959 1644 3073 1709 eis-

814 1753 1003 1836 dem;
1037 1751 1303 1819 terciam
1334 1770 1487 1818 vero
1507 1753 1814 1820 videlicet
1830 1754 2204 1821 Fulbarcha
2221 1762 2517 1821 vocatam
2539 1775 2621 1821 ex
2653 1752 3075 1838 permissione

811 1878 1073 1926 suorum
1107 1863 1524 1941 cognatorum
1562 1857 1999 1943 predictorum
2051 1859 2458 1929 vendidimus
2509 1860 2691 1927 Edus
2752 1867 2818 1926 et
2850 1860 3074 1943 Moyus

810 1962 1536 2051 supradictis‘similiter
1566 1985 1684 2050 pro
1717 1965 1949 2049 viginti
1979 1967 2216 2032 marcis
2248 1968 2384 2034 iure
2443 1974 2763 2053 perpetuo
2825 1974 2892 2032 et
2922 1966 3073 2030 irre-

813 2074 1190 2139 uocabiliter
1249 2072 1682 2158 possidendas
1706 2123 1724 2158 ,
1787 2073 2082 2141 omnibus
2132 2075 2438 2158 predictis
2499 2074 2636 2141 suis
2682 2080 2981 2158 cognatis
3012 2077 3076 2138 et

810 2180 1270 2246 commetaneis
1320 2200 1513 2265 super
1562 2181 1954 2267 inpeticione
2006 2168 2442 2265 predictorum
2495 2190 2852 2266 emptorum
2886 2180 3072 2247 silen-

820 2289 988 2355 oium
1020 2294 1400 2373 perpetuum
1453 2290 1885 2373 imponentes.
1947 2288 2024 2353 In
2084 2289 2267 2356 cuius
2298 2308 2412 2372 rey
2444 2288 2825 2355 memoriam
2856 2307 3075 2374 perpe·

815 2403 1126 2477 tuamque
1158 2395 1523 2460 firmitatem
1569 2400 1907 2480 presentes
1970 2393 2267 2460 dedimus
2331 2396 2578 2461 litteras
2609 2393 2828 2479 sigilli?
2877 2392 3072 2459 nostri

818 2503 1169 2569 munimine
1203 2501 1551 2568 roboratas.
1585 2504 1825 2568 Datum
1868 2521 2039 2567 anno
2093 2500 2349 2581 Domini
2381 2502 2750 2588 myllesimo
2783 2501 3074 2566 dueente-

814 2607 981 2675 simo
1011 2610 1445 2693 octuagesimo
1477 2617 1727 2678 octauo.

819 2804 1093 2869 (Eredetie
1116 2803 1484 2872 borhartyan‚
1532 2822 1563 2857 a
1607 2807 1794 2872 penset
1832 2809 2123 2871 elveszett;
2178 2824 2211 2858 a
2263 2810 2427 2860 budai
2466 2810 2568 2864 kir.
2615 2809 2862 2860 kamarai
2912 2804 3075 2855 level·

1834 2895 2072 2954 tarban.)

1727 3182 2155 3190 ——-—-——.—-—

1871 3717 2027 3784 344.

820 3916 1029 3982 Jdnos
1060 3913 1344 3981 kalocsai
1379 3916 1558 3980 e'rsek
1591 3917 2002 4003 bizovzysdqot
2032 3927 2148 3980 tesz
2171 3916 2372 3999 arv-ol,
2397 3923 2563 4003 hoqy
2596 3916 2777 4002 Oquz
2799 3921 3085 4003 somoqyi

805 4022 1093 4110 fdispdn
1127 4024 1189 4087 6³
1223 4018 1362 4086 Aaz
1397 4023 1791 4109 Mikcilynak
1832 4024 1942 4107 fia
1974 4024 2113 4088 kozt,
2158 4023 2528 4090 birtokesere
2580 4026 2834 4090 t6rte'nt.
2892 4026 3085 4089 1288.

1041 4218 1174 4284 Nos
1205 4218 1264 4284 J.
1287 4216 1410 4282 Dei
1431 4217 1656 4301 gracia
1672 4218 2219 4305 Archiepiscopus
2239 4218 2615 4288 colocensis
2635 4218 3090 4304 significamus

817 4325 1052 4408 quibus
1083 4323 1348 4411 expedit
1379 4326 1703 4394 vniuersis
1736 4327 2139 4413 presencium
2172 4347 2292 4415 per
2331 4336 2640 4417 tenorem,
2672 4327 2849 4414 quod
2903 4327 3088 4413 oguz

825 4431 1075 4499 Comite
1106 4431 1505 4520 Symigiensi
1535 4453 1616 4501 ex
1645 4456 1779 4504 una
1810 4442 2015 4524 parte,
2047 4443 2116 4503 et
2142 4436 2279 4503 Aaz
2311 4437 2443 4504 filio
2492 4437 2826 4504 Michaelis
2861 4455 2944 4504 ex
2996 4436 3090 4503 al-

819 4547 964 4607 tera
994 4560 1208 4608 coram
1242 4541 1429 4610 nobis
1460 4545 1899 4629 personaliter
1928 4544 2314 4634 constitutis,
2345 4545 2477 4612 tale
2508 4545 2679 4613 inter
2703 4565 2774 4613 se
2793 4563 3095 4612 concan-

820 4646 1001 4715 bium
1033 4649 1500 4718 confessisunt
1537 4671 1607 4718 se
1640 4650 1911 4721 fecisse:
1945 4653 2120 4737 quod
2138 4652 2310 4722 idem
2355 4651 2585 4722 Comes
2635 4654 2816 4740 oguz
2885 4671 3094 4738 quun-
