3319 5249
1861 299 1997 370 394

792 498 974 583 scopi
1026 496 1407 578 Waciensis‚
1458 495 1607 562 aule
1656 503 1874 565 nostre
1924 495 2312 580 Cancellarij
2350 502 2413 561 et
2444 494 2717 563 Comitis
2749 497 2832 564 de
2864 497 3031 584 mys,

792 604 1011 671 fidelis
1041 604 1284 688 nostri;
1315 624 1488 672 anno
1520 602 1779 670 Domini
1813 604 1904 672 Μ’)
1935 603 2065 670 (20⁶
2096 601 2535 688 octuagesimo
2565 609 2795 687 quarto
2817 652 2833 669 .

791 800 892 866 (Az
918 803 1119 854 eredoti
1169 799 1303 854 utin
1348 802 1542 853 Knauz
1570 797 1807 863 Nandon
1832 803 2062 868 Magyar
2088 802 2216 854 Sion
2242 801 2347 851 111.
2378 799 2488 852 ket.
2517 800 2639 852 547.
2668 801 2721 864 1.;
2755 797 3034 854 kivonatnit

1221 889 1437 948 &626th
1465 889 1629 955 Fejer
1653 891 1783 942 cod.
1808 890 1955 958 Dipl.
1988 891 2136 942 VIII.
2164 890 2218 941 k.
2245 892 2295 939 3.
2335 905 2376 938 r.
2403 890 2526 940 814.
2549 888 2619 953 l.)

1708 1174 2130 1191 m

1828 1694 1981 1763 281.

793 1893 909 1960 IV.
931 1891 1389 1981 Mdv-tonpdpa
1408 1918 1451 1958 a
1469 1855 1707 1977 jadrai
1740 1897 2032 1960 e'rsekmk
2066 1896 2483 1982 meqhaqyja‚
2514 1894 2680 1981 hoqy
2712 1891 3043 1958 Galvanus

792 2002 965 2081 ellan,
1002 2001 1066 2066 ki
1114 2001 1400 2066 kelletlen
1449 2001 1677 2066 modom
1729 2027 1774 2066 a
1835 2003 2188 2069 skardonai
2218 2003 2644 2089 pssspiikseqet
2675 2000 3038 2086 elfoqlalta,

1057 2130 1099 2169 a
1140 2105 1468 2171 kanonoki
1499 2108 1841 2193 torvenyek
1872 2107 2227 2172 ertelmeben
2257 2107 2557 2192 eb‘drjon.
2593 2105 2787 2169 1284.

1009 2317 1319 2384 Martinus
1384 2318 1744 2404 Episcopus
1807 2337 2033 2386 servus
2095 2338 2424 2387 servorum
2496 2318 2617 2384 Dei
2685 2314 3040 2383 venerabili

794 2426 1024 2494 fratri.
1062 2479 1076 2494 .
1114 2476 1128 2489 .
1177 2424 1677 2511 Archiepiscopo
1739 2425 2053 2493 Jadrensi
2117 2424 2410 2492 saludcm
2443 2425 2537 2504 ,in
2605 2421 3057 2509 Apostolicam·

796 2531 1321 2601 benedictionem.
1353 2532 1635 2599 Dudum
1686 2533 1875 2600 nobis
1924 2532 2248 2617 qnondam
2300 2530 2502 2598 frater
2548 2531 2878 2599 Johannes
2912 2530 3039 2595 Ma·

795 2640 997 2725 gister
1028 2639 1292 2708 Ordinis
1323 2640 1615 2706 Fratrum
1651 2639 2133 2707 Predicatorum
2170 2638 2534 2724 significare
2567 2639 2842 2722 curavit,
2874 2635 3040 2722 qnod

792 2747 948 2813 licet
967 2766 1080 2831 per
1100 2746 1346 2813 litteras
1368 2746 1559 2814 Sedis
1591 2747 1966 2834 Apostolice
1987 2749 2073 2815 sit
2107 2746 2470 2830 inhibitum,
2506 2753 2576 2811 ut
2609 2744 2774 2811 nulli
2808 2745 3041 2812 fratres

788 2853 998 2940 ipsius
1055 2852 1337 2940 Ordinis,
1388 2853 1444 2921 si
1494 2874 1604 2922 eos
1654 2856 1719 2921 in
1777 2855 2135 2940 Episcopus
2184 2854 2341 2940 eligi
2384 2862 2499 2920 aut
2530 2852 2842 2938 postulari
2878 2851 3045 2919 forte

792 2959 1156 3045 contigerit,
1201 2961 1501 3028 electioni
1552 2978 1669 3028 seu
1711 2959 2134 3046 postulationi
2168 2961 2248 3028 de
2278 2981 2352 3028 se
2386 2961 2553 3026 facte
2585 2960 2869 3027 audeant
2899 2980 3043 3027 con·

789 3069 1049 3156 sentire,
1108 3087 1228 3135 nee
1291 3068 1611 3154 Prolatus,
1665 3069 1770 3137 vel
1822 3068 2018 3135 etiam
2053 3069 2337 3153 Legatus
2369 3068 2562 3136 Sedis
2591 3066 2799 3151 ipsius
2830 3065 3042 3134 dictos

788 3177 1037 3262 fratres,
1059 3174 1183 3242 nisi
1204 3173 1284 3241 de
1316 3174 1612 3258 Magistri
1636 3175 1876 3242 eisdem
1911 3176 2016 3242 vel
2049 3175 2344 3242 Priorum
2378 3173 2904 3254 Provincialium,
2936 3173 3042 3259 qui

792 3304 908 3369 pro
932 3292 1215 3368 tempore
1247 3282 1500 3367 fuerint,
1523 3282 1791 3350 licentia
1811 3290 1874 3347 et
1904 3300 2244 3370 consensu,
2279 3289 2397 3348 aut
2433 3280 2704 3369 speciali
2738 3280 3041 3348 mandato

789 3388 984 3457 Sedis
1024 3389 1335 3470 eiusdem,
1368 3389 1454 3455 ad
1487 3390 1934 3476 Episcopatus,
1970 3389 2077 3456 vel
2107 3391 2282 3456 alias
2317 3388 2645 3473 quaslibet
2678 3388 3038 3477 dignitates

791 3506 980 3566 extra
1010 3497 1250 3564 dictum
1284 3496 1592 3564 Ordinem
1624 3515 1958 3566 assumere
1997 3498 2101 3563 vel
2135 3495 2438 3564 ordinare
2468 3503 2887 3584 presumant;
2922 3515 3033 3582 per

788 3603 1045 3672 easdem
1068 3624 1323 3689 quoque
1343 3604 1600 3671 litteras
1632 3604 1721 3670 sit
1742 3602 2075 3672 decretum
2109 3605 2362 3684 irritum
2396 3612 2464 3671 et
2494 3604 2707 3692 inane,
2723 3603 3034 3688 quicquid

790 3717 1017 3778 eontra
1068 3710 1508 3778 inhibitionem
1559 3709 1924 3779 huiusmodi
1973 3732 2014 3777 a
2045 3711 2535 3796 quibuscunque
2572 3712 2922 3798 contigerit
2951 3718 3040 3779 at-

790 3820 1118 3903 temptari,
1162 3818 1550 3886 auctoritate
1600 3818 1985 3904 Apostolica
2032 3838 2288 3905 semper
2340 3819 2568 3887 salua:
2604 3825 2818 3886 tamen
2842 3817 3041 3885 frater

794 3926 1128 3994 Galuanus
1181 3925 1615 4011 Dalmatinus‚
1650 3926 1984 4011 professus
2020 3924 2174 3992 dicti
2206 3924 2489 4012 Ordinis,
2522 3926 2899 4011 prouisione
2931 3947 3041 3994 sen

788 4032 1098 4102 electione
1141 4031 1220 4099 de
1269 4033 1407 4117 ipso
1441 4032 1527 4098 ad
1559 4032 2027 4119 Episcopatum
2062 4033 2578 4101 scardonensem
2614 4032 2785 4101 facte
2817 4041 3041 4103 contra

787 4140 1232 4211 inhibitionem
1283 4148 1346 4207 et
1394 4141 1719 4208 decretum
1770 4140 2141 4235 huiusmodi
2193 4148 2434 4209 temere
2484 4142 2855 4209 consentire
2902 4161 3040 4228 pre·

793 4250 1088 4336 sumpsit.
1123 4247 1340 4327 Quare
1401 4247 1608 4318 dictus
1655 4250 1968 4334 Magister
2024 4249 2176 4317 feeit
2225 4269 2265 4315 a
2313 4247 2503 4318 nobis
2549 4270 2693 4320 cum
2735 4249 3045 4317 instantia

790 4357 1128 4443 postulari,
1185 4364 1255 4423 ut
1303 4354 1646 4442 providere
1698 4374 1893 4440 super
1923 4357 2047 4424 hoc
2078 4364 2355 4445 paterna
2389 4355 2833 4426 sollicitudine
2866 4375 3040 4423 cura·

789 4485 1026 4533 remus.
1076 4464 1272 4535 Unde
1319 4482 1403 4530 ne
1431 4463 1769 4552 predictus
1804 4463 2146 4565 Galvanufls
2179 4466 2263 4534 de
2294 4472 2476 4534 tante
2507 4463 2884 4559 ambitionis
2913 4463 3044 4557 glo·

789 4572 947 4640 riari
981 4579 1203 4660 posset
1231 4590 1524 4660 excessu,
1557 4571 1684 4639 tibi
1717 4590 1834 4657 per
1863 4572 2032 4641 alias
2064 4579 2319 4642 nostras
2354 4573 2476 4641 sub
2511 4572 2907 4641 certaforma
2938 4570 3042 4637 de·
