3319 5249
1797 354 1927 430 318

1783 988 1941 1054 226.

748 1209 811 1276 A
841 1208 1075 1295 πορθεῖ
1101 1208 1551 1294 ka'ptalannak
1580 1205 2120 1293 bizonysciqlevele,
2172 1206 2337 1292 hoqy
2385 1205 2525 1271 Vnd
2554 1206 2763 1273 ιῙοῖποε
2792 1231 2991 1274 comes

818 1316 1086 1399 fiainak
1117 1317 1887 1405 beleeqyezcse'velferjhez
1938 1323 2114 1380 men&
2145 1316 2503 1402 lednycinak
2536 1316 2898 1403 Kachymzk

1231 1425 1501 1492 Thorkw
1533 1433 1693 1490 ‘nevit
1707 1423 1925 1511 foedet
1963 1425 2301 1512 dtenqedte.
2332 1424 2527 1490 1281.

960 1656 1322 1745 Capitulum
1381 1659 1671 1726 Ecclesie
1735 1657 1920 1727 Beati
1982 1659 2239 1726 Martini
2304 1656 2383 1724 de
2444 1656 2662 1744 Sypus
2722 1679 2989 1746 presens

749 1769 1056 1854 scriptum
1091 1769 1477 1852 inspecturis
1507 1769 1780 1837 salutem
1815 1769 1882 1833 in
1915 1790 1989 1836 eo
2024 1769 2132 1852 qui
2166 1767 2412 1835 creauit
2447 1770 2662 1835 omnia
2679 1776 2745 1834 et
2763 1769 2991 1852 guber·

748 1884 863 1944 nat
892 1878 1211 1944 vniuersa.
1247 1875 1557 1944 Omnibus
1590 1875 1827 1945 Christi
1858 1877 2151 1945 fidelibus
2188 1884 2318 1943 tam
2351 1876 2761 1965 presentibus
2792 1898 2986 1962 quam

750 1984 980 2053 futuris
999 1985 1223 2052 harum
1246 1987 1409 2054 serie
1431 1987 1724 2054 uolumus
1745 1986 2103 2072 peruenire,
2118 1987 2289 2069 quod
2312 2005 2453 2052 cum
2466 1987 2691 2053 Comes
2702 1985 2990 2053 JanVnd

750 2113 889 2160 cum
921 2092 1071 2178 filijs
1093 2094 1249 2181 suis,
1282 2094 1514 2180 Ewgin
1547 2092 1848 2161 videlicet
1883 2102 1947 2160 et
1966 2095 2170 2180 Petro,
2189 2092 2274 2160 ad
2295 2102 2578 2161 nostram
2601 2094 2990 2162 accedentes
3078 2154 3099 2170 ,

750 2201 1176 2288 personaliter
1210 2199 1662 2292 (presenciam)
1698 2224 1778 2270 ex
1808 2223 1936 2270 vna
1970 2210 2175 2291 parte,
2208 2203 2290 2270 ab
2324 2203 2531 2270 altera
2561 2223 2713 2270 uero
2746 2203 2992 2289 Symou

751 2328 951 2393 gener
996 2310 1196 2397 ipsius
1219 2331 1370 2377 -cum
1404 2320 1675 2396 quatuor
1706 2311 1857 2396 filijs
1890 2311 2021 2379 suis
2053 2312 2261 2397 Petro,
2292 2310 2518 2399 Pau10‚
2548 2312 2889 2378 Dominico
2922 2320 2992 2377 et

750 2417 1109 2486 Laurencio
1142 2439 1355 2487 coram
1385 2421 1566 2487 nobis
1600 2419 2021 2506 personaliter
2069 2421 2425 2516 constitum
2480 2419 2649 2487 idem
2678 2418 2996 2486 antedicti

750 2527 881 2595 Jan
911 2534 973 2593 et
1002 2527 1113 2612 filij
1148 2529 1247 2595 sui
1278 2529 1358 2595 de
1388 2549 1706 2597 consensu
1739 2530 2052 2596 communi
2085 2529 2359 2596 confessi
2390 2534 2540 2596 sunt
2560 2530 2818 2595 oraculo
2837 2531 2989 2596 viue

752 2640 950 2725 uocis,
1002 2640 1323 2722 quandam
1373 2646 1605 2708 terram
1658 2661 1872 2708 eorum
1922 2639 2414 2731 hereditariam,
2483 2659 2609 2724 que
2657 2639 2990 2723 wlgariter

754 2756 1162 2835 nuncupatur
1192 2749 1500 2838 Thorkw,
1534 2751 1912 2817 existentem
1947 2748 2114 2815 inter
2152 2749 2314 2816 duos
2345 2747 2590 2816 riuulos
2620 2748 2993 2816 Veresabna

755 2861 1051 2925 uocatum
1104 2865 1169 2924 et
1205 2858 1593 2944 Neneewyz,
1624 2864 1962 2946 prenotato
1995 2857 2165 2923 dicto
2197 2856 2461 2943 Symoni
2492 2877 2730 2944 genero
2761 2860 2992 2946 ipsius,

756 2971 821 3033 et
867 2965 998 3032 filie
1046 2986 1162 3034 sue
1211 2986 1336 3051 que
1386 2973 1650 3035 uocatur
1699 2966 1960 3034 domina
2008 2965 2260 3051 Kachy,
2300 2974 2364 3032 et
2392 2986 2508 3051 per
2541 2965 2752 3053 ipsam
2780 2966 2985 3034 filiam

756 3072 1092 3161 nepotibus
1153 3076 1288 3142 suis
1342 3075 1409 3142 in
1457 3075 1620 3143 filios
1670 3075 1944 3143 filiorum
1995 3074 2133 3142 iure
2163 3081 2470 3162 perpetuo
2501 3074 2982 3165 possidendam,

756 3181 1097 3250 tenendam
1128 3188 1194 3249 et
1222 3181 1609 3270 habendam,
1662 3191 1726 3251 et
1755 3205 1870 3271 per
1902 3187 2127 3252 cuncta
2156 3190 2444 3270 tempora
2477 3183 2981 3252 irreuocabiliter

755 3290 1173 3380 optinendam
1206 3293 1393 3359 certis
1413 3293 1603 3361 metis
1624 3300 1689 3361 et
1708 3294 1989 3379 antiquis
2009 3294 2244 3380 ubique
2265 3294 2648 3362 distinctam.
2669 3295 2755 3363 Vt
2771 3303 2987 3363 autem

757 3400 880 3470 hec
909 3400 1176 3469 donacio
1208 3407 1272 3467 et
1301 3402 1667 3485 assignacio
1696 3410 2002 3490 perpetue
2032 3404 2348 3471 firmitatis
2378 3405 2566 3472 robor
2597 3405 2906 3493 optineat,
2927 3413 2992 3473 et

757 3531 838 3578 ne
868 3531 1169 3599 processu
1201 3516 1549 3598 temporum
1580 3530 1694 3598 per
1726 3512 2092 3598 quempiam
2123 3512 2190 3579 in
2221 3513 2466 3581 irritum
2483 3520 2882 3599 retractetur,
2904 3510 2993 3583 ad

755 3608 1110 3687 instantem
1139 3619 1520 3705 peticionem
1553 3621 1883 3706 utriusque
1902 3622 2103 3707 partis
2120 3628 2450 3709 presentes
2468 3623 2716 3692 litteras
2747 3622 2992 3691 eisdem

757 3728 1187 3796 concessimus
1241 3729 1441 3797 nostri
1488 3729 1687 3814 sigilli
1738 3729 2087 3799 munimine
2153 3731 2504 3801 roboratas.
2543 3732 2780 3800 Datum
2819 3750 2991 3800 anno

755 3835 1015 3904 Domini
1045 3837 1135 3904 M⁰
1165 3834 1293 3903 00⁰
1325 3840 1765 3925 octuagesimo
1797 3839 2020 3927 primo.
2146 3898 2149 3901 .

819 4053 886 4123 (Δ
909 4059 1111 4125 nepesi
1135 4050 1513 4125 khptslannak
1536 4056 1754 4116 lasa-ki
1773 4049 2090 4126 attii-stabo&
2117 4073 2152 4113 a
2175 4052 2343 4113 budai
2369 4057 2473 4117 kIr.
2499 4058 2738 4115 kamarai
2762 4059 2929 4115 level-

1757 4146 1990 4218 tar-ban.)

1669 4448 2093 4462 —-
