3319 5249
1346 332 1473 397 33?

291 529 416 596 neis
445 528 732 598 Ecclesie
776 527 1258 614 Antibarensis;
1313 536 1375 594 et
1427 526 1760 594 carissimo
1815 527 1884 594 in
1935 527 2190 596 Christo
2224 527 2353 596 filio
2402 580 2418 596 .
2449 579 2466 596 .
2500 576 2514 592 .

290 639 439 722 Regi
468 638 708 707 Set-bie.

292 834 529 899 <Theium-
554 820 655 902 Ᾰς.
682 839 877 891 Vetera
903 839 1250 890 Monumenta
1275 835 1557 889 Slavorum
1582 838 2013 891 Meridionalium
2060 837 2357 890 Historiam
2398 836 2519 888 illu·

1077 934 1304 981 strantia
1330 930 1372 980 1.
1405 929 1514 979 kot.
1544 929 1630 978 98.
1659 927 1722 996 1.)

1331 1611 1483 1680 240.

285 1790 375 1857 ΑΖ
406 1794 774 1881 eszterqami
804 1795 1115 1883 kdptalan
1145 1795 1246 1859 ket
1275 1794 1647 1882 yyarmathi
1679 1793 2144 1880 jobbdqya‘nak
2193 1793 2522 1879 enqeddlyt

281 1901 383 1977 dd,
415 1903 582 1987 leoqy
614 1901 807 1966 Patas
837 1903 1077 1986 helys69
1107 1904 1327 1969 mellett
1359 1926 1400 1966 a
1448 1901 1677 1968 Garcm
1708 1905 1880 1988 dqa'n
1912 1901 2245 1966 malmokat
2266 1903 2520 1986 &pithes-

1194 2012 1367 2077 senek
1422 2012 1613 2078 1282.

489 2190 825 2258 Universis
887 2198 1213 2276 presentes
1271 2190 1517 2257 litteras
1570 2188 1954 2277 inspecturis
2015 2189 2326 2272 Magister
2391 2186 2520 2252 An-

284 2295 473 2364 dreas
522 2297 895 2383 Prepositus
921 2306 984 2364 et
1024 2297 1391 2383 Capitulum
1433 2298 1717 2365 Ecclesie
1754 2297 2220 2383 Strigoniensis
2252 2299 2523 2364 salutem

283 2406 341 2469 in
389 2406 710 2489 largitore
758 2406 1010 2473 salutis.
1060 2407 1163 2472 Ad
1214 2407 1654 2474 vniuersitatis
1704 2413 1914 2474 vestre
1962 2407 2266 2473 noticiam
2304 2415 2525 2472 tenore

279 2514 688 2598 presencium
720 2514 1012 2582 volumus
1067 2515 1442 2600 peruenire:
1493 2512 1666 2597 quod
1709 2514 2101 2581 Guntherius
2133 2521 2199 2579 et
2243 2514 2525 2601 Blasius,

281 2622 661 2707 iobagiones
708 2624 912 2690 nostri
966 2623 1047 2690 de
1079 2622 1240 2690 villa
1289 2621 1617 2709 Gormoth,
1671 2620 1756 2688 ad
1809 2629 2086 2688 nostram
2126 2621 2525 2707 presenciam

279 2728 668 2799 accedentes
729 2732 914 2798 nobis
959 2731 1282 2798 humiliter
1328 2731 1789 2818 supplicarunt,
1841 2739 1909 2798 ut
1968 2753 2077 2799 eos
2128 2733 2524 2817 permittere·

279 2859 418 2906 mus
467 2859 665 2925 super
715 2840 1031 2925 particula
1076 2860 1276 2925 aque,
1326 2861 1449 2923 que
1500 2841 1580 2907 de
1630 2840 1887 2907 flumine
1941 2840 2526 2907 Goron⁸deriuatur

280 2956 447 3016 retro
499 2947 726 3017 villam
795 2955 1080 3016 nostram
1144 2949 1341 3015 Patas
1390 2957 1686 3017 vocatam
1707 3000 1726 3035 ,
1790 2949 2003 3017 facere
2064 2946 2519 3015 molendinum.

283 3055 411 3122 Nos
462 3055 663 3139 igitur
711 3075 929 3123 eorum
969 3056 1271 3142 peticioni
1311 3062 1376 3123 et
1425 3057 1889 3143 supplicacioni
1938 3055 2525 3124 condescendentes

281 3163 595 3250 benigne,
643 3172 828 3249 prout
882 3185 925 3229 a
973 3164 1155 3231 nobis
1203 3165 1543 3251 petebant,
1612 3166 1708 3232 eis
1758 3164 2168 3241 construendi
2220 3162 2520 3230 molendi·

279 3291 441 3358 unm,
490 3291 608 3339 seu
643 3272 851 3341 eciam
898 3270 1270 3339 molendina
1318 3272 1612 3340 dedimus
1656 3273 2014 3360 licenciam,
2055 3273 2123 3337 in
2155 3272 2297 3341 loco
2334 3292 2524 3357 supe·

281 3380 409 3447 rius
442 3385 794 3463 annotato;
828 3398 908 3446 ea
937 3378 1311 3449 condicione
1340 3380 1796 3451 nichilominus
1830 3404 1944 3468 per
1984 3382 2159 3468 ipsos
2210 3388 2275 3447 et
2303 3402 2519 3449 eorum

283 3486 548 3555 heredes
580 3506 658 3554 ac
691 3495 960 3573 nepotes
1016 3490 1476 3575 perpetualiter
1523 3491 1952 3575 obseruanda,
2002 3488 2171 3575 quod
2206 3499 2337 3556 tam
2371 3490 2518 3574 ipsi,

282 3616 469 3679 quam
490 3616 709 3664 eorum
733 3596 1139 3683 posteritates
1169 3598 1236 3663 in
1266 3599 1521 3683 signum
1542 3599 1829 3685 dominii,
1852 3622 1934 3668 ex
1953 3605 2138 3684 parte
2180 3599 2526 3667 cuiuslibet

281 3706 651 3792 molendini,
686 3706 791 3774 uel
822 3705 1072 3790 parium
1104 3705 1338 3792 lapidis
1370 3709 1652 3795 molaris,
1684 3708 1970 3793 singulos
2002 3708 2283 3776 fertones
2327 3709 2524 3776 dena-

282 3813 512 3881 riorum
565 3815 892 3881 vsualinm
942 3815 1111 3882 circa
1157 3813 1391 3884 festum
1440 3817 1663 3883 Sancti
1695 3818 2033 3885 Michaelis
2066 3820 2135 3887 in
2165 3824 2520 3901 autumpno

283 3922 460 3990 nobis
513 3929 581 3990 et
629 3924 862 3991 nostris
911 3927 1384 3994 successoribus
1434 3926 1768 3994 annuatim
1820 3935 1885 3994 et
1933 3934 2243 4012 perpetuo
2274 3928 2525 3992 soluere

283 4032 682 4099 tenebuntur.
713 4034 794 4098 Et
824 4033 980 4115 quia
1010 4055 1126 4121 per
1157 4035 1481 4103 Simonem
1512 4037 1595 4102 de
1628 4036 1853 4102 eadem
1886 4036 2088 4103 Patas
2141 4035 2237 4101 eis
2290 4034 2357 4100 in
2407 4032 2531 4100 hac

287 4148 464 4224 parte
523 4142 738 4207 fuerat
796 4144 1306 4231 contradictum3
1354 4145 1440 4212 ad
1499 4144 1965 4231 inspiciendum
2022 4145 2260 4210 (lictum
2313 4144 2524 4209 locum

289 4249 654 4337 molendini,
683 4252 738 4318 si
771 4251 1003 4321 exinde
1033 4253 1401 4321 molendino
1430 4254 1634 4340 ipsius
1684 4254 1967 4321 Simonis
1996 4253 2209 4339 possit
2246 4250 2525 4337 preiudi-

293 4358 455 4425 cium
491 4362 786 4443 generari
819 4383 934 4429 nec
964 4382 1064 4447 ne,
1113 4362 1458 4431 discretum
1506 4365 1713 4431 virum
1764 4364 2139 4450 Magistrum
2173 4361 2527 4428 Serafinum

297 4464 616 4535 Decanum
640 4475 702 4535 et
723 4468 1135 4546 karissimum
1158 4473 1663 4541 concanonicum
1682 4479 1969 4541 nostrum
2008 4471 2307 4537 duximus
2331 4468 2527 4535 desti-

299 4575 608 4643 nandum:
642 4577 751 4660 qui
781 4577 940 4645 illuc
969 4599 1112 4644 cum
1146 4580 1369 4665 peritis
1399 4580 1893 4666 molendinariJs
1926 4587 1988 4646 et
2020 4578 2532 4647 molendinorum

301 4685 615 4768 magistris
647 4686 986 4772 accedens,
1038 4688 1383 4772 diligenter
1432 4690 1767 4776 perspexit
1799 4697 1863 4755 et
1896 4690 1954 4756 ei
1986 4689 2113 4755 fide
2147 4690 2357 4775 patuit
2390 4706 2532 4753 ocu·

383 4821 700 4859 nosnatura
733 4824 892 4861 nnuc.
926 4824 1065 4862 mser.
1104 4834 1180 4844 —
1219 4827 1359 4861 mn.
1397 4821 1469 4865 ¹7.
2129 4806 2211 4867 22
