3319 5249
1844 338 1974 403 222

1828 1004 1981 1073 158.

778 1202 841 1266 A
890 1203 1094 1269 ,Τάτιος
1143 1225 1336 1269 eomes
1385 1204 1766 1290 Isipnekfia
1817 1207 1879 1271 έε
1934 1203 2142 1270 Ochuz
2179 1228 2375 1270 comes
2423 1206 2560 1270 kb'zt
2616 1203 2885 1271 Chuana
2911 1204 3036 1272 bir-

780 1310 960 1374 tokra
991 1311 1341 1376 vonatkozd
1371 1310 1942 1397 eqyenetlemdqben
1991 1314 2200 1397 eljdrd
2251 1314 2582 1378 va'lasztott
2632 1309 2818 1378 biv-ak
2832 1310 3037 1397 jelen·

1316 1423 1430 1484 te'se
1461 1420 1643 1484 Peter
1674 1419 2016 1525 Mdorhoz.
2070 1422 2264 1488 1278.
2296 1420 2504 1486 hored.

994 1616 1147 1683 Viro
1198 1614 1404 1683 nobili
1455 1621 1522 1682 et
1575 1616 1845 1709 honesto
1894 1616 2088 1684 Petro
2137 1615 2439 1684 Palatino
2489 1614 2721 1682 Comiti
2751 1614 3031 1700 Symigi-

780 1724 919 1792 ensi
970 1732 1031 1792 et
1080 1723 1298 1791 Judici
1361 1721 1793 1790 Cumanorum
1849 1723 2079 1792 Comes
2134 1722 2489 1808 Gregorius
2554 1723 2726 1791 filius
2778 1723 3026 1807 Ibarus‚

778 1835 1007 1901 Comes
1058 1832 1325 1898 Cosmas
1378 1834 1460 1898 de
1510 1832 1780 1899 Koasna
1799 1883 1816 1916 ,
1870 1839 1936 1898 et
1984 1833 2162 1916 Vgra
2214 1832 2384 1898 filius
2430 1832 2646 1916 Ipoliti
2679 1852 2797 1916 pro
2829 1829 3028 1898 fratrc

776 1962 893 2008 suo
949 1937 1287 2023 Nycholao
1337 1936 1836 2005 inclinacionem
1890 1957 2035 2004 eum
2097 1939 2488 2007 reuerencia.
2552 1940 2659 2005 Ad
2720 1937 3025 2006 noticiam

779 2055 1061 2115 uestram
1093 2053 1313 2112 tenore
1343 2044 1751 2130 presencium
1791 2044 2141 2111 deferimus
2163 2096 2182 2129 ‚
2233 2047 2406 2132 quod
2456 2066 2599 2113 cum
2642 2046 2806 2114 feria
2836 2054 3029 2113 sexta

775 2156 1070 2244 proxima
1117 2158 1262 2239 post
1310 2154 1544 2220 festum
1596 2151 1792 2237 medij
1818 2151 2275 2238 kadragesime
2313 2173 2530 2221 coram
2563 2153 2751 2222 nobis
2784 2153 3023 2237 Segus-

776 2263 916 2329 dini
965 2282 1079 2348 per
1127 2259 1378 2328 litteras
1429 2270 1493 2327 et
1544 2280 1657 2344 per
1708 2260 2095 2346 peticionem
2130 2261 2429 2348 Dyonisij
2468 2261 2800 2345 quondam
2832 2261 3024 2327 Pala·

776 2373 895 2438 tini
948 2372 1086 2437 iure
1133 2389 1406 2454 persone
1456 2368 1745 2435 eiusdem
1807 2390 1923 2454 pro
1973 2369 2467 2438 arbitratoribus
2505 2369 2674 2436 inter
2714 2367 3026 2434 Comitem

773 2479 1133 2547 Johanuem
1186 2476 1386 2542 filium
1440 2476 1621 2561 Isep,
1674 2483 1956 2571 actorem
1988 2476 2311 2562 uidelicet,
2361 2484 2428 2543 et
2458 2473 2770 2544 Comitem
2806 2474 3026 2541 chuz

775 2609 857 2655 ex
918 2585 1122 2654 altera
1153 2583 1518 2671 deputatis,
1585 2583 1755 2651 idem
1813 2585 2043 2653 Comes
2095 2584 2431 2654 Johannes
2482 2585 2738 2653 litteras
2770 2583 3027 2652 domiue

774 2694 1023 2778 Regine
1054 2691 1328 2760 senioris
1392 2699 1457 2759 et
1507 2692 1764 2760 litteras
1817 2694 2058 2760 domini
2110 2695 2308 2778 Regis
2357 2693 2687 2778 Ladislai‚
2743 2713 2866 2760 uec
2896 2712 3024 2758 non

772 2804 910 2871 alia
942 2805 1387 2884 instrumenta,
1425 2799 1478 2866 si
1513 2820 1641 2883 qua
1674 2800 1889 2886 babet,
1934 2809 2157 2868 contra
2178 2802 2450 2869 eundem
2473 2803 2784 2870 Comitem
2810 2798 3026 2866 Ochuz

774 2912 1076 2980 exhibere
1110 2929 1190 2976 ex
1222 2908 1496 2975 arbitrio
1546 2907 1701 2975 dicti
1754 2908 2053 2995 Dyonisij
2094 2910 2377 2977 Palatini
2413 2909 2775 2995 debuisset,
2829 2928 3027 2993 super

773 3041 848 3088 eo
882 3016 1225 3100 uidelicet,
1270 3024 1341 3082 ut
1389 3024 1626 3083 terram
1678 3016 1950 3084 Cbuana
2003 3023 2298 3085 uocatam
2348 3019 2490 3104 ipse
2542 3018 2770 3085 Comes
2807 3015 3026 3083 chuz

772 3127 1064 3194 detinere
1097 3147 1225 3192 non
1257 3124 1527 3209 debeat3
1577 3124 1866 3210 predicto
1902 3125 2150 3196 Comite
2180 3126 2481 3194 Johanne
2514 3126 2768 3192 litteras
2801 3133 3020 3210 paten-

770 3243 871 3302 tes
922 3229 1298 3320 St(ephani)
1350 3233 1547 3317 Regis
1610 3232 1717 3317 pie
1782 3233 2121 3316 memorie,
2190 3241 2256 3301 et
2315 3232 2726 3319 priuilegium
2777 3231 3023 3300 domiui

770 3342 1063 3409 Ladislai
1091 3340 1329 3425 Regis,
1378 3360 1497 3407 nec
1546 3361 1673 3407 nou
1721 3340 2134 3426 priuilegium
2173 3339 2438 3408 domine
2470 3341 2714 3424 Regius
2746 3340 3024 3410 senioris

772 3452 837 3518 in
869 3447 1263 3536 supradictis
1329 3451 1473 3517 loco
1524 3458 1588 3518 et
1637 3469 1809 3516 anuo
1872 3470 2089 3516 eoram
2141 3451 2328 3517 nobis
2390 3470 2586 3535 super
2639 3451 2816 3517 dicta
2849 3457 3025 3516 terra

770 3556 1039 3626 Chuana
1090 3556 1476 3644 exhibente,
1547 3556 1836 3644 prefatus
1888 3556 2120 3625 Comes
2155 3556 2373 3625 Ochuz
2413 3578 2539 3624 non
2573 3557 3022 3644 personaliter,

768 3686 885 3733 nec
949 3685 1065 3750 per
1125 3663 1449 3731 homiuem
1502 3664 1587 3730 ad
1639 3664 1978 3731 arbitrium
2029 3671 2320 3733 nostrum
2380 3664 2586 3731 uoluit
2649 3684 3019 3749 conparere.

768 3775 931 3841 Item
967 3792 1087 3839 nos
1120 3770 1374 3839 nobiles
1408 3769 1787 3857 supradicti,
1823 3779 1887 3839 et
1906 3772 2122 3839 Endre
2145 3772 2320 3839 filius
2340 3774 2677 3840 Mortunus
2696 3791 2812 3858 pro
2834 3781 3025 3859 parte

770 3880 1039 3949 Comitis
1070 3881 1392 3948 ,Iohannis
1413 3931 1430 3964 ‚
1477 3888 1542 3947 et
1594 3879 1946 3947 Foreasius
1987 3878 2157 3948 filius
2189 3881 2499 3948 Decimus
2530 3899 2650 3966 pro
2683 3888 2869 3965 parte
2902 3880 3023 3948 Co-

764 3989 941 4057 mitis
994 3987 1211 4055 Ochuz
1261 3986 1727 4071 inquisiciones
1778 4007 1973 4073 super
2022 3986 2483 4070 destruccioue,
2543 4006 2738 4070 quam
2793 3986 3023 4057 Comes

766 4098 1094 4165 Johanues
1156 4117 1351 4183 super
1410 4102 1586 4164 terra
1636 4116 1754 4163 sua
1803 4097 1938 4164 Eur
1971 4103 2207 4163 uocata
2266 4114 2383 4181 per
2436 4094 2748 4162 Comitem
2798 4092 3020 4162 Ochuz

769 4206 1033 4273 dicebat
1067 4224 1209 4273 esse
1244 4204 1510 4290 factam,
1556 4203 1794 4272 noticie
1826 4212 2044 4272 uestre
2078 4205 2144 4271 in
2177 4205 2301 4273 fide
2332 4204 2477 4273 Deo
2512 4204 2737 4271 debita
2767 4202 3021 4270 intima·

766 4332 948 4380 mus:
998 4311 1170 4395 quod
1219 4312 1531 4395 inquisita
1581 4311 1951 4379 omnimoda
1999 4312 2270 4379 ueritate
2320 4310 2622 4380 sciuimus
2671 4333 2789 4399 pro
2822 4320 3022 4398 certo,

765 4419 941 4503 quod
972 4419 1184 4487 dictus
1237 4421 1465 4488 Comes
1498 4420 1989 4489 Ochuz'terram
2021 4420 2257 4507 prefati
2288 4418 2559 4489 Comitis
2589 4420 2926 4504 Johannis,
2959 4430 3024 4488 et

765 4528 1037 4614 populos
1069 4527 1209 4597 eius
1243 4529 1310 4597 in
1342 4529 1569 4598 eadem
1602 4535 1779 4599 terra
1810 4530 1940 4597 Eur
1971 4529 2333 4598 residentes
2364 4528 2707 4615 destruxit,
2745 4534 2811 4595 et
2832 4527 3024 4595 rebus

766 4634 1061 4706 omuibus
1114 4637 1443 4722 spoliauit.
1523 4639 1713 4708 Vnde
1762 4640 1915 4706 licet
1962 4659 2076 4724 per
2127 4637 2381 4724 pridem
2432 4637 2819 4724 Dyouisium
2871 4641 3024 4702 tuuc
