3319 5249
1441 322 1528 389 95

357 536 502 582 enm
552 521 617 581 et
666 516 931 582 nomina
980 533 1313 582 seruorum
1377 516 1815 601 predictorum
1871 516 1939 582 in
1993 513 2228 581 litteris
2277 515 2618 600 Agriensis

358 620 646 708 Capituli
680 624 1140 692 exhiberentur
1186 630 1412 692 nostro
1443 623 1796 710 priuilegio
1825 623 2217 711 inserenda;
2263 643 2411 692 ecoe
2445 624 2620 691 idem

355 730 712 798 Ladizlaus
759 731 1018 799 litteras
1068 731 1227 798 dieti
1259 732 1541 818 Capituli
1580 731 1951 817 Agriensis,
2003 730 2268 799 nomina
2300 731 2618 799 dictorum

354 859 692 906 seruorum
741 847 876 906 tam
905 839 1282 906 nominatim
1333 839 1634 926 superius
1688 858 2163 926 expressorum,
2222 859 2420 923 quam
2453 841 2618 908 alio-

357 968 497 1013 rum
530 948 617 1014 ad
649 950 863 1035 ipsum
892 948 1141 1015 Ponieh
1171 950 1425 1015 Banum
1463 944 1916 1015 deuolutorum
1948 948 2377 1033 continentes,
2411 947 2617 1031 Regie

353 1056 693 1122 Maiestati
742 1055 1194 1138 destinatatas,
1240 1056 1362 1123 snb
1413 1054 1627 1142 eapite
1659 1057 1864 1141 sigilli
1916 1054 2157 1123 domini
2197 1056 2395 1139 Regis
2429 1056 2617 1123 nobis

354 1163 660 1230 exhibuit
692 1164 759 1229 in
789 1165 907 1230 heo
937 1166 1145 1232 uerba
1178 1190 1193 1231 ε

570 1271 1140 1340 Excellentissimo
1193 1272 1459 1340 domino
1508 1293 1625 1340 suo
1676 1272 1991 1341 Ladizlao
2046 1274 2169 1339 stb.
2242 1272 2616 1360 Capitulum

355 1377 659 1445 Ecclesie
689 1380 1032 1464 Agriensis
1084 1382 1207 1448 stb.
1262 1381 1689 1468 (kovetkezik
1729 1401 1808 1448 az
1842 1381 1983 1465 egri
2014 1379 2474 1466 kaptalannak
2515 1381 2618 1467 je-

355 1488 634 1574 lentese,
665 1486 831 1553 mint
860 1486 1123 1554 fentebb
1156 1491 1260 1555 28.
1291 1508 1384 1555 sz.
1417 1486 1509 1576 a.)

573 1597 714 1661 Nos
761 1595 958 1679 igitur
1005 1595 1242 1663 litteris
1273 1598 1475 1680 Regie
1510 1595 1929 1663 Celsitudinis
1979 1595 2225 1662 honore
2266 1594 2481 1662 debito
2513 1614 2617 1660 re-

352 1706 583 1790 ceptis,
630 1703 956 1770 mediante
1008 1706 1289 1792 insticia,
1336 1712 1527 1792 prout
1576 1705 1842 1789 singula
1891 1705 2349 1790 premissorum
2400 1723 2619 1768 eoram

352 1815 544 1880 nobis
608 1834 725 1900 per
773 1819 987 1899 partes
1050 1812 1355 1900 primitus
1406 1813 1668 1879 fuerant
1726 1813 2006 1879 recitata
2068 1819 2134 1879 et
2184 1811 2506 1892 ordinata,
2556 1818 2623 1876 et

354 1922 600 1987 litteris
651 1921 893 1990 nostris
945 1922 1609 2008 composicionalibus
1658 1921 1924 2000 inserta,
1983 1927 2050 1986 et
2100 1919 2304 1985 eciam
2359 1919 2623 1984 nomina

357 2030 681 2097 dictorum
715 2050 1067 2116 seruorum,
1120 2029 1663 2114 quemadmodum
1703 2029 1920 2096 littere
1959 2027 2303 2111 Agriensis
2338 2023 2622 2112 Capituli

357 2137 784 2222 presentibus
816 2139 899 2205 de
931 2138 1127 2205 uerbo
1159 2139 1248 2205 ad
1278 2140 1547 2205 uerbum
1598 2137 1837 2204 inserte
1868 2134 2308 2218 continebant,
2359 2152 2622 2219 presen-

359 2257 461 2313 tes
510 2247 580 2312 in
612 2245 1049 2313 testimonium
1100 2246 1606 2332 praemissorum
1662 2244 1960 2310 dedimus
2007 2242 2264 2308 litteras
2311 2241 2439 2326 ipsi
2495 2240 2623 2305 La-

360 2356 586 2422 dizlao
615 2362 834 2421 nostro
867 2353 1084 2436 sigillo
1117 2352 1562 2434 communitas,
1610 2372 1785 2417 anno
1816 2349 2081 2417 Domini
2112 2349 2332 2416 M⁰CC⁰
2362 2354 2617 2433 septua-

362 2464 618 2549 gesimo
669 2469 921 2546 quarto,
976 2460 1176 2528 tercio
1225 2481 1431 2528 nonas
1480 2461 1717 2545 Martij.
1765 2459 2076 2542 Magistro
2126 2454 2461 2523 Demetrio
2504 2454 2624 2520 Ee-

362 2573 525 2640 lesie
577 2579 800 2638 nostre
847 2569 1185 2656 Preposito
1210 2620 1227 2655 ,
1293 2569 1493 2654 Myke
1542 2569 1865 2653 Cantore,
1933 2564 2265 2634 Felioiano
2318 2562 2623 2649 Custode,

360 2681 763 2748 Sebastiano
798 2681 1062 2745 Deeano
1094 2675 1545 2745 existentibus.

361 2864 640 2927 (Eredetie
685 2856 1020 2931 b6rh³trtyan
1044 2898 1058 2922 ,
1097 2857 1325 2925 melyriil
1353 2873 1388 2909 a
1429 2855 1614 2925 peccet
1652 2854 2135 2908 votos-violaszinii
2173 2850 2625 2919 selyemzsinoron
2666 2846 2675 2852 ’

634 2952 807 3016 fiigg;
846 2966 881 3001 a
916 2948 1120 3003 fssmelt.
1155 2949 1391 3013 herezeg
1417 2943 1714 3011 Batthfinyi
1742 2942 1922 2997 csalad
1951 2939 2368 3009 leveltdraban.)
