3319 5249
1995 350 2077 412 12

901 545 1042 613 rino
1095 543 1345 613 Comite
1395 544 1477 612 de
1528 544 1820 613 Wolkou
1843 593 1862 629 ‚
1935 544 2274 628 Reynoldo
2359 543 2676 626 Magistro
2724 540 3199 627 Dapiferorum

894 653 1151 719 Comitc
1182 651 1263 719 de
1295 652 1605 739 Zobolch,
1658 651 2019 719 Laureneio
2061 652 2373 735 Magistro
2415 650 2885 716 Pinccrnarum
2918 651 3192 716 Comite

903 760 987 827 de
1019 762 1209 828 Keue
1259 769 1326 829 et
1358 762 1440 828 de
1473 763 1766 843 Karasu,
1804 760 2152 827 Salomone
2186 760 2434 825 Comite
2465 756 2773 842 Albensi,
2841 758 3178 826 Michaele

904 868 1156 937 Comite
1204 868 1557 951 Nitriensi‚
1623 869 1878 935 Jacobo
1930 868 2179 941 Comite
2229 864 2596 948 Jauriensi,
2659 874 2725 932 et
2772 865 2923 952 alijs
2969 886 3183 949 quam

902 977 1199 1064 pluribus
1235 980 1598 1047 Comitatus
1631 977 1843 1061 Regni
1885 977 2259 1043 tenentibus
2292 984 2356 1042 ct
2389 973 2678 1042 honores

902 1160 1174 1221 (Eredetic
1218 1157 1530 1225 bein-hama,
1577 1157 1994 1226 asama-votos
2041 1156 2500 1225 selyemzsinoron
2547 1158 2766 1223 ffiggott
2811 1154 2995 1223 peeset
3022 1157 3173 1206 elve-

1407 1254 1571 1312 szett,
1613 1265 1647 1301 a
1674 1250 1837 1301 budai
1866 1251 1969 1301 kir.
1998 1250 2246 1301 kamarai
2275 1245 2656 1313 levelutrban.)

1822 1516 2243 1547 *Ὗ-

2007 1860 2069 1925 9.

900 2063 944 2125 I
948 2060 1014 2124 V.
1049 2060 1285 2126 La'szld
1316 2060 1664 2145 hircilynak
1688 2059 1917 2145 Scynte
1950 2059 2249 2145 helyscqct
2276 2058 2582 2142 ta'rqyazo'
2611 2056 2970 2142 adoma'nya
2993 2054 3186 2121 Cha‘k

1286 2167 1739 2252 nemzctsc'qbdi
1769 2170 1954 2233 Pc'ter
1995 2178 2205 2232 mester
2235 2171 2550 2231 szdma'ra.
2604 2167 2797 2231 1273.

1110 2361 1462 2429 Ladizlaus
1521 2362 1642 2429 Dei
1711 2365 1942 2447 gracia
2005 2363 2378 2447 Hungarie,
2446 2362 2803 2448 Dalmacie,
2871 2362 3173 2446 Croaeie‚

897 2474 1117 2555 Rame,
1147 2468 1395 2553 Seruie,
1430 2470 1732 2556 Gallicie,
1762 2470 2167 2558 Lodomerie,
2214 2469 2519 2537 Cumanic
2552 2471 2988 2554 Bulgaricque
3023 2469 3178 2535 ch

903 2578 1199 2646 omnibus
1249 2597 1520 2665 presens
1571 2579 1881 2666 seriptum
1916 2578 2305 2668 inspecturis
2357 2584 2490 2649 tam
2525 2576 2930 2665 presentibus
2964 2596 3176 2660 quam

900 2687 1136 2755 futuris
1169 2686 1450 2754 salutem
1504 2685 1571 2753 in
1605 2688 1840 2755 salutis
1876 2688 2204 2774 largitore.
2270 2687 2473 2771 Regie
2514 2686 2935 2770 benignitatis
2966 2685 3184 2751 subli-

903 2794 1097 2863 mitas
1131 2801 1306 2863 recto
1340 2813 1631 2880 pensans
1664 2796 2011 2863 libramine
2052 2796 2285 2864 merita
2315 2796 2732 2881 singulorum,
2782 2801 2848 2863 ct
2880 2794 3177 2861 maxime

896 2904 1180 2992 illorum,
1215 2923 1376 2988 quos
1409 2903 1577 2971 sicut
1610 2905 1907 2987 generosi
1942 2906 2280 2989 sanguinis
2314 2905 2451 2970 alta
2482 2903 2791 2970 nobilitas
2824 2909 2889 2970 et
2909 2920 3171 2968 morum

898 3013 1130 3079 innata
1180 3010 1518 3097 probitas,
1571 3011 1665 3078 sic
1716 3019 1779 3078 et
1831 3014 2192 3099 approbate
2244 3012 2578 3080 fidelitatis
2633 3010 3023 3093 constancia,
3081 3029 3171 3077 ac

895 3125 1306 3188 strenuorum
1340 3125 1600 3185 actuum
1650 3121 2069 3205 experiencia
2120 3120 2409 3187 efficiunt
2462 3117 2808 3204 digniores,
2864 3117 3012 3184 dum
3048 3137 3171 3186 eos

896 3226 1095 3311 digne
1127 3226 1583 3294 retribucionis
1616 3228 1926 3296 beneficio
1960 3228 2299 3316 refocillat,
2355 3226 2508 3296 dum
2543 3228 2636 3293 eis
2670 3227 2948 3312 largitur
2980 3226 3168 3311 quod

904 3340 1248 3419 merentur,
1268 3334 1612 3402 multorum
1648 3345 1896 3404 mentes
1934 3336 2020 3403 ad
2053 3337 2393 3403 fidelitatis
2425 3336 2644 3403 florem
2681 3335 2946 3421 excitat,
2978 3340 3045 3399 et
3075 3335 3174 3402 ad

895 3442 1061 3508 bene
1109 3440 1402 3508 merendi
1455 3442 1677 3509 studia
1746 3442 2025 3510 fideliter
2094 3445 2599 3528 obsequentibus
2669 3445 2896 3529 prebet
2945 3462 3167 3509 exem-

897 3550 1114 3633 plum,
1167 3554 1232 3617 et
1283 3557 1530 3635 prestat
1580 3570 1922 3637 operosam
1996 3552 2296 3619 fiduciam
2350 3553 2698 3621 seruiendi.
2768 3552 2908 3620 Hoc
2959 3550 3172 3636 igitur

891 3663 1243 3743 pensantes
1283 3677 1363 3724 ex
1395 3657 1635 3743 animo,
1689 3657 1809 3725 hoc
1840 3659 2073 3743 Regali
2107 3659 2552 3727 moderamine
2602 3660 2669 3726 in
2702 3660 2915 3727 cordis
2949 3662 3162 3727 nostri

894 3764 1305 3832 reuoluentes
1360 3766 1732 3851 armariolo,
1785 3767 2023 3834 noticie
2070 3773 2446 3836 cunctorum
2499 3767 2928 3853 declaramus,
2981 3771 3168 3853 quod

891 3892 1035 3939 eum
1086 3872 1323 3940 nobilis
1371 3875 1473 3941 vir
1523 3881 1586 3940 et
1635 3874 1946 3942 honestus
1997 3874 2306 3959 Magister
2357 3878 2586 3944 Petrus
2637 3876 2806 3943 filius
2858 3874 3169 3960 Magistri

892 3981 1139 4047 Mathei
1172 3980 1255 4050 de
1285 4001 1523 4067 genere
1557 3980 1744 4049 Chak
1781 4005 1824 4050 a
1858 3984 2060 4069 primo
2116 3985 2467 4053 iuuentutis
2520 4006 2636 4053 sue
2666 3983 2995 4073 principio
3025 4004 3165 4053 auo

890 4094 1110 4154 nostro
1146 4093 1211 4154 et
1241 4089 1413 4174 patri
1448 4097 1673 4157 nostro
1706 4092 2258 4160 victoriosissimis
2290 4095 2703 4178 Vngarorum
2737 4093 3042 4178 Regibus,
3077 4113 3167 4159 ac

892 4193 1084 4262 nobis
1134 4195 1390 4263 demum
1442 4217 1523 4264 ex
1578 4199 1948 4284 conspicuis
2005 4201 2262 4268 actibus
2317 4201 2653 4269 meruisset
2703 4200 3168 4285 multipliciter

891 4302 1322 4387 complacere,
1378 4303 1656 4372 diuersis
1690 4307 1945 4375 clarens
1996 4307 2368 4375 meritorum
2417 4309 2788 4397 virtutibus,
2841 4330 2966 4393 que
3014 4309 3164 4376 lon·

890 4430 1044 4495 gum
1081 4419 1255 4479 esset
1307 4420 1571 4498 propter
1622 4417 1723 4482 sui
1776 4415 2322 4500 multiplicitatem
2371 4436 2487 4484 suo
2521 4417 2712 4485 modo
2740 4439 2857 4504 per
2885 4417 3167 4501 singula

892 4536 1236 4606 enarrarc;
1290 4520 1515 4605 aliqua
1567 4530 1786 4590 tamen
1837 4522 1919 4592 de
1949 4523 2182 4608 gestiis
2212 4525 2373 4608 eius,
2425 4545 2693 4607 quorum
2745 4527 3023 4610 quedam
3060 4529 3164 4594 vi-

895 4624 1132 4715 dimus,
1167 4627 1446 4715 quedam
1479 4650 1634 4700 vero
1669 4653 1711 4699 a
1743 4637 1930 4719 patre
1959 4639 2181 4700 nostro
2232 4639 2298 4700 et
2326 4632 2539 4718 Regni
2571 4633 2936 4703 Batonibus
2969 4651 3164 4701 uera-
