3319 5249
1827 428 1958 494 276

1809 1093 1959 1163 194.

764 1294 883 1361 IV.
932 1294 1163 1363 Ldszzd
1211 1295 1560 1382 kirdlynak
1609 1294 1723 1361 Osz
1743 1344 1764 1375 ,
1827 1292 2110 1360 Scechun
2159 1297 2222 1360 6⁸
2271 1294 2587 1361 Kechenek
2637 1297 3013 1383 helysdqeket

765 1407 1075 1492 tdrqyazd
1122 1404 1484 1487 adoma'nya
1534 1402 1774 1470 Miklds
1820 1404 2111 1490 qalqdczi
2122 1402 2402 1492 fdispd‘n
2432 1410 2752 1471 sza'mdra.
2817 1407 3014 1473 1280.

970 1599 1379 1691 (madizlaus
1430 1602 1553 1668 Dei
1605 1601 1833 1685 gracia
1881 1600 2235 1686 Hungarie‚
2294 1602 2648 1687 Dalmacie,
2723 1602 3010 1687 Croacie,

758 1712 984 1793 Rame,
1033 1710 1295 1797 Seruie,
1346 1709 1666 1793 Gallicis,
1737 1710 2119 1776 Lodomerie
2138 1761 2157 1796 ,
2207 1710 2518 1778 Cumanie
2576 1710 3011 1796 Bulgariequc

754 1819 898 1887 Rex
935 1818 1251 1888 vniuersis
1294 1817 1533 1886 Christi
1581 1816 1887 1885 fidelibus
1937 1824 2272 1903 presentes
2320 1818 2571 1886 litteras
2620 1819 3012 1906 inspecturis

758 1928 1036 1996 salutem
1086 1928 1153 1996 in
1201 1928 1489 1998 omnium
1537 1929 1886 1996 saluatore.
1927 1927 2027 1993 Ad
2077 1927 2524 1996 vniuersorum
2576 1934 2710 1994 tam
2759 1949 3017 2013 presen-

758 2037 928 2104 cium
981 2056 1174 2122 quam
1226 2035 1580 2103 futurorum
1620 2036 1929 2104 noticiam
1969 2034 2195 2102 harum
2231 2036 2398 2103 serie
2445 2035 2751 2104 uolumus
2783 2057 3011 2122 perue-

753 2147 915 2235 nire,
970 2145 1140 2231 quod
1173 2145 1594 2214 consideratis
1626 2145 2050 2213 fidelitatibus
2074 2198 2094 2232 ,
2145 2153 2210 2214 et
2242 2146 2562 2215 meritoris
2594 2168 2672 2214 ac
2704 2145 3013 2233 multipli-

756 2254 940 2333 cibus
990 2254 1286 2339 seruicijs
1334 2254 1591 2321 Nicolai
1641 2254 1908 2321 Comitis
1962 2253 2043 2320 de
2078 2253 2415 2339 Golgouch
2448 2252 2669 2322 dilecti
2702 2262 2767 2323 et
2797 2254 3008 2323 fidelis

762 2363 1007 2449 nostri,
1082 2382 1208 2446 que
1276 2383 1395 2449 per
1484 2364 1701 2430 omnia
1769 2369 2034 2449 propter
2103 2383 2288 2430 suam
2362 2362 2797 2449 prolixitatem
2882 2362 3018 2430 lon·

764 2490 916 2555 gum
966 2480 1140 2539 esset
1208 2492 1514 2539 enarrare
1564 2493 1681 2558 per
1743 2472 2003 2557 singula
2069 2473 2357 2539 seriatim
2382 2524 2401 2560 ,
2468 2473 2746 2555 quedam
2797 2480 3014 2539 tamen

754 2578 825 2646 in
890 2581 1259 2648 memoriam
1312 2588 1712 2665 posterorum
1775 2580 2184 2666 presentibus
2250 2581 2549 2650 duximus
2610 2581 3008 2650 annotanda.

759 2690 1044 2756 Primum
1094 2709 1236 2756 cum
1287 2692 1426 2758 Rex
1458 2691 1720 2757 Boemie
1753 2696 2038 2774 tempore
2079 2697 2302 2758 nostre
2352 2691 2545 2757 etatis
2583 2692 2854 2778 puerilis
2887 2692 3010 2757 Re-

757 2818 955 2894 gnum
1016 2805 1307 2866 nostrum
1370 2800 1715 2866 deuastare
1772 2821 1898 2866 non
1934 2799 2260 2884 desinens,
2323 2807 2608 2867 castrum
2670 2799 3012 2867 Jauriense

760 2914 1180 2994 occupasset,
1230 2913 1293 2973 et
1350 2927 1466 2972 nos
1519 2905 1606 2972 ad
1656 2908 1868 2992 ipsum
1910 2913 2193 2974 castrum
2226 2909 2583 2992 expugnari
2637 2907 3005 2976 faciendum

763 3015 1104 3083 inissemus
1125 3068 1142 3101 ,
1194 3015 1618 3082 Sebastianus
1671 3013 1870 3080 frater
1917 3014 2076 3082 dicti
2126 3016 2391 3083 Comitis
2425 3017 2679 3084 Nicolai
2711 3018 2777 3082 in
2811 3037 3005 3101 expu-

756 3121 1070 3207 gnacione
1119 3124 1323 3210 ipsius
1374 3124 1568 3190 castri
1618 3123 1837 3189 extitit
1858 3123 2301 3211 interemptus,
2336 3124 2565 3192 Comes
2615 3144 2769 3191 uero
2819 3124 3009 3191 Nico-

757 3232 899 3300 laus
968 3233 1206 3300 uulnus
1271 3231 1558 3298 validum
1628 3233 2123 3318 subportand03
2205 3234 2464 3300 demum
2533 3254 2674 3301 cum
2743 3239 3004 3317 propter

758 3339 1156 3407 reddendam
1190 3338 1542 3407 uindictam
1576 3347 1799 3406 contra
1832 3338 2106 3407 eundem
2139 3343 2383 3425 Regem
2423 3342 2688 3408 Boemie
2724 3361 2868 3407 cum
2900 3362 3009 3407 no-

755 3453 891 3515 stro
925 3450 1210 3515 exercitu
1242 3449 1609 3533 inissemus,
1662 3448 1769 3514 ubi
1803 3448 2082 3514 Domino
2117 3449 2507 3516 concedente
2538 3469 2759 3516 sumus
2792 3468 3008 3515 conse-

755 3555 888 3623 cuti
918 3557 1255 3624 uictoriam
1287 3556 1704 3642 laudabilem,
1754 3577 1898 3623 cum
1935 3556 2108 3623 idem
2151 3557 2288 3624 Rex
2317 3578 2433 3643 per
2463 3564 2753 3624 nostram
2787 3557 3002 3623 extitit

759 3663 1065 3731 miliciam
1101 3665 1542 3751 interemptus,
1591 3664 1920 3750 predictus
1975 3664 2206 3732 Comes
2239 3664 2492 3730 Nicolai
2524 3665 2591 3730 in
2623 3665 2766 3749 ipso
2800 3666 3009 3748 prelio

763 3772 1041 3839 uiriliter
1073 3772 1411 3857 dimicans,
1462 3793 1577 3858 per
1621 3775 1916 3839 lanceam
1958 3773 2026 3838 in
2058 3773 2222 3859 pede
2253 3780 2353 3839 est
2386 3771 2799 3857 transfossus,
2850 3771 3012 3839 duos

763 3880 1005 3947 milites
1037 3879 1493 3947 nichilominus
1532 3881 1921 3948 Teutonicos
1954 3880 2144 3948 nobis
2176 3880 2362 3946 duxit
2396 3883 2777 3964 captiuatos.
2825 3878 3010 3946 Cete-

759 4010 898 4055 rum
930 4009 1076 4056 cum
1108 3989 1375 4073 quidam
1407 3988 1705 4056 infideles
1740 3989 1944 4056 nostri
1980 4010 2049 4057 se
2085 3989 2169 4054 ad
2202 3997 2486 4056 castrum
2518 3987 2801 4054 Zelench
2837 4007 3009 4054 rece·

760 4099 1049 4186 pissent,
1114 4099 1300 4165 nobis
1353 4099 1564 4185 ipsum
1614 4103 1897 4164 castrum
1949 4098 2333 4165 facientibus
2368 4099 2771 4185 expugnari,
2838 4098 3010 4164 idem

755 4208 983 4275 Comes
1044 4207 1357 4275 Nicolaus
1421 4215 1683 4295 propter
1734 4207 2114 4274 fidelitatem
2166 4208 2416 4274 Corone
2469 4207 2669 4290 Regie
2708 4206 2995 4273 debitam

762 4336 1107 4402 personam¹
1157 4336 1341 4382 suam
1393 4314 1872 4402 expugnacioni
1925 4316 2102 4383 illius
2141 4315 2338 4383 castri
2371 4334 2694 4403 exponere
2725 4336 2853 4380 non
2886 4316 3009 4381 sor-

762 4426 1017 4494 midans
1038 4477 1057 4512 ,
1124 4425 1368 4511 recepit
1406 4427 1643 4491 uulnus
1677 4425 1872 4492 letale
1907 4426 1971 4490 in
2005 4425 2179 4491 facic
2211 4445 2326 4510 per
2358 4426 2680 4491 balistam.
2752 4423 2858 4490 Ad
2887 4424 3011 4493 hcc

760 4555 901 4601 cum
936 4535 1205 4602 Cumani
1237 4535 1441 4601 nostri
1473 4533 1864 4601 infidelitate
1896 4532 2077 4599 ducti
2110 4532 2399 4618 iniquum
2421 4539 2647 4601 contra
2666 4553 3009 4619 personam

760 4651 1050 4711 nostram
1098 4645 1402 4730 inijssent
1452 4643 1796 4710 consilium
1827 4695 1844 4728 ,
1925 4641 2245 4726 quasdam
2299 4649 2521 4727 partes
2562 4643 2766 4725 Regni
2800 4640 3010 4708 nostri

762 4753 1119 4819 commissis
1180 4751 1499 4837 incendijs
1549 4751 1991 4837 deuastandO,
2061 4771 2180 4819 nos
2233 4758 2497 4837 propter
2548 4748 3010 4818 conterendam
