3319 5249
1336 328 1462 396 135

1241 422 1557 433 w-——u-

1331 1146 1436 1213 89.

247 1363 303 1429 A
335 1365 545 1430 budai
583 1366 1023 1451 ka'ptalannak
1066 1365 1599 1452 bizonysciylevele
1633 1361 1870 1449 Symoy
1902 1365 1965 1429 e's
1995 1362 2312 1448 Symodor
2343 1367 2510 1452 hely-

246 1480 546 1565 seqeknek
602 1502 646 1543 a
694 1478 1080 1564 nyzilsziqeti
1146 1475 1595 1563 apa'czazdrda
1654 1479 1954 1540 szdmdra
2004 1478 2229 1541 ίόνίέηι
2280 1476 2514 1541 iktatci-

1156 1585 1350 1650 sdrol.
1404 1587 1595 1650 1275..

461 1820 782 1889 Omnibus
835 1838 1109 1906 presens
1172 1821 1477 1905 scriptum
1527 1818 1912 1907 inspecturis
1963 1818 2334 1906 Capitulum
2384 1817 2511 1884 Bu-

252 1929 474 1996 densis
536 1925 838 1995 Ecclesie
916 1927 1195 1993 salutem
1258 1929 1325 1995 in
1388 1928 1686 1996 Domino.
1781 1925 2054 1995 Nouerit
2115 1925 2509 1993 vniuersitas

247 2044 499 2121 uestra,
562 2035 736 2117 quod
788 2053 933 2101 cum
984 2034 1251 2102 domina
1308 2037 1596 2102 Isabella
1645 2036 1867 2103 inclita
1916 2035 2171 2120 Regina
2223 2035 2508 2120 Vngarie
2635 2034 2638 2037 ’

246 2145 567 2230 quasdam
603 2143 795 2209 villas
827 2143 1258 2211 uinidatorum
1310 2164 1592 2229 suorum,
1646 2143 1891 2229 Symog
1922 2143 2246 2229 videlicet,
2277 2144 2342 2209 in
2375 2163 2506 2228 qua

246 2253 616 2336 quindecim
650 2253 1022 2319 mansiones
1064 2271 1208 2319 esse
1241 2252 1567 2339 dicuntur,
1617 2259 1684 2318 et
1716 2248 2055 2339 Symodor,
2108 2253 2176 2317 in
2211 2271 2341 2335 qua
2370 2259 2503 2320 tres

244 2363 621 2429 mansiones
670 2361 809 2428 fore
840 2367 1233 2448 asseruntur,
1284 2362 1476 2427 simul
1512 2382 1657 2427 cum
1690 2359 1877 2429 terris
1912 2380 2155 2443 earum,
2209 2364 2272 2425 et
2303 2359 2502 2425 omni·

243 2471 358 2537 bus
411 2469 673 2536 iuribus
724 2489 802 2536 ac
862 2468 1254 2536 utilitatibus
1315 2470 1400 2536 ad
1449 2489 1562 2536 eas
1612 2467 2106 2552 pertinentibus,
2172 2466 2500 2533 sororibus

242 2576 539 2645 Ecclesie
590 2575 797 2643 Beate
844 2574 1050 2644 Marie
1099 2574 1391 2660 Uirginis
1444 2575 1526 2642 de
1576 2574 1802 2642 Insula
1870 2594 1984 2660 pro
2047 2573 2331 2641 remedio
2386 2594 2502 2642 sue

240 2690 453 2753 anime
507 2684 931 2769 contulisset3
982 2685 1524 2768 quemadmodum
1580 2683 1648 2750 in
1684 2686 1817 2750 suis
1854 2683 2087 2752 litteris
2128 2684 2500 2769 patentibus

239 2794 519 2860 vidimus
572 2793 921 2879 contineri3
981 2792 1391 2877 postmodum
1446 2794 1680 2859 Petrus
1734 2793 1916 2859 rufus
1965 2791 2156 2858 homo
2208 2790 2496 2860 eiusdem

242 2901 498 2969 domine
530 2899 781 2985 Regine
832 2920 1046 2967 coram
1095 2908 1315 2968 nostro
1347 2901 1716 2968 testimonio
1771 2920 1887 2985 per
1919 2921 2034 2967 nos
2086 2900 2172 2965 ad
2203 2899 2327 2966 hoc
2357 2921 2499 2984 spe-

241 3012 494 3078 cialiter
525 3009 915 3078 transmisso
936 3062 956 3096 ,
1005 3009 1329 3095 predictas
1365 3010 1557 3077 villas
1591 3011 1836 3094 Symog
1869 3016 1933 3075 et
1962 3009 2279 3095 Symodor
2309 3028 2496 3074 voca-

240 3127 337 3187 tas
370 3140 521 3186 cum
556 3118 749 3184 terris
799 3123 864 3183 et
895 3119 1193 3185 omnibus
1244 3118 1665 3204 pertinencijs
1700 3118 1855 3203 suis,
1905 3117 2070 3183 sicut
2109 3116 2491 3203 premissum

243 3236 356 3315 est,
403 3221 822 3313 presentibus
873 3223 1102 3292 vicinis
1157 3231 1221 3291 et
1269 3224 1736 3291 commetaneis
1787 3221 2289 3309 reambulando,
2340 3228 2403 3288 et
2454 3243 2496 3288 a

240 3335 423 3401 terris
479 3330 766 3399 omnium
828 3337 1412 3398 commetaneorum
1475 3330 1683 3417 signis
1745 3338 1808 3397 et
1856 3329 2044 3397 metis
2105 3330 2491 3417 separandO,

237 3445 550 3530 predictis
604 3439 931 3507 sororibus
982 3439 1082 3505 de·
1114 3440 1339 3506 Insula
1391 3442 1591 3507 Beate
1640 3439 1844 3505 Marie
1877 3438 2183 3525 Virginis,
2236 3437 2493 3524 populis

239 3552 316 3617 de
346 3551 530 3619 villis
561 3549 746 3635 Epel‚
797 3545 1031 3614 Grawa
1083 3555 1148 3614 et
1180 3549 1339 3615 Vrse
1372 3547 1722 3615 nominatis
1757 3547 2332 3631 consencientibus,
2367 3554 2489 3613 sta-

236 3661 351 3725 tuit
401 3664 470 3724 et
523 3656 890 3741 assignauit
950 3655 1221 3741 pacifice
1271 3663 1333 3722 et
1394 3656 1806 3743 perhenniter
1862 3655 2329 3743 possidendas;
2398 3655 2492 3721 ita

237 3767 406 3851 quod
456 3765 656 3851 ijdem
706 3762 1103 3832 vinidatores
1152 3765 1218 3829 in
1268 3765 1575 3851 predictis
1625 3765 1877 3833 duabus
1933 3764 2110 3830 villis
2146 3765 2390 3849 Symog
2423 3769 2487 3828 et

235 3872 552 3961 Symodor
614 3873 988 3958 existentes,
1053 3873 1340 3940 debitum
1403 3873 1690 3959 ipsorum
1755 3869 2040 3941 annuale
2099 3871 2371 3948 soluere,
2426 3875 2491 3937 et

235 3983 577 4052 seruicium
628 4002 846 4048 eorum
901 3988 1276 4048 consuetum
1340 3983 1697 4068 inpendere
1755 3982 2079 4050 sororibus
2129 3985 2486 4047 memorate

235 4091 531 4159 Ecclesie
586 4109 666 4155 ea
715 4089 1087 4173 integritate
1137 4097 1515 4178 teneantur,
1563 4110 1689 4175 que
1722 4091 1894 4159 dicte
1945 4090 2206 4157 domine
2235 4086 2486 4172 Regine

233 4199 410 4265 iuxta
439 4198 731 4284 ipsorum
764 4188 1208 4266 condicionem
1253 4200 1639 4285 aprobatam
1674 4199 2004 4267 debebant
2036 4216 2243 4281 usque
2274 4196 2484 4263 modo.

233 4309 302 4372 In
332 4307 523 4374 cuius
555 4306 649 4372 rei
681 4307 1061 4373 memoriam
1091 4308 1342 4374 litteras
1393 4313 1729 4394 presentes
1778 4306 2217 4375 concessimus
2268 4309 2486 4370 nostro

234 4416 448 4500 sigillo
505 4418 868 4483 roboratas.
932 4417 1170 4484 Datum
1220 4436 1335 4502 per
1376 4436 1605 4483 mauus
1636 4417 1942 4500 Magistri
1969 4414 2294 4499 Ambrosij
2334 4414 2485 4479 Sco-

230 4522 442 4589 lastici
495 4520 820 4589 Budensis
869 4542 1041 4590 anno
1074 4523 1331 4591 Domini
1381 4521 1835 4590 M⁰GG⁰LXX⁰
1865 4522 2111 4608 quinto.
2177 4518 2484 4604 Magistro

234 4629 533 4700 Johanne
582 4630 901 4720 cantore,
949 4633 1172 4700 Pestro
1205 4631 1524 4718 Custode,
1570 4633 1750 4700 Nues
1783 4635 2051 4701 Decano
2073 4683 2091 4719 ‚
2141 4630 2330 4698 Scela
2379 4646 2479 4694 sa-
