3319 5249
1437 319 1516 384 71

1415 855 1520 921 40.

343 1057 453 1121 IV.
490 1058 719 1124 hiszld
747 1057 1087 1144 kiralynak
1112 1059 1358 1145 Zyntha
1391 1066 1547 1121 nevit
1579 1055 1850 1119 birtokot
1884 1058 2201 1142 ta'rqyazo'
2231 1055 2596 1138 adomcinya

606 1165 787 1234 Cha'k
821 1167 1277 1254 nemzetse‘qbeli
1308 1168 1487 1231 Pe'ter
1517 1177 1734 1230 mester
1766 1169 2084 1229 szcimcira.
2136 1166 2326 1230 1274.

548 1361 960 1450 (L)adizlaus
1027 1363 1147 1430 Dei
1202 1363 1430 1449 gracia
1481 1359 1838 1446 Hnngarie,
1893 1360 2251 1444 Dalmacie,
2307 1357 2596 1440 Croacie,

340 1474 555 1558 Rame,
603 1471 863 1557 Sernie,
912 1472 1230 1555 Gallicie,
1277 1467 1702 1555 Lodomerie,
1755 1469 2106 1551 Cumania,
2155 1466 2598 1551 Bnlgarieque

334 1581 467 1645 Rex
526 1581 825 1647 omnibus
875 1578 1116 1647 Christi
1154 1579 1455 1646 fidelibus
1504 1585 1865 1664 presentem
1908 1577 2218 1662 paginam
2269 1573 2594 1642 habituris

336 1688 612 1755 salntem
663 1689 729 1754 in
765 1687 999 1755 salutis
1049 1687 1377 1771 largitore.
1449 1682 1698 1772 (R)egij
1737 1685 2054 1752 Culminis
2090 1682 2587 1769 magnificencia

333 1795 397 1860 id
427 1797 728 1881 requirit,
772 1803 842 1864 nt
882 1815 1141 1862 snorum
1175 1795 1458 1862 fidelium
1508 1794 1849 1861 sudoribus
1895 1814 2062 1876 equa
2114 1790 2584 1859 remuneracio-

334 1903 429 1971 nis
458 1903 705 1969 lancea
737 1909 1072 1989 occurrat,
1121 1899 1618 1983 dissidentesque
1670 1920 1863 1968 casus
1916 1902 2003 1967 ab
2034 1898 2276 1968 eisdem
2310 1900 2463 1966 totis
2491 1897 2588 1965 ni-

341 2011 506 2078 sibus
539 2013 771 2097 procul
806 2011 1033 2096 pellat.
1101 2006 1332 2096 (H)inc
1362 2018 1478 2094 est,
1530 2009 1703 2093 quod
1754 2008 2164 2075 attendentes
2216 2008 2588 2075 innumeras

333 2120 711 2188 fidelitatum
781 2116 1051 2186 virtutes
1112 2118 1409 2201 Magistri
1458 2116 1638 2184 Petri
1692 2115 1808 2204 filij
1863 2116 2161 2201 Magistri
2212 2117 2453 2183 Matbei
2506 2116 2586 2182 de

335 2248 564 2312 genere
597 2225 790 2291 Chak
825 2226 1050 2293 dilecti
1098 2233 1162 2291 et
1209 2225 1424 2293 fidelis
1457 2228 1686 2305 nostri,
1740 2245 1864 2309 que
1915 2233 2206 2311 tempore
2257 2225 2591 2294 karissimi

338 2333 532 2418 patris
564 2333 771 2401 nostri
805 2332 1045 2399 domini
1078 2331 1391 2417 Stephani
1420 2334 1707 2401 Illustris
1737 2333 1934 2416 Regis
1968 2331 2348 2415 Hungariae
2380 2333 2587 2401 felicis

335 2442 816 2508 recordacionis
878 2439 1200 2508 laudabili
1269 2441 1486 2506 studio
1547 2441 1823 2508 feliciter
1887 2443 2213 2526 exercuit,
2291 2443 2585 2508 volumus

336 2550 643 2618 memorie
676 2549 1145 2615 commendare.
1189 2551 1472 2616 Primum
1509 2550 1778 2635 scilicet,
1814 2570 1957 2616 cum
1990 2550 2162 2617 idem
2193 2549 2585 2617 karissimus

333 2666 511 2744 pater
543 2667 764 2726 noster
797 2659 863 2725 in
893 2660 1272 2744 Bnlgariam
1305 2660 1766 2745 propulsandis
1799 2660 2055 2746 iniurijs
2089 2660 2349 2743 confinij
2376 2658 2584 2742 Regni

333 2770 426 2835 sui
458 2767 771 2835 insultum
801 2766 1063 2851 faceret,
1094 2766 1265 2834 idem
1300 2769 1612 2850 Magister
1644 2771 1896 2854 Petrus,
1930 2777 2002 2834 ut
2030 2769 2134 2834 leo
2167 2765 2582 2850 fortissimus,

332 2876 508 2944 cuins
559 2875 808 2943 indicia
856 2877 1061 2961 gessit
1109 2877 1176 2943 in
1228 2876 1493 2961 vexillo,
1548 2877 1908 2963 postposito
1949 2877 2176 2945 timore
2210 2877 2431 2943 mortis
2464 2878 2579 2942 im-

331 2988 627 3053 minentis
661 2986 729 3051 in
763 2985 1044 3052 aduersa
1075 2986 1498 3069 Bulgarorum
1533 2985 1675 3051 acie
1708 2984 1998 3052 militans
2029 2985 2368 3052 uictoriam
2403 2984 2581 3050 miri·

328 3095 507 3160 ficam
561 3092 941 3179 reportanit.
1013 3091 1247 3180 (S)ane
1302 3078 1469 3159 'dum
1522 3094 1801 3160 eundem
1854 3094 2278 3161 karissimum
2330 3101 2578 3178 patrem

329 3213 612 3273 nostrum
645 3202 872 3285 granis
921 3204 1032 3268 ani
1061 3202 1265 3268 nostri
1318 3202 1691 3286 persecucio
1724 3202 2179 3269 miserabiliter
2210 3204 2577 3284 insequere·

323 3319 443 3396 tur,
491 3316 555 3376 et
590 3330 662 3376 se
695 3317 850 3377 ante
883 3309 1179 3376 hostilem
1232 3310 1474 3376 faeiem·
1495 3309 1676 3376 illius
1709 3312 2160 3395 persequentis
2193 3310 2258 3375 in
2292 3315 2574 3376 castrum

323 3418 756 3485 Feketnholm
805 3417 1254 3502 recolligeret,
1302 3418 1516 3484 dictus
1551 3418 1861 3503 Magister
1910 3419 2137 3485 Petrus
2190 3418 2379 3485 lateri
2414 3418 2577 3485 eius·

323 3526 462 3593 dem
499 3526 780 3592 fideliter
829 3526 1171 3605 adherens»,
1221 3525 1419 3608 elegit
1467 3528 1679 3609 magis
1712 3526 1874 3592 mori
1909 3548 2050 3593 cnm
2087 3526 2329 3607 eodem,
2381 3544 2575 3610 quam

322 3632 382 3697 in
418 3642 671 3718 partem
724 3633 1059 3700 sinistram
1110 3656 1179 3702 se
1212 3634 1582 3701 transferre.
1651 3634 1787 3700 Sub
1827 3633 2052 3701 eodem
2102 3634 2323 3719 itaque
2356 3642 2574 3700 castro

322 3743 401 3808 de
451 3751 667 3809 turma
700 3744 1237 3828 persequencinm
1288 3743 1501 3830 ipsum
1538 3749 1787 3829 patrem
1842 3750 2128 3809 nostrum
2184 3741 2436 3811 bellicis
2470 3762 2574 3808 co-

322 3836 580 3917 natibus
634 3850 1162 3936 tribnmphaliter
1214 3850 1590 3917 dimicando
1640 3851 1956 3937 plurimos
2009 3851 2248 3917 deiecit
2296 3850 2363 3915 in
2406 3858 2574 3935 asta,

319 3962 382 4021 et
417 3956 639 4041 plnres
687 3958 912 4042 gladio
965 3958 1298 4026 confossos
1351 3957 1437 4023 ad
1488 3966 1770 4043 anguste
1823 3957 2223 4043 captiuitatis
2276 3959 2575 4025 tenebras

319 4061 586 4131 deduxit
632 4068 881 4151 pariter
931 4074 996 4133 et
1027 4066 1297 4132 inuexit.
1367 4063 1728 4157 (C)eterum
1763 4086 1908 4134 cum
1942 4062 2228 4132 castrum
2263 4066 2577 4134 Baranka

316 4192 433 4258 per
487 4174 890 4257 quorundam
960 4174 1418 4259 fagiciosorum
1471 4176 1833 4242 uersnciam
1889 4182 2276 4261 occupatum
2330 4174 2574 4244 detine-

314 4289 506 4366 retur,
560 4281 704 4365 ipse
752 4280 1070 4367 Magister
1103 4283 1333 4349 Petrus
1380 4270 1786 4350 miliciesue
1818 4283 2062 4349 viribus
2094 4282 2412 4369 protensis
2444 4281 2573 4368 ipsi

317 4388 667 4458 karissimo
697 4391 871 4476 patri
903 4398 1120 4457 nostro
1154 4391 1438 4458 restitnit
1471 4391 1727 4458 illesum
1763 4392 1829 4456 in
1864 4392 2239 4458 lancearum
2275 4391 2574 4460 examine

314 4503 715 4564 reuocatum.
754 4498 913 4584 (A)d
948 4498 1067 4566 bec
1100 4519 1247 4566 cnm
1282 4498 1605 4584 predictus
1641 4520 1809 4566 auus
1843 4507 2062 4567 noster
2081 4500 2298 4584 Erney
2321 4501 2568 4568 Banum

315 4625 458 4671 cum
510 4606 667 4692 alijs
714 4612 854 4679 suis
905 4607 1325 4697 complicibus
1375 4608 1462 4674 ad
1513 4605 1954 4674 inuadendum
2006 4608 2281 4675 eundem
2315 4614 2568 4694 patrem
