3319 5249
1858 328 1991 398 412

801 528 978 596 nullo
1011 529 1200 596 modo
1230 534 1620 617 poteramus,
1650 529 1777 597 nisi
1807 529 1875 595 in
1907 535 2079 596 terra
2109 528 2313 613 ipsius
2343 527 2650 615 Capituli,
2680 527 2791 593 ubi
2822 527 3026 614 ipsum

799 638 1104 706 tributum
1133 638 1307 723 exigi
1327 644 1424 706 est
1442 644 1841 724 consuetum,
1875 645 1938 704 et
1968 637 2138 706 idem
2169 637 2538 724 Capitulum
2570 636 2782 722 ipsum
2816 637 3026 703 locum

798 767 913 815 seu
962 754 1198 814 terram
1248 766 1465 814 eorum
1528 768 1643 833 pro
1666 744 2077 813 edificacione
2108 744 2334 814 domus
2363 744 2690 813 iudicialis
2723 743 3025 813 Ciuitatis

800 862 1015 922 nostre
1062 853 1147 921 ad
1177 862 1462 923 nostram
1495 854 2042 941 supplicacionem
2091 854 2278 922 nobis
2326 862 2640 942 perpetuo
2686 852 2826 921 iure
2877 874 3022 919 con-

798 970 1162 1049 cesserunt;
1196 970 1262 1031 et
1291 964 1442 1048 quia
1471 965 1803 1050 timebant,
1845 984 1929 1031 ne
1964 985 2081 1050 per
2132 963 2251 1031 hoc
2298 964 2367 1030 in
2397 965 2540 1050 ipso
2572 965 2812 1031 tributo
2847 961 3025 1030 dam·

797 1092 994 1159 pnum
1014 1078 1421 1159 paterentur:
1448 1070 1620 1159 ydeo
1655 1091 1777 1139 nos
1809 1069 2014 1140 eidem
2047 1070 2349 1156 Capitulo
2378 1070 2845 1157 assumpsimus
2866 1072 3033 1138 testi·

797 1180 1011 1248 monio
1032 1180 1454 1268 presencium,
1477 1187 1547 1247 ut
1576 1180 1897 1266 tributarij
1923 1178 2211 1248 eiusdem
2229 1178 2515 1267 Capituli
2533 1177 2896 1265 predictum
2917 1178 3026 1245 tri·

798 1288 1020 1355 butum
1043 1290 1127 1356 ab
1147 1290 1441 1356 omnibus
1471 1289 1957 1376 mercatoribus,
1980 1296 2112 1356 tam
2132 1288 2389 1374 nostris,
2420 1309 2615 1372 quam
2644 1286 3027 1373 forensibus,

794 1397 1406 1485 ubicunquevolunt,
1427 1398 1566 1465 siue
1589 1398 1655 1465 in
1680 1403 1887 1484 porta,
1909 1400 2048 1465 siue
2064 1396 2132 1463 in
2152 1398 2293 1464 uico
2313 1403 2553 1485 nostro,
2572 1398 2712 1465 siue
2732 1397 2801 1464 in
2822 1417 3022 1464 came-

798 1526 925 1590 rys,
953 1508 1093 1575 siue
1110 1504 1272 1594 foro,
1285 1505 1557 1573 liberam
1579 1506 1861 1575 habeant
1881 1507 2144 1591 exigere
2173 1507 2570 1594 facultatem,
2597 1514 2662 1573 et
2681 1514 2908 1575 contra
2936 1527 3028 1574 re-

800 1620 1103 1700 sistentes
1144 1614 1514 1700 triburarijs
1533 1613 1823 1682 eiusdem
1873 1612 2155 1700 Capituli
2210 1612 2521 1682 auxilium
2572 1620 2856 1683 nostrum
2919 1616 3024 1681 im·

795 1722 1169 1809 pendemus,
1216 1722 1562 1792 dummodo
1612 1722 1916 1791 fuerimus
1968 1721 2259 1806 requisiti
2310 1742 2428 1810 per
2459 1723 2742 1811 eosdem,
2777 1725 3025 1791 nullum

798 1831 1167 1917 dampnum,
1222 1830 1601 1915 nullamque
1650 1831 2143 1915 alienacionem,
2204 1832 2308 1898 uel
2362 1831 2719 1898 molestiam
2753 1834 2821 1899 in
2853 1834 3027 1899 facto

796 1941 950 2007 dicti
992 1939 1216 2007 tributi
1276 1940 1517 2008 eisdem
1549 1961 1667 2026 per
1697 1945 1950 2008 nostros
1982 1940 2120 2007 fieri
2154 1939 2506 2023 faciemus;
2540 1938 2655 2007 sed
2689 1941 2872 2008 iuxta
2904 1941 3024 2011 for·

796 2068 967 2116 mam
987 2048 1289 2136 priuilegi
1288 2049 1316 2133 j
1340 2047 1582 2116 domini
1601 2049 1762 2117 Bele
1781 2048 1996 2136 Regis,
2014 2054 2085 2116 ut
2104 2046 2432 2137 hactenus,
2449 2051 2764 2134 exigatur.
2787 2051 2858 2115 Si
2881 2072 3031 2118 uero

796 2159 1017 2243 aliqua
1034 2157 1414 2244 grauamina
1470 2158 1701 2242 quouis
1731 2158 1945 2225 colore
1975 2158 2234 2225 inuento
2265 2157 2390 2243 ipsi
2421 2157 2720 2243 Capitulo
2751 2159 2820 2224 in
2860 2160 3028 2229 facto

799 2269 953 2335 dicti
973 2268 1195 2333 tributi
1228 2266 1605 2351 faceremus,
1635 2265 1742 2333 vel
1772 2265 1909 2333 fieri
1940 2286 2464 2353 procuraremus;
2498 2275 2650 2334 tune
2681 2267 2822 2354 ipso
2854 2269 3024 2337 sacto

797 2377 1055 2442 domum
1105 2374 1499 2460 iudicialem,
1550 2395 1744 2459 quam
1795 2374 2063 2443 fecimus
2113 2376 2180 2441 in
2230 2382 2406 2442 terra
2435 2376 2740 2463 ipsorum,
2772 2399 2815 2444 a
2847 2381 3026 2446 nobis

795 2485 1053 2569 plenam
1080 2482 1377 2565 ,habeant
1408 2479 1761 2549 rehabendi
1792 2482 2185 2550 facultatem.
2221 2483 2290 2549 Si
2321 2502 2474 2550 uero
2507 2485 2750 2569 absque
2782 2487 2899 2555 lite
2935 2511 3018 2559 re-

794 2592 1045 2660 mittere
1063 2613 1191 2660 non
1213 2613 1578 2661 curaremus
1602 2612 1719 2660 nos
1744 2592 1846 2661 uel
1866 2612 2270 2662 successores
2302 2593 2524 2678 nostri,
2561 2600 2782 2663 contra
2814 2599 3016 2687 ipsum

795 2702 1156 2791 Capitulum
1204 2703 1271 2771 in
1323 2712 1574 2770 centum
1608 2702 1839 2770 marcis
1888 2704 2362 2790 conuincamur‚
2412 2706 2758 2774 dummodo
2792 2728 3021 2791 graua-

796 2811 971 2879 mina
1019 2820 1083 2879 et
1123 2812 1406 2899 dampna
1438 2812 1691 2880 notoria
1723 2811 1970 2880 fuerint
2003 2813 2350 2881 euidenter.
2404 2816 2644 2883 Datum
2677 2818 2746 2882 in
2779 2821 3021 2886 octauis

796 2923 1208 2988 Pentecostes
1240 2923 1428 2987 Anno
1459 2922 1723 2988 Domini
1755 2921 1844 2987 M⁰
1878 2919 2006 2987 CC⁰
2042 2923 2435 3007 octogesimo
2466 2925 2644 2992 11110.

962 3158 1063 3224 (Aa
1088 3157 1289 3208 ercdeti
1321 3156 1458 3209 utan
1491 3157 1686 3208 Knauz
1712 3153 1930 3208 Nandor
1955 3159 2182 3223 Magyar
2206 3158 2335 3209 Sion
2363 3160 2463 3214 111.
2490 3161 2602 3214 kot.
2629 3163 2752 3214 546.
2793 3165 2860 3231 1.)
