3319 5249
1348 235 1483 305 425

1355 869 1511 935 302.

286 1043 405 1109 IV.
442 1045 673 1113 Ldszlo'
703 1045 1058 1134 kirdlqnak
1088 1047 1344 1112 Durma
1391 1057 1551 1112 nevit
1584 1050 1803 1137 foldet
1835 1055 2148 1137 tdrqyazo
2176 1051 2547 1139 adomcinya

767 1153 978 1219 Jdnos
1024 1155 1376 1219 Jakabnak
1398 1158 1501 1239 fia
1534 1163 1853 1222 szcimaeira.
1890 1158 2083 1223 1285.

517 1330 651 1397 Nos
683 1329 1032 1397 Ladizlaus
1066 1332 1189 1399 Dei
1243 1334 1468 1416 gracia
1532 1337 1669 1401 Rex
1721 1334 2054 1418 Hungarie
2105 1336 2543 1419 significamus

285 1433 612 1503 vniuersis
645 1437 878 1520 quibus
909 1438 1169 1523 expedit
1217 1441 1619 1523 presencium
1678 1463 1789 1525 per
1852 1452 2177 1510 tenorem:
2233 1442 2402 1527 quod
2436 1444 2544 1507 Jo-

286 1542 544 1610 hannes
575 1542 748 1609 filius
777 1545 1005 1611 Jacobi
1035 1546 1121 1611 ad
1154 1554 1442 1613 nostram
1494 1550 1812 1616 accedens
1847 1552 2246 1634 presenciam
2282 1572 2322 1615 a
2357 1554 2540 1617 nobis

290 1652 497 1736 pccijt
528 1648 891 1737 diligenter,
926 1662 1009 1718 ut·
1029 1652 1355 1736 quandam
1408 1663 1646 1723 terram
1704 1658 1949 1722 Durma
2002 1665 2291 1724 vocatam
2326 1658 2393 1722 in
2429 1660 2541 1723 Co-

289 1759 528 1825 mitatu
558 1758 639 1825 de
672 1758 860 1841 Vngh
894 1762 1305 1847 existentem,
1338 1782 1534 1846 super
1583 1783 1711 1846 qua
1762 1763 2027 1848 quidam
2062 1763 2250 1829 Odun
2285 1765 2544 1831 nomine

291 1865 647 1949 residebat,
679 1864 790 1948 qui
823 1884 995 1932 nunc
1028 1866 1334 1933 heredum
1358 1889 1585 1935 carens
1617 1870 1863 1936 solas-io
1896 1870 2129 1937 dicitur
2162 1872 2544 1955 decessisse,

287 1972 509 2039 eidem
541 1973 623 2038 de
654 1972 1060 2057 benignitate
1096 1975 1296 2057 Regia
1329 1975 1486 2042 dare
1519 1984 1581 2042 ct
1612 1975 1904 2045 conferre
1955 1978 2385 2062 dignaremur.
2416 1979 2544 2045 Ve-

286 2102 434 2147 rum
469 2080 623 2164 quia
653 2077 736 2145 de
769 2082 1087 2165 qualitate
1120 2092 1183 2147 et
1216 2084 1581 2167 quantitate
1616 2086 1788 2150 dicte
1821 2092 1988 2151 terre
2019 2106 2145 2151 non
2180 2087 2543 2171 constabat,

291 2194 358 2254 et
390 2194 602 2253 vtrum
636 2189 720 2255 sit
752 2189 890 2256 sinc
928 2189 1161 2258 herede
1192 2190 1590 2276 decedentis,
1619 2198 1772 2257 tunc
1807 2193 1989 2260 nobis
2024 2214 2148 2259 non
2182 2194 2545 2280 constabat,

289 2296 595 2363 fidelibus
627 2298 868 2364 nostris
901 2298 1237 2383 Proposito
1258 2307 1324 2366 et
1357 2301 1714 2366 Conuentui
1751 2300 1832 2366 de
1866 2301 2058 2366 Lelez
2092 2302 2327 2367 nostris
2358 2299 2548 2368 dede·

290 2424 515 2471 ramus
549 2405 785 2472 litteris
819 2404 886 2470 in
918 2406 1264 2491 mandatis,
1289 2411 1358 2473 vt
1388 2426 1531 2473 cum
1555 2406 1888 2490 Stephano
1919 2408 2053 2474 filio
2088 2409 2257 2476 Jako
2291 2409 2552 2475 homine

287 2517 516 2578 nostro
562 2511 997 2579 testimonium
1062 2512 1347 2597 ipsorum
1415 2512 1720 2579 idoneum
1781 2514 2297 2581 transmitterent
2335 2515 2550 2582 fidedi-

290 2639 514 2705 gnum,
549 2639 767 2686 coram
803 2639 931 2703 quo
965 2618 1140 2687 idem
1175 2619 1367 2686 homo
1418 2629 1638 2687 noster
1668 2620 1988 2706 prefatam
2023 2630 2283 2706 terram,
2320 2622 2374 2689 si
2411 2627 2554 2690 sine

274 2720 531 2792 ‘herede
563 2726 937 2794 decedentis
968 2726 1328 2808 inueniret,
1380 2735 1616 2794 extunc
1646 2727 2056 2812 presentibus
2088 2731 2550 2795 commetaneis

291 2842 357 2900 et
389 2831 645 2918 vicinia,
680 2833 1136 2918 reambularet,
1187 2841 1252 2899 et
1292 2832 1498 2898 eidem
1554 2838 1838 2917 statuat,
1901 2835 1955 2901 si
1988 2855 2115 2900 nou
2150 2837 2327 2903 fieret
2390 2855 2464 2902 co
2485 2856 2552 2902 n-

289 2940 663 3009 tradictum.
732 2940 856 3019 Qui
918 2940 1328 3027 postmodum
1384 2941 1570 3008 nobis
1618 2943 2111 3026 rescripserant,
2174 2943 2347 3026 quod
2395 2963 2546 3009 cum-

291 3048 549 3136 prefato
609 3049 869 3115 homine
930 3055 1147 3115 nostro
1209 3050 1647 3116 testimonium
1709 3049 2001 3134 ipsorum
2072 3051 2397 3117 misissent
2478 3050 2548 3115 fi-

294 3156 673 3242 dedignum,
705 3162 771 3222 et
831 3155 1001 3240 quod
1050 3156 1459 3240 presentibus
1524 3157 1983 3224 commetaneis
2044 3165 2106 3224 et
2167 3156 2399 3224 vicinis
2463 3156 2549 3223 ei·

290 3264 439 3329 dem
502 3262 884 3329 statuissent
964 3263 1142 3330 nullo
1205 3263 1685 3331 contradictore
1746 3271 2123 3350 apparente.
2189 3267 2325 3331 Nos
2392 3284 2546 3331 vero

294 3370 723 3438 consideratis
784 3369 1082 3455 seruicijs
1147 3377 1211 3436 et
1259 3368 1685 3439 fidelitatibus
1745 3372 1987 3457 prefati
2018 3371 2361 3460 Johannis,
2426 3393 2556 3457 que

295 3477 472 3545 idem
500 3478 573 3543 in
604 3477 901 3546 omnibus
965 3476 1494 3561 expedicionibus
1528 3477 1737 3562 Regni
1798 3478 2000 3546 nostri
2049 3478 2329 3548 fideliter
2366 3477 2548 3549 exhi·

295 3587 438 3653 buit
468 3593 535 3651 et
592 3583 902 3669 inpendit,
965 3582 1280 3668 prefatam
1319 3590 1558 3651 terram
1607 3587 1855 3653 Durma
1901 3605 2046 3653 cum
2078 3585 2215 3653 suis
2244 3585 2542 3655 vtilitati·

296 3694 415 3761 bus
447 3698 515 3761 et
542 3690 969 3778 pertinencijs
1002 3691 1136 3758 suis
1169 3690 1519 3778 vniuersis,
1571 3691 1784 3759 eidem
1830 3697 1896 3758 et
1924 3711 2043 3779 per
2076 3712 2226 3761 eum
2272 3693 2410 3761 suis
2441 3693 2549 3762 he-

299 3800 564 3868 redibus
593 3799 1035 3881 heredumque
1084 3817 1338 3865 suorum
1404 3799 1887 3866 successoribus
1919 3800 2058 3866 iure
2089 3807 2403 3887 perpetuo
2436 3800 2552 3869 du·

303 3909 514 3976 ximus
548 3905 1047 3990 conferendam3
1097 3911 1163 3973 et
1191 3924 1386 3990 snper
1426 3905 1551 3974 hoc
1582 3914 1872 3974 nostrum
1908 3905 2115 3973 eidem
2149 3898 2556 3976 conferemus

300 4015 737 4102 priuilegium,
769 4033 914 4082 cum
946 4019 1280 4100 presentes
1344 4014 1535 4082 nobis
1595 4014 1840 4081 fuerint
1901 4018 2249 4099 reportate.
2315 4014 2555 4080 Datum

304 4141 507 4212 prope
534 4125 997 4191 monasterium
1051 4121 1292 4191 Sancte
1340 4122 1628 4189 Barbare
1676 4122 1744 4188 in
1776 4119 2106 4205 quindena
2135 4120 2554 4191 Pentecosten

302 4250 470 4299 anno
499 4230 765 4299 Domini
795 4229 1139 4299 millesimo
1172 4228 1610 4298 ducentesimo
1642 4228 2086 4314 octuagesimo
2127 4228 2372 4313 quinto.

312 4445 406 4512 (Aa
433 4448 551 4515 egri
571 4442 946 4514 kapuhnnak
995 4445 1218 4499 1384-ki
1268 4441 1580 4508 atiratabol,
1636 4445 1782 4512 moly
1834 4446 1989 4497 1643.
2042 4444 2098 4498 es
2127 4446 2284 4502 1762.
2309 4459 2344 4496 a
2370 4444 2558 4497 leleszi

389 4538 639 4596 konvent
674 4534 809 4594 alm
832 4537 1075 4612 njonnan
1098 4534 1379 4600 atiratott3
1422 4548 1457 4586 a
1482 4536 1647 4589 budai
1685 4538 1787 4591 Ιώ.
1816 4535 2066 4592 kamarai
2100 4530 2485 4607 levbltssrban.)

1225 4697 1641 4727 ,,,,....-...-..
