3319 5249
1750 297 1881 362 212

676 495 1070 564 seruientum
1107 494 1423 561 dictorum
1458 491 1736 558 fratrum
1767 489 2033 558 Ordinis
2066 487 2708 574 Premonstratensis,
2745 508 2935 572 quas·

678 605 832 671 dam
863 602 1277 669 reddiderunt
1324 619 1541 669 coram
1591 600 1755 686 ipsis
1773 651 1792 685 ,
1837 600 2004 668 alias
2055 619 2209 668 uero
2263 618 2368 666 res
2399 617 2619 665 eorum
2651 595 2934 678 ablatas,

682 713 839 796 quia
862 710 1089 777 famuli
1119 729 1336 777 eorum
1387 715 1723 795 presentes
1754 728 1884 774 nou
1919 714 2121 791 erant,
2174 711 2537 774 restatuere
2567 721 2936 789 assumpse-

680 827 850 888 runt.
882 820 1042 886 Item
1076 818 1375 885 dixerunt
1407 816 1652 884 vidisse
1683 816 1885 901 ijdem
1908 815 2247 901 presbiteri
2284 835 2366 882 ex
2397 812 2741 881 seruientis
2763 808 2934 898 (igy)

679 926 1023 995 eorundem
1086 926 1356 992 fratrum
1420 924 2043 992 Premonstratensis
2097 920 2361 989 Ordinis
2410 942 2608 989 unum
2640 920 2940 987 uulnera-

676 1040 814 1099 tum
877 1035 1183 1118 grauiter‚
1251 1032 1595 1098 habentem
1648 1031 1778 1097 tria
1806 1031 2089 1098 uulnera
2149 1029 2217 1095 in
2249 1030 2466 1114 capite
2531 1032 2595 1095 et
2642 1046 2843 1093 unum
2873 1026 2941 1092 in

677 1159 893 1208 manu.
958 1139 1203 1206 Datum
1264 1138 1428 1205 feria
1476 1135 1766 1206 secunda
1814 1137 2111 1224 proxima
2142 1144 2291 1223 post
2321 1138 2548 1222 Pasce,
2600 1155 2773 1204 anno
2806 1136 2934 1200 Do-

679 1245 836 1311 mini
867 1246 1310 1314 M⁰CC⁰LXX⁰
1341 1253 1595 1314 octauo.

681 1426 952 1491 (Er-edetis
981 1422 1330 1493 b6rhartyan.
1358 1441 1392 1479 a
1419 1427 1591 1493 fiiggb'
1617 1424 1807 1493 pecset
1830 1425 2108 1488 elveszett‚
2135 1442 2168 1478 a
2188 1426 2353 1477 budai
2379 1426 2478 1477 kir.
2507 1426 2755 1478 kamarai
2781 1423 2938 1477 level-

1696 1512 1937 1582 tarban.)

1605 1781 1832 1788 W<m——-*

1747 2236 1899 2303 149.

687 2436 746 2502 A
797 2440 988 2523 9316202’
1037 2437 1482 2522 kdptalannak
1514 2437 1815 2522 jelente'se
1866 2432 1984 2502 IV.
2038 2436 2266 2503 Ldszlo
2315 2437 2656 2523 kirdlyhoz
2689 2434 2946 2501 Szilva's

954 2554 1115 2609 nevil
1145 2544 1488 2610 birtoknak
1520 2542 2206 2665 eladmndnyozhcftcisa
2237 2545 2431 2609 ircim.
2481 2544 2678 2611 1278.

904 2741 1467 2809 Excellentissimo
1501 2739 1765 2807 domino
1798 2760 1914 2807 suo
1949 2740 2261 2807 Ladizlao
2294 2741 2419 2806 Dei
2451 2741 2675 2826 gracia
2692 2739 2946 2807 Illustri

687 2849 853 2934 Regi
913 2849 1249 2935 Hungarie
1321 2849 1687 2935 Capitulum
1738 2848 2105 2917 Jauriensis
2152 2848 2447 2918 Ecclesie
2496 2849 2834 2915 oraciones
2881 2848 2946 2913 in

688 2956 968 3024 Domino
1021 2957 1275 3025 debitas
1327 2978 1406 3023 ac
1459 2957 1749 3024 denotas.
1798 2959 2079 3026 Litteras
2127 2960 2357 3026 Uestre
2388 2957 2804 3026 Excellencie
2836 2954 2946 3023 de-

688 3062 831 3156 bito
859 3083 1004 3129 cum
1038 3063 1283 3130 honore
1323 3065 1691 3149 recepimus
1721 3064 1790 3130 in
1822 3064 1942 3132 hec
1974 3066 2214 3131 uerba:

907 3169 1259 3236 Ladizlaus
1290 3171 1415 3237 Dei
1448 3173 1675 3256 gracia
1714 3173 1853 3239 Rex
1879 3174 2220 3257 Hungarie
2250 3172 2555 3241 fidelibus
2587 3175 2723 3241 suis
2756 3173 2947 3257 Capi·

692 3277 833 3343 tulo
865 3276 1194 3346 Jaurieusi
1245 3279 1521 3346 salutem
1574 3288 1639 3347 et
1687 3281 1998 3365 graciam.
2045 3281 2331 3349 Jacobus
2381 3290 2446 3349 et
2482 3279 2832 3348 Ladizlaus
2866 3281 2949 3346 de

693 3384 909 3469 Zcrky
941 3392 1172 3470 petunt
1223 3407 1265 3452 a
1312 3387 1502 3454 nobis
1554 3387 1877 3472 quandam
1916 3396 2151 3456 terram
2185 3386 2398 3456 Castri
2427 3391 2632 3456 nostri
2663 3389 2947 3457 Musuni-

696 3493 877 3558 eusis
909 3493 1206 3578 Scylwas
1238 3502 1558 3578 uocatam,
1596 3495 1868 3564 dicendo
1900 3498 2177 3565 eandem
2214 3516 2357 3564 esse
2388 3516 2664 3564 uacuam
2688 3504 2750 3565 et
2769 3497 2947 3563 habi-

698 3601 1019 3670 tatoribus
1049 3601 1445 3670 destitutam.
1496 3603 1717 3686 Quare
1752 3605 2051 3673 fidelitati
2083 3613 2296 3674 uestre
2327 3603 2740 3691 precipiendo
2770 3625 2949 3670 man-

693 3705 941 3793 damus,
992 3717 1310 3794 quatenus
1362 3711 1641 3780 mittatis
1694 3734 1888 3780 unum
1924 3736 2005 3783 ex
2038 3716 2223 3782 uobis
2255 3734 2371 3799 pro
2403 3714 2790 3799 testimoni0‚
2838 3713 2950 3796 qui

692 3816 878 3901 sciat,
910 3822 1125 3884 utrum
1157 3817 1457 3904 predicta
1490 3824 1667 3887 terra
1695 3820 1781 3887 sit
1814 3841 2058 3907 uacua,
2129 3822 2298 3889 sicut
2331 3820 2553 3907 fertur,
2607 3827 2672 3886 et
2719 3820 2805 3888 ad
2838 3841 2950 3887 no-

692 3931 893 3990 stram
928 3927 1259 4010 pertinens
1292 3923 1723 3995 collacionem
1772 3931 1915 3996 sine
1965 3928 2328 4015 preiudicio
2384 3930 2548 3997 iuris
2598 3929 2837 4016 alieni;
2889 3940 2955 3996 et

692 4040 885 4115 prout
916 4033 1101 4101 uobis
1152 4054 1268 4119 per
1318 4035 1645 4103 hominem
1686 4044 1971 4105 uestrum
2004 4037 2381 4123 constiterit,
2429 4036 2619 4105 nobis
2668 4037 2954 4104 fideliter

693 4140 1087 4208 rescribatis.
1166 4144 1407 4210 Datum
1471 4144 1537 4210 in
1601 4151 1815 4214 castro
1863 4144 2151 4213 Budensi
2212 4147 2281 4213 in
2344 4145 2598 4214 octauis
2650 4145 2953 4214 Barnabe

691 4246 1004 4333 Apostoli.

908 4356 1042 4423 Nos
1104 4377 1259 4426 uero
1322 4360 1598 4446 receptis
1665 4360 1904 4428 litteris
1963 4361 2198 4430 Uestre
2228 4361 2658 4449 Excellencie,
2713 4363 2951 4429 uestris

696 4463 1017 4549 preceptis
1049 4470 1114 4531 et
1142 4466 1473 4536 mandatis
1507 4466 1772 4534 'obedire
1806 4468 2159 4556 cupiente2‚
2202 4476 2272 4536 ut
2303 4476 2612 4555 tenemur,
2659 4469 2952 4537 misimus

693 4589 889 4637 vnum
941 4592 1021 4638 ex
1070 4572 1257 4641 nobis
1309 4595 1427 4660 pro
1479 4577 1849 4643 testimonio
1902 4596 2096 4670 super
2148 4577 2384 4644 faciem
2435 4576 2725 4663 predicte
2781 4585 2952 4644 terre
