3319 5249
1323 333 1451 404 257

265 527 595 596 sororibus
659 535 727 595 et
787 528 1074 596 Ecclesie
1138 530 1377 599 Sancte
1424 529 1631 598 Maris
1681 530 1767 597 de
1814 529 2081 617 Insula;
2125 538 2527 601 memoratus

260 634 564 702 uidelicet
623 635 857 705 Comes
917 637 1155 706 Petrus
1201 636 1381 706 filius
1430 636 1739 723 Tyburcij
1774 657 1965 706 suam
1999 637 2376 724 porcionem
2405 659 2525 726 pro

262 742 492 827 uiginti
553 743 795 812 marcis
843 746 1008 812 finiti
1056 746 1352 832 argenti;
1432 747 1593 814 item
1642 745 1826 815 Iwan
1876 746 2051 814 filius
2082 748 2305 815 Kenez
2337 767 2525 817 suam

256 856 493 918 terram
528 852 672 919 siue
701 852 1072 938 porcionem
1121 873 1237 940 pro
1288 851 1576 937 quinque
1628 853 1867 922 marcis
1903 855 2050 941 puri
2089 856 2349 940 argenti
2380 856 2529 924 iure

257 964 570 1044 perpetuo
599 961 879 1046 pacifice
916 960 1416 1048 possidendam3
1464 982 1662 1045 quam
1709 963 2056 1049 pecuniam
2108 962 2311 1048 iidem
2362 982 2514 1032 ven·

256 1064 499 1135 ditores
563 1086 606 1133 a
661 1069 853 1136 Petro
907 1075 970 1137 et
1023 1069 1298 1138 Nicolao
1348 1070 1706 1138 Comitibus
1767 1072 2028 1139 nomine
2077 1070 2518 1158 predictarum

258 1192 548 1240 sororum
611 1175 1017 1246 soluentibus
1068 1184 1487 1245 asseruerunt
1522 1177 1819 1264 plenarie
1850 1179 2179 1248 babuisse.
2256 1180 2519 1246 Assum·

257 1288 521 1367 pserunt
585 1282 1043 1353 nichilominus
1094 1284 1297 1369 ijdem
1338 1285 1567 1354 Comes
1600 1287 1833 1355 Petrus
1867 1294 1932 1355 et
1960 1288 2145 1355 Iwan
2168 1337 2186 1371 ,
2236 1292 2301 1353 et
2335 1305 2407 1353 se
2439 1304 2520 1352 ac

234 1400 407 1455 'suos
440 1386 714 1456 heredes
747 1390 834 1456 ad
864 1390 987 1459 hoc
1016 1390 1287 1459 firmiter
1318 1394 1715 1479 obligarunt,
1759 1400 1831 1461 ut
1872 1392 1931 1461 si
1963 1395 2191 1478 aliqua
2221 1393 2358 1461 litis
2380 1412 2524 1479 spe·

257 1493 389 1562 cies
420 1502 556 1563 tam
587 1517 710 1583 per
741 1504 1104 1581 extraneos,
1138 1518 1334 1581 quam
1365 1501 1573 1567 eciam
1610 1522 1728 1588 per
1749 1521 1901 1569 suos
1934 1508 2246 1587 cognatos
2277 1501 2525 1567 moueri

261 1605 522 1671 racione
553 1603 985 1689 predictarum
1018 1606 1397 1693 porcionum
1449 1608 1670 1693 aliquo
1724 1628 2008 1693 unquam
2059 1616 2350 1694 tempore
2382 1628 2525 1676 con·
2583 1596 2589 1601 ’

260 1710 554 1799 tingeret,
604 1713 730 1798 ipsi
774 1721 840 1780 et
870 1714 970 1782 sui
1005 1714 1280 1784 heredes
1312 1716 1523 1784 dictas
1556 1737 1814 1785 sorores
1849 1722 1917 1784 et
1943 1715 2309 1784 Ecclesiam
2341 1722 2521 1784 ante·

263 1817 505 1886 dictam
538 1820 920 1905 expedirent
972 1823 1110 1890 suis
1162 1822 1443 1910 proprijs
1496 1825 1859 1911 sumptibus
1892 1834 1957 1891 et
1988 1825 2235 1892 labore.
2284 1824 2524 1892 Astite-

262 1934 410 1994 runt
432 1930 700 2013 insuper
717 1928 1083 2015 'I'yburcius
1095 1928 1299 1997 frater
1318 1930 1607 1999 eiusdem
1629 1930 1899 2000 Comitis
1916 1931 2109 2017 Petri,
2129 1931 2524 1999 Benedictus

265 2034 434 2102 filius
471 2036 753 2121 Thome,
800 2038 910 2119 qui
962 2057 1042 2104 ac
1073 2038 1187 2125 alij
1224 2042 1651 2109 commetanei
1684 2041 2010 2127 prenotati
2041 2060 2225 2108 suum
2259 2057 2522 2107 consen·

263 2163 403 2209 sum
434 2144 850 2229 prebuerunt.
892 2146 991 2239 ·1n
1041 2146 1224 2213 cuius
1273 2147 1366 2216 rei
1416 2151 1794 2217 memoriam
1834 2148 1921 2216 ad
1950 2148 2343 2217 instanciam
2375 2167 2520 2234 par·

263 2254 432 2320 cium
493 2260 826 2335 presentes
875 2255 1306 2322 concessimus
1359 2255 1607 2323 litteras
1672 2256 1878 2341 sigilli
1928 2256 2134 2323 nostri
2165 2256 2520 2323 munimine

269 2362 623 2430 roboratas.
670 2363 913 2428 Datum
963 2382 1080 2447 per
1118 2383 1348 2431 manus
1389 2365 1690 2449 Magistri
1721 2365 2046 2449 Ambrosij
2077 2364 2365 2432 Lectoris
2395 2363 2520 2430 Bu·

266 2471 502 2555 densis,
553 2488 728 2536 anno
768 2468 1036 2536 Domini
1065 2469 1159 2537 11⁰
1192 2468 1321 2537 CC⁰
1352 2471 1569 2538 ΙιΧΧο
1599 2493 1769 2540 nono
1788 2523 1808 2559 ,
1855 2472 2172 2556 Magistro
2219 2471 2520 2541 Jobanue

266 2579 546 2648 Cantore
565 2632 583 2666 ,
630 2579 989 2647 Laurencio
1040 2579 1357 2667 Custode,
1412 2581 1778 2666 Pangracio
1809 2581 2080 2650 Decano
2101 2634 2119 2666 ,
2182 2580 2427 2650 Bedew
2458 2585 2523 2648 et

265 2687 566 2756 Johanne
597 2688 1072 2775 sacerdotibus,
1099 2689 1429 2774 Stephano
1461 2709 1541 2757 ac
1569 2691 1743 2777 Elya
1773 2691 2128 2777 Magistris,
2159 2690 2520 2772 ceterisque

268 2797 610 2866 Canonicis
641 2795 1093 2866 existentibus.

268 2978 537 3044 (Eredetie
575 2975 923 3046 b6rhartyan,
961 2995 996 3030 a
1033 2976 1218 3045 peccet
1255 2984 1411 3031 vurus
1437 2976 1901 3043 selyemzsinoron
1941 2980 2077 3046 fflgg
2099 3017 2112 3042 ,
2152 2995 2187 3030 a
2209 2977 2376 3032 budai
2415 2977 2519 3030 kit-

1065 3067 1314 3121 kamarai
1349 3065 1708 3122 leveltarban.

1317 3713 1472 3782 177.

269 3897 363 3964 ΑΖ
392 3899 527 3983 εφη·
571 3896 1017 3984 kdptalannak
1046 3894 1600 3981 bizonysdqlevele,
1649 3896 1814 3981 hoqy
1863 3891 2124 3959 Aladdr
2153 3916 2194 3957 a
2224 3893 2530 3980 kirdlynd

253 4004 808 4090 fdtdlnokmeatere
858 4028 899 4069 a
950 4004 1162 4091 Kychi
1194 4003 1568 4069 nemesekkel
1599 4002 1783 4068 Mikd
1814 4001 2122 4068 testvarak
2150 4001 2519 4088 meqiilete'sc-

758 4114 849 4177 ert
879 4110 1341 4199 barcitsdqosan
1372 4113 1777 4200 eqyezkedett.
1829 4112 2024 4178 1279.

480 4311 796 4379 Omnibus
828 4310 1072 4378 Christi
1102 4307 1404 4379 fidelibus
1436 4316 1571 4376 tam
1601 4307 2016 4394 presentibus
2048 4326 2246 4392 quam
2288 4303 2520 4372 futuris

269 4440 534 4506 presens
596 4418 903 4504 scriptum
954 4419 1343 4505 inspecturis
1396 4417 1771 4503 Capitulum
1821 4414 2118 4483 Ecclesie
2174 4412 2517 4498 Agriensis

270 4528 545 4597 salutem
577 4527 647 4595 iu
682 4528 964 4595 omnium
994 4528 1343 4595 saluatore.
1382 4526 1488 4592 Ad
1509 4526 1955 4594 vniuersorum
1973 4521 2280 4593 noticiam
2298 4528 2522 4589 tenore

271 4635 679 4722 presencium
732 4634 1033 4705 uolumus
1082 4636 1464 4724 peruenire:
1533 4635 1705 4718 quod
1761 4633 2076 4702 Aladario
2113 4631 2246 4700 filio
2278 4629 2523 4698 Chethe

352 4772 562 4813 nom.
593 4773 756 4812 me.
787 4771 929 4812 mer.
965 4784 1040 4800 -
1077 4772 1223 4816 nm..
1256 4764 1328 4812 1⁸7.
2117 4744 2194 4808 17
