3319 5249
1820 360 1946 427 182

750 558 929 644 ipsos
960 557 1243 643 populus
1297 556 1375 625 de
1422 555 1724 625 Cholnuk
1775 556 2037 623 racione
2088 556 2313 623 mortis
2364 555 2657 642 predicte
2702 554 3019 642 impetere

751 672 1233 752 attemptarent,
1280 666 1594 750 Magister
1626 664 1868 733 Paulus
1901 674 1964 732 et
1999 664 2234 733 fratres
2286 666 2444 750 eius,
2494 687 2572 732 ac
2622 666 2854 736 Comes
2889 671 3018 735 Do-

751 775 1049 859 minicus‚
1096 773 1451 841 secundum
1483 774 1758 850 formam
1793 773 2292 861 composicionis
2324 776 2491 841 inter
2523 782 2743 861 partes
2775 774 3018 862 habite,

751 889 818 950 et
846 882 1322 950 continenciam
1352 883 1717 950 litterarum
1750 883 2047 967 Magistri
2083 890 2147 949 et
2166 883 2538 951 Conuentus
2570 884 3017 969 predictorum

753 995 1096 1057 teneantur
1127 1010 1239 1058 eos
1274 990 1620 1059 defendere
1652 999 1719 1058 et
1751 992 2059 1078 expedire
2090 992 2227 1059 suis
2260 991 2544 1077 propriJs
2575 992 2907 1060 laboribus
2951 1000 3018 1059 et

753 1097 1078 1185 expensis,
1129 1100 1367 1166 Datum
1400 1099 1467 1165 in
1499 1098 1786 1168 crastino
1829 1098 1979 1167 sesti
2013 1100 2240 1165 Sancti
2273 1099 2472 1184 Regis
2505 1099 2821 1186 Stephani
2844 1121 3017 1167 anno

755 1208 1021 1276 Domini
1052 1206 1663 1276 M⁰CC⁰LXX⁰VII⁰.

758 1388 1034 1452 (Eredetie
1057 1383 1417 1455 borhartyan,
1464 1388 1713 1453 melynek
1741 1387 1982 1455 pecsetjc
2026 1388 2299 1452 elveszett,
2346 1403 2381 1441 a
2424 1388 2589 1441 budai
2627 1390 2733 1441 kir.
2771 1390 3016 1441 kamarai

1698 1477 2080 1545 leveltdrban.)

1671 1749 2096 1760 *-

1813 2142 1963 2211 124.

764 2342 824 2409 A
857 2345 1126 2410 vasvdri
1156 2344 1601 2431 ka'ptalannak
1631 2345 2162 2431 bizonysdqlevele
2187 2395 2204 2429 ,
2249 2347 2412 2430 hoqy
2443 2344 2714 2410 Balaam
2746 2355 2902 2409 nevil
2939 2352 3022 2409 ηό

761 2456 972 2521 hetven
1000 2452 1269 2539 holdnyi
1298 2453 1569 2518 birtokot
1603 2451 1814 2520 Suo-ki
1844 2452 2141 2519 Dwmzld
2171 2453 2504 2519 meter-neh
2537 2454 2789 2519 cladott.
2824 2457 3021 2520 1277.

1195 2652 1255 2718 A
1632 2653 1687 2718 B
2070 2647 2122 2714 C
2503 2652 2582 2716 D.

977 2813 1115 2880 Nos
1149 2812 1519 2899 Capitulum
1553 2811 1845 2880 Ecclesie
1877 2811 2102 2880 Sancti
2123 2811 2457 2879 Michaelis
2491 2812 2575 2880 (16
2606 2813 2836 2883 Castro
2869 2816 3026 2881 Fer·

763 2941 878 2988 reo
908 2927 1128 2988 notum
1155 2919 1432 2987 facimus
1465 2927 1692 2987 tenore
1723 2920 2123 3005 presencium
2155 2921 2501 3005 vniuersis‚
2554 2921 2728 3005 quod
2761 2922 3026 2990 domina

767 3027 1032 3095 Balsam
1064 3026 1201 3093 filia
1231 3028 1459 3094 Jacobi
1511 3027 1592 3094 de
1624 3030 1920 3096 Pnrbuse
1970 3049 2186 3095 coram
2247 3029 2435 3096 nobis
2499 3031 2852 3096 constituta
2903 3031 3026 3097 illa

768 3135 1187 3222 septuaginta
1220 3135 1451 3219 iugera
1482 3141 1806 3203 terrarum
1864 3137 1987 3205 sub
2026 3137 2315 3221 antiquis
2348 3139 2560 3223 metis,
2610 3159 2736 3223 que
2768 3138 2891 3205 sibi
2923 3158 3024 3204 ra·

768 3244 954 3309 cione
986 3248 1217 3324 quarte
1248 3241 1473 3326 vigore
1523 3242 1850 3328 priuilegii
1901 3243 2296 3312 venerabilis
2349 3246 2554 3331 patris
2609 3246 2684 3313 0.
2717 3245 3026 3332 Episcopi

768 3349 1133 3420 Jauriensis
1169 3351 1335 3417 bone
1384 3353 1691 3417 memorie
1742 3358 2203 3439 prouenerant,
2271 3352 2465 3419 simul
2517 3373 2661 3420 cum
2699 3354 2815 3420 illa
2848 3359 3029 3420 terra

769 3478 909 3544 sua,
958 3475 1149 3542 quam
1183 3455 1338 3522 olim
1371 3463 1558 3542 pater
1592 3476 1750 3523 suus
1784 3457 2071 3524 Jacobus
2106 3478 2146 3522 a
2177 3457 2458 3542 quodam
2501 3458 2774 3545 Endury
2804 3465 3025 3526 nostro

767 3565 1107 3652 priuilegio
1138 3572 1566 3650 compararat,
1614 3572 1808 3650 prout
1859 3564 2064 3656 tocius
2111 3566 2371 3652 negocij
2425 3566 2626 3632 series
2677 3568 2745 3633 in
2795 3565 3025 3633 eodem

766 3674 1113 3762 priuilegio
1143 3673 1399 3759 plenius
1434 3675 1821 3762 continetur,
1856 3673 2041 3741 duxit
2075 3673 2458 3760 exponenda
2492 3674 2857 3741 uendicioni
2889 3675 3024 3741 Ma-

767 3784 972 3868 gistro
1004 3781 1334 3848 Duruzlao
1367 3780 1499 3848 filio
1532 3783 1870 3869 Duruzlay
1903 3781 1982 3847 de
2015 3780 2188 3848 Surk
2227 3803 2344 3867 pro
2397 3783 2740 3866 sexaginta
2788 3782 3026 3847 marcis

766 3887 1063 3977 plenarie
1107 3888 1382 3974 receptis
1434 3890 1517 3955 ab
1568 3889 1793 3956 eodem
1858 3888 2252 3957 hereditario
2304 3888 2442 3958 iurc
2494 3889 3028 3958 inreuocabiliter

767 3995 1183 4085 possidenda,
1235 3995 1396 4082 ipsis
1447 3996 1808 4081 priuilegiis
1862 3994 2073 4064 eidem
2114 3997 2432 4082 Magistro
2483 3999 2821 4064 Duruzlao
2856 3997 3029 4064 datis

773 4112 837 4171 et
869 4104 1222 4188 assignatis
1258 4125 1470 4171 coram
1506 4105 1712 4173 nobis.
1749 4105 1948 4172 Cuius
1969 4104 2230 4190 quidem
2263 4104 2633 4173 uendicioni
2671 4106 2946 4190 Gugune
2965 4113 3036 4172 et

768 4213 1055 4283 Jacobus
1086 4211 1202 4298 filij
1241 4212 1504 4300 Georgij
1543 4235 1661 4299 pro
1695 4235 1767 4281 se
1792 4221 1857 4279 et
1889 4234 2005 4299 pro
2036 4212 2339 4280 Jobanne
2368 4213 2572 4280 fratrc
2604 4233 2847 4300 eorum,
2881 4212 3028 4281 reli-

773 4331 880 4390 cta
913 4321 1154 4391 eisdem
1219 4321 1483 4409 Georgij
1540 4344 1685 4390 cum
1718 4323 1884 4391 Bese
1915 4323 2049 4390 filio
2083 4343 2238 4406 suo;
2293 4323 2535 4389 Paulus
2587 4323 2762 4389 filius
2801 4322 3030 4405 Pauli3

772 4430 1025 4499 Ivanka
1058 4437 1122 4497 et
1151 4430 1548 4498 Laurencius
1580 4431 1695 4517 filij
1732 4430 1896 4499 Ioan
1928 4452 2044 4519 pro
2077 4452 2148 4499 66
2181 4437 2246 4498 et
2275 4452 2391 4518 pro
2413 4433 2660 4500 Jacobo
2681 4452 2761 4498 ac
2778 4431 3034 4518 Tybur·

775 4540 914 4625 cio;
944 4537 1337 4606 Benedictus
1371 4538 1544 4607 filins
1576 4539 1866 4607 Turloud
1915 4561 2032 4626 pro
2066 4560 2139 4608 66
2170 4547 2233 4606 et
2285 4560 2399 4626 pro
2429 4540 2792 4608 Laurencio
2825 4538 3033 4607 fratre

779 4666 931 4738 suo;
964 4646 1155 4713 Pariz
1174 4644 1347 4713 filius
1371 4647 1558 4715 Paka
1586 4670 1703 4733 pro
1727 4668 1798 4715 se
1818 4655 1882 4715 et
1901 4648 2403 4735 proBogomerio
2424 4647 2623 4716 fratre
2654 4668 2770 4714 suo
2794 4674 2808 4732 3
2841 4648 3030 4717 Zere-
