3319 5249
1775 294 1908 358 480

712 490 1001 556 dationis
1034 490 1288 557 titulum
1322 498 1667 556 mereatur.
1701 489 2022 567 Quocirca
2053 487 2448 554 fraternitati
2476 498 2585 553 tue
2635 509 2754 574 per
2806 486 2961 574 Apo-

712 598 942 664 stolica
972 597 1213 682 scripta
1241 595 1646 679 mandamus,
1682 601 1999 678 quatenus
2030 594 2121 661 ad
2154 594 2496 661 Civitatem
2529 596 2883 681 predictam
2904 604 2964 661 te

711 705 1136 792 personaliter
1188 703 1549 791 conferens,
1599 705 2014 791 Potestatem,
2067 702 2409 790 Antiauos,
2459 702 2877 770 Consiliarios
2908 712 2968 770 et

714 812 1062 878 Commune
1092 810 1385 898 prefatos
1419 831 1497 877 ex
1555 817 1738 896 parte
1800 817 2021 878 nostra
2083 830 2349 878 moneas
2412 818 2474 877 et
2531 812 2831 897 inducas,
2891 820 2962 878 ut

713 917 886 985 infra
916 918 1279 1005 predictum
1302 919 1639 985 terminum
1695 919 2059 985 huiusmodi
2078 919 2357 1002 monitis,
2391 919 2716 1006 precibus,
2740 920 2969 986 exhor·

714 1027 1068 1093 tationibus
1103 1034 1167 1093 et
1198 1027 1528 1093 mandatis
1560 1026 1801 1093 nostris
1830 1026 2154 1092 humiliter
2186 1032 2250 1093 et
2299 1026 2651 1092 efficaciter
2698 1027 2964 1093 obedire

711 1143 1072 1218 procurent.
1107 1135 1413 1219 Alioquin
1447 1140 1684 1201 extunc
1717 1135 1783 1198 in
1814 1136 2229 1218 Potestatem,
2264 1134 2582 1200 Antianos
2632 1141 2697 1200 et
2754 1135 2978 1201 Consi-

713 1242 941 1309 liarics
972 1241 1317 1330 predictos,
1351 1250 1415 1309 et
1464 1243 1779 1310 officiales
1830 1263 2072 1324 eorum,
2127 1250 2191 1308 et
2240 1244 2406 1309 alios
2459 1243 2800 1329 quoslibet,
2853 1263 2982 1327 per

716 1372 879 1436 quos
929 1349 1176 1418 Civitas
1241 1352 1483 1435 regitur
1534 1350 1930 1439 supradicta,
1984 1350 2668 1418 excommunicationis
2719 1359 2977 1418 senten·

716 1459 871 1525 tiam
903 1460 1332 1545 promulgare,
1369 1459 1742 1542 dictumque
1773 1461 2189 1547 Potestatem,
2221 1479 2300 1525 ac
2331 1480 2441 1526 eos
2474 1459 2668 1526 etiam
2704 1479 2972 1544 prorsus

716 1569 1040 1636 inhabiles
1072 1568 1340 1635 reddere
1371 1568 1457 1633 ad
1487 1567 1841 1652 dignitates
1872 1569 2196 1634 seculares
2228 1574 2294 1633 et
2324 1567 2541 1633 officia
2589 1567 2877 1652 quelibet
2905 1574 2976 1632 et

716 1677 1015 1764 honores,
1047 1684 1109 1742 et
1141 1676 1403 1763 insuper
1434 1676 1854 1763 Potestatem,
1885 1675 2225 1762 Antianos,
2248 1675 2671 1742 consiliarios
2701 1682 2766 1741 et
2785 1674 2970 1741 Com·

718 1805 909 1852 mune
942 1786 1263 1873 predictos
1296 1783 1684 1868 generaliter
1717 1788 1780 1850 et
1810 1783 2184 1870 specialiter
2215 1782 2429 1851 feudis
2479 1783 2799 1867 omnibus,
2850 1802 2978 1867 que

717 1916 761 1961 a
791 1895 1282 1979 quibuscunque
1315 1884 1727 1960 Ecclesiis'et
1755 1874 2170 1976 Mona'sterijs
2220 1912 2299 1958 ac
2347 1890 2639 1978 personis
2674 1890 2986 1958 ecclesia·

720 2002 902 2070 sticis
933 2002 1329 2070 secularibus
1360 2002 1468 2069 vel
1488 2000 1813 2084 religiosis
1844 2008 2086 2088 tenent,
2110 2001 2533 2067 cummuniter
2553 1999 2660 2065 vel
2692 1997 2979 2083 divisim,

721 2110 1065 2177 Civitatem
1132 2128 1385 2193 quoque
1436 2106 1792 2195 predictam
1837 2106 2048 2174 studii
2111 2106 2447 2190 dignitate,
2495 2106 2857 2193 privilegiis
2907 2113 2978 2173 et

721 2215 1141 2302 indulgentiis
1174 2216 1490 2304 omnibus,
1520 2216 1684 2302 ipsis
1717 2222 1781 2281 et
1812 2215 2020 2281 eidem
2054 2214 2316 2282 Civitati
2347 2235 2541 2302 super
2572 2214 2801 2281 Studio
2831 2216 2984 2301 ipm

719 2326 804 2393 ab
825 2324 1199 2412 Apostolica
1218 2322 1386 2393 Sede
1422 2323 1767 2409 concessis,
1788 2341 2037 2390 necnon
2058 2330 2124 2389 et
2162 2322 2542 2407 Potestaria,
2581 2320 2974 2404 Capitanea-

723 2442 814 2522 tu,
864 2434 1108 2500 honore
1137 2452 1216 2498 ac
1247 2431 1566 2516 dignitate
1599 2431 1892 2515 qualibet
1921 2431 2218 2517 seculari,
2270 2430 2366 2497 ita
2413 2427 2590 2512 quod
2637 2430 2858 2496 nullus
2906 2428 2978 2494 in

719 2542 927 2631 ipsius
978 2539 1277 2607 Civitatis
1327 2540 1747 2620 Potestatem,
1804 2539 2226 2627 Capitaneum
2278 2559 2394 2606 seu
2443 2539 2805 2626 Rectorem,
2856 2545 2974 2603 aut

622 2729 627 2734 ,
723 2650 1067 2718 Consulem
1100 2652 1200 2717 vel
1233 2649 1574 2715 officialem
1596 2650 1806 2735 possit
1822 2648 1976 2733 eligi
2007 2650 2108 2715 vel
2130 2647 2391 2728 assumi,
2423 2645 2564 2713 sive
2593 2644 2679 2712 ad
2697 2644 2970 2729 aliquod

720 2759 790 2826 in
823 2778 903 2825 ea
933 2757 1219 2824 officium
1253 2757 1680 2824 exercendum
1701 2806 1718 2841 ,
1752 2764 1815 2823 et
1846 2756 1903 2824 si
1935 2755 2083 2839 quis
2115 2753 2387 2839 aliquod
2419 2773 2500 2820 ex
2520 2753 2652 2820 illis
2684 2753 2976 2839 recipere

722 2865 999 2933 fortasse
1048 2865 1532 2952 presumpserit,
1552 2886 1629 2932 eo
1677 2866 1821 2952 ipso
1840 2862 2229 2933 sententiam
2279 2860 2972 2928 excommunicationis

721 2975 1029 3059 incurrat,
1059 2995 1180 3040 nec
1210 2975 1416 3060 possit
1446 2975 1719 3041 ulterius
1750 2972 1836 3039 ad
1868 2973 2133 3040 alterius
2165 2971 2464 3038 Civitatis
2494 2969 2601 3036 vel
2630 2968 2764 3037 loci
2810 2967 2979 3051 regi·

722 3102 870 3150 men
903 3081 1350 3166 exequendum
1384 3081 1647 3169 assumi,
1701 3082 1963 3168 privare
2011 3081 2273 3148 omnino
2324 3078 2704 3145 auctoritate
2752 3083 2982 3144 nostra

721 3211 1050 3278 procures.
1082 3191 1436 3258 Universos
1465 3201 1721 3274 quoque
1749 3190 2097 3274 Magistros
2128 3195 2192 3254 et
2222 3187 2505 3256 scolares
2533 3184 2968 3269 ,alienigenas

724 3300 810 3367 de
839 3300 1118 3367 Civitate
1149 3299 1441 3386 predicta
1472 3318 1735 3384 prorsus
1767 3298 2088 3383 expellere
2117 3316 2248 3363 non
2277 3299 2653 3382 postponas,
2671 3293 2765 3360 ita
2795 3294 2972 3378 quod

723 3407 814 3473 ad
845 3425 988 3472 eam
1019 3409 1264 3491 absque
1295 3405 1565 3492 speciail
1598 3404 1789 3471 Sedis
1820 3404 2113 3493 predicte
2144 3403 2409 3471 licentia
2440 3400 2823 3468 nullatenus
2871 3421 2966 3468 re-

725 3521 1080 3600 vertantur,
1113 3523 1178 3580 et
1209 3514 1266 3579 si
1318 3534 1507 3581 secus
1557 3518 1947 3601 attemptare
1997 3511 2528 3598 presumpserint,
2579 3515 2645 3575 et
2690 3508 2974 3576 obtentis

724 3620 1056 3691 beneficiis
1089 3622 1347 3689 omnino
1378 3621 1735 3709 priventur,
1771 3625 1836 3687 et
1893 3618 2248 3687 reddantur
2308 3617 2630 3684 inhabiles
2691 3614 2778 3683 ad
2838 3617 2992 3684 alia-

725 3729 1099 3818 obtinenda,
1133 3736 1197 3796 et
1228 3731 1394 3798 alias
1425 3730 1618 3798 etiam
1649 3736 1720 3796 tu
1751 3735 1975 3795 contra
2022 3726 2352 3816 predictos
2402 3726 2815 3810 Potestatem,
2853 3726 2988 3791 An·

726 3838 960 3925 tianos,
994 3835 1416 3906 Consiliarios
1450 3845 1513 3905 et
1544 3837 1901 3903 Commune·
1921 3834 2307 3902 Paduanum
2340 3842 2406 3902 et
2441 3832 2786 3901 Civitatem
2836 3853 2984 3900 ean·

728 3945 875 4013 dem
908 3944 1332 4033 spiritualiter
1362 3951 1427 4011 et
1457 3944 1916 4031 temporaliter,
1947 3950 2138 4028 prout
2167 3941 2321 4009 facti
2353 3940 2640 4026 qualitas
2670 3948 2980 4023 suggeret

727 4062 793 4121 et
821 4052 1062 4122 videris
1094 4051 1416 4141 expedire,
1453 4050 1806 4138 procedas3
1858 4050 2364 4120 contradictores
2393 4068 2511 4135 per
2541 4067 2848 4115 censuras
2881 4067 2994 4114 ee·

728 4155 1154 4245 clesiasticas,
1204 4160 1647 4245 appellatione
1715 4158 2148 4245 postpossitas
2199 4154 2688 4243 compescendo.
2738 4155 2982 4221 Datum

724 4271 931 4340 Beate
961 4267 1267 4335 kalendis
1285 4266 1598 4355 Octobris,
1630 4266 2052 4335 Pontificatus
2082 4265 2280 4332 nostri
2312 4264 2504 4329 Anno
2534 4262 2763 4347 primo.

730 4471 1001 4535 (Theiner,
1038 4470 1235 4520 Vetera
1274 4468 1626 4519 Monumenta
1646 4465 1929 4519 Slavorum
1949 4464 2384 4517 Meridionalium
2408 4463 2682 4514 historiam
2706 4459 3000 4513 illustran-

1591 4560 1669 4608 tia
1686 4558 1728 4607 1.
1758 4556 1868 4608 hot.
1913 4558 2031 4607 106.
2062 4556 2121 4620 l.)
