3319 5249
1763 271 1894 338 284

706 476 773 537 et
806 469 1220 557 adiacencijs,
1274 470 1482 537 vineis
1513 468 1836 554 uidelicet,
1886 469 2090 558 siluis,
2137 470 2462 554 fenilibus,
2513 470 2824 553 domibus,
2881 474 2947 536 et

712 578 1003 663 edificijs‚
1034 598 1113 645 ac
1141 578 1293 664 alijs
1324 577 1716 647 utilitatibus
1747 580 1900 665 suis,
1935 579 2266 647 confessus
2295 576 2529 666 (estse
2559 577 2947 667 con)tulisse

705 694 770 755 et
800 688 1173 771 assignasse
1223 687 1482 754 domino
1520 694 1746 755 nostro
1778 688 1941 772 Regi
1969 708 2089 774 pro
2120 690 2492 757 concambio
2523 708 2641 756 seu
2672 706 2946 753 commu-

700 797 957 864 tacione
987 802 1160 862 terre
1191 794 1445 880 Chorog
1475 793 1588 884 (‘?)
1621 835 1710 844 —
1742 834 1830 846 —-
1863 833 1945 844 —
1985 836 2060 844 —
2089 796 2370 864 dandam
2400 806 2463 865 et
2493 795 2946 864 conferendam

699 925 817 990 per
847 905 1055 990 ipsum
1089 900 1418 970 dominum
1447 905 1690 989 Regem
1722 906 2052 973 sororibus
2102 905 2186 973 de
2233 906 2457 973 Insula
2501 905 2703 971 Beate
2736 903 2947 989 Virgi-

701 1013 821 1097 nis,
864 1033 982 1098 pro
1013 1012 1245 1097 quibus
1276 1012 1505 1098 (frater
1531 1013 1955 1101 Augustinus,
1988 1019 2053 1081 et
2087 1011 2345 1101 Petrus)
2378 1014 2594 1080 socius
2623 1013 2948 1100 eiusdem,

698 1121 959 1191 nomine
988 1122 1431 1208 procuratorio
1464 1123 1815 1190 earundem
1868 1143 2082 1191 coram
2120 1124 2304 1190 uobis
2338 1121 2762 1206 personaliter
2795 1141 2942 1188 con·

700 1230 942 1316 stituti,
996 1228 1286 1296 eiusdem
1336 1230 1611 1315 Nicolay
1654 1230 2193 1316 protestacionem
2226 1250 2422 1316 super
2451 1232 2765 1317 premisso
2798 1251 2943 1298 con-

702 1341 953 1407 cambio
1015 1339 1256 1406 factam
1317 1337 1714 1406 affirmantes
1778 1347 2304 1425 assumpserunt,
2383 1346 2485 1405 vt⁴
2513 1359 2709 1425 super
2766 1340 2942 1406 facto

698 1449 995 1536 premissi
1047 1445 1402 1530 concambij
1437 1446 1685 1514 domini
1724 1448 1940 1535 Regis,
1973 1448 2292 1516 Budensis
2325 1454 2390 1515 et
2413 1448 2720 1515 Albensis
2754 1447 2942 1533 Capi·

704 1559 980 1625 tulorum
1013 1563 1077 1623 et
1106 1563 1329 1623 nostra
1357 1555 1705 1641 priuilegia
1743 1556 1991 1623 saciant
2029 1576 2369 1643 emanare,
2417 1557 2650 1639 quibus
2679 1554 2942 1640 priuile

698 1666 827 1751 gijs
888 1664 1060 1731 idem
1127 1664 1436 1732 Nicolaus
1487 1684 1682 1750 super
1736 1666 2225 1734 confirmacione
2286 1666 2521 1752 prefati
2576 1665 2937 1750 concambij

698 1774 936 1843 habitis
964 1780 1027 1840 et
1058 1773 1339 1859 optentis
1370 1772 1722 1858 priuilegia
1753 1794 1867 1841 seu
1898 1776 2360 1855 instrumenta,
2409 1794 2674 1858 quorum
2707 1779 2940 1853 {aucto-
3032 1853 3036 1856 ‚

702 1884 892 1951 ritate
944 1883 1185 1947 dictam
1236 1887 1472 1947 terram
1523 1880 1666 1966 ipse
1715 1887 1778 1947 et
1826 1889 2011 1967 pater
2064 1902 2216 1950 suus
2254 1881 2538 1949 tenuisse
2570 1881 2941 1965 dinoscitur,

700 1994 767 2059 in
798 2011 1027 2058 manus
1063 1988 1492 2073 predictorum
1528 1989 1798 2055 fratrum
1850 1990 2189 2073 assignare
2229 1991 2552 2057 tenebitur
2581 2011 2796 2057 coram
2829 2010 2940 2057 no-

704 2102 821 2185 bis,
868 2106 937 2165 ut
985 2100 1374 2184 assumpsit;
1439 2098 1797 2183 predictam
1850 2105 2064 2166 autem
2114 2102 2351 2166 terram
2407 2097 2575 2165 idem
2626 2099 2940 2167 Nicolaus

699 2207 1222 2295 procuratoribus
1273 2207 1707 2291 predictarum
1757 2227 2041 2274 sororum
2103 2208 2488 2275 auctoritate
2543 2207 2945 2293 presencium

699 2315 1084 2398 assignauit.
1133 2317 1371 2381 Datum
1412 2316 1635 2401 quinta
1667 2315 1830 2383 feria
1859 2322 2006 2402 post
2034 2317 2270 2383 festum
2301 2316 2485 2383 Beati
2519 2314 2735 2401 Egidij
2772 2337 2943 2383 anno

698 2422 960 2491 Domini
991 2423 1339 2493 millesimo
1372 2425 1811 2493 ducentesimo
1843 2425 2302 2509 octuagesimo.

699 2620 973 2687 (Eredetie
1009 2591 1359 2690 blithbrtyan,
1396 2640 1430 2676 a
1456 2620 1608 2678 hatul
1647 2624 1751 2677 oda
1776 2632 2021 2692 nyomott
2055 2626 2240 2694 pecset
2264 2627 2542 2690 elveszett,
2581 2642 2616 2678 a
2641 2627 2809 2679 budai
2836 2623 2942 2677 kir.

1507 2717 1751 2767 kamarai
1777 2713 2154 2781 leveltarban.)

1615 3010 2036 3018 ——----————

1744 3548 1897 3615 202.

696 3727 756 3794 A
790 3732 1045 3818 nyitrai
1094 3733 1545 3817 kdptalannak
1593 3733 2141 3821 bizonysdylcvele,
2194 3735 2362 3820 koyy
2390 3735 2577 3801 Kend
2607 3743 2770 3800 nevil
2785 3734 2945 3821 fo‘ld

1064 3839 1275 3919 Pc'ter,
1313 3840 1624 3907 Zubuszld
1640 3842 1884 3924 fia‘nail
1914 3842 2357 3906 statuciltatott.
2395 3843 2590 3906 1280.

906 4035 1462 4103 Excellentissimo
1508 4038 1764 4104 domino
1796 4057 1914 4105 suo
1946 4039 2260 4107 Ladizlao
2290 4041 2414 4107 Dei
2448 4040 2667 4124 gracia
2700 4041 2939 4108 Illustri

698 4145 860 4229 Regi
914 4144 1245 4230 Hungarie
1282 4145 1655 4233 Capitulum
1690 4147 2035 4216 Nitriensis
2067 4149 2356 4217 Ecclesie
2386 4150 2728 4218 oraciones
2762 4151 2939 4218 debi-

692 4259 797 4320 tas
847 4258 910 4318 et
945 4250 1233 4320 denotas.
1268 4255 1531 4323 Litteris
1574 4256 1807 4323 uestris
1839 4256 2304 4325 honorabiliter
2334 4261 2631 4345 receptis,
2664 4267 2735 4327 ut
2765 4265 2937 4327 tene·
3011 4336 3021 4344 ,

698 4382 858 4450 mur,
892 4362 1185 4429 misimus
1219 4383 1298 4431 ex
1330 4364 1517 4432 nobis
1551 4364 1760 4431 uirum
1791 4363 2110 4450 ydoneum
2144 4374 2208 4433 et
2244 4366 2537 4451 fidelem3
2572 4388 2781 4436 coram
2811 4389 2938 4452 quo

697 4471 1091 4538 venerabilis
1123 4479 1309 4556 pater
1340 4470 1635 4541 dominus
1667 4479 1884 4541 noster
1917 4476 2325 4561 Vyncencius
2356 4477 2480 4544 Dei
2510 4478 2735 4561 gracia
2784 4479 2934 4564 Epi-

696 4599 926 4665 scopus
977 4578 1327 4650 Nitriensis
1395 4581 1580 4650 homo
1630 4590 1846 4650 uester
1907 4604 2024 4670 per
2077 4584 2400 4652 hominem
2452 4606 2636 4654 suum
2658 4639 2677 4675 ,
2729 4586 2935 4655 virum
