3319 5249
1330 317 1413 380 13

226 510 394 578 citer
422 508 888 596 intelleximus,
924 509 1010 577 ad
1042 510 1419 578 memoriam
1458 509 1820 579 futurorum
1860 518 1923 579 et
1952 508 2491 580 informacionem

225 626 588 685 ceterorum
644 619 1058 704 presentibus
1089 619 1406 704 jussimus
1456 620 1779 688 annotari.
1830 620 2116 687 Primum
2158 617 2496 704 siquidem,

228 747 379 794 eum
412 726 713 795 dominus
745 728 883 794 Rex
912 733 1102 814 pater
1150 732 1377 795 noster
1414 735 1567 795 tune
1600 747 1834 811 gerens
1868 731 2037 796 terre
2070 725 2493 795 Transdanu-

228 836 435 901 bialis
466 834 1003 922 gubernaculum,
1036 856 1075 903 a
1108 836 1275 902 faeie
1305 838 1513 922 patris
1548 836 1671 921 sui,
1697 837 1806 919 qui
1839 855 1983 904 eum
2017 856 2097 902 ex
2130 834 2497 903 infidelium

230 944 672 1027 instigacione
722 944 1016 1028 relegato
1070 951 1339 1030 paterne
1388 945 1649 1032 pietatis
1682 944 1926 1013 affeetu
1959 948 2494 1031 persequebatur,

229 1054 297 1118 in
347 1060 632 1119 castrum
684 1052 771 1120 de
800 1053 1270 1139 Feketyvbolm
1317 1075 1461 1122 eum
1495 1075 1708 1140 pauca
1749 1054 2058 1122 eomitiua
2089 1053 2498 1140 declinasset,

228 1159 405 1227 idem
454 1162 771 1246 Magister
821 1162 1048 1230 Petrus
1102 1184 1183 1229 cx
1234 1163 1543 1230 missione
1595 1164 1808 1249 patris
1859 1163 2072 1231 nostri
2124 1165 2247 1230 sub
2281 1171 2496 1230 castro

229 1271 451 1337 Dewa
483 1278 710 1337 eontra
739 1268 1172 1338 Cumanorum
1205 1274 1563 1341 exereitum
1602 1272 1883 1341 viriliter
1916 1272 2271 1357 dimicavit,
2308 1290 2494 1354 quos·

230 1376 387 1443 dam
438 1396 524 1444 ex
571 1376 666 1445 eis
720 1380 1129 1465 captiuando,
1182 1380 1499 1465 quosdam
1551 1388 1768 1448 autem
1821 1378 2226 1468 perimendo,
2275 1381 2494 1449 trium·

230 1486 507 1571 pbalem
541 1488 902 1573 reportauit
943 1488 1303 1575 victoriam,
1354 1490 1695 1574 negocium
1737 1489 1945 1573 patris
1991 1489 2200 1556 nostri
2234 1490 2323 1556 ibi
2355 1488 2497 1556 feli-

231 1595 396 1663 citer
443 1594 829 1662 inchoaudo.
916 1599 1224 1664 Preterea
1280 1619 1423 1664 eum
1495 1606 1779 1668 castrum
1833 1597 2144 1681 Borynka
2205 1617 2325 1682 per
2373 1595 2495 1662 ini-

234 1704 436 1771 micos
491 1706 701 1790 patris
751 1706 954 1771 nostri
1006 1712 1071 1771 et
1120 1707 1329 1789 Regni
1384 1705 1722 1788 Hungarie
1762 1704 2214 1788 exploratores
2268 1701 2496 1769 fuisset

233 1821 643 1899 occupatum,
694 1814 983 1898 prefatus
1019 1814 1335 1898 Magister
1366 1814 1590 1880 Petrus
1630 1834 1775 1879 cum
1809 1813 2122 1880 effusione
2155 1810 2496 1894 sanguinis

233 1924 333 1987 sui
376 1931 442 1987 et
470 1928 676 1987 morte
708 1941 967 1989 suorum
1001 1923 1410 2007 recuperauit
1438 1928 1723 1988 castrum
1758 1918 1945 2008 illud,
1975 1928 2038 1986 ct
2059 1919 2493 1986 iurisdiecioni

233 2031 521 2095 restituit
568 2029 853 2094 fidelium
906 2035 1267 2096 nostrorum
1320 2030 1678 2096 eliminatis
1737 2028 2105 2095 infidelibus
2139 2048 2218 2094 ex
2249 2027 2493 2094 eodem.

231 2138 336 2203 Ad
390 2139 535 2223 hec,
587 2160 732 2206 eum
791 2138 1123 2225 predictus
1174 2159 1339 2207 auus
1389 2146 1611 2207 noster
1664 2139 2049 2205 transmissa
2099 2144 2494 2205 armatorum

230 2248 652 2316 multitudine
700 2249 975 2335 primum
1027 2270 1168 2336 nos,
1227 2257 1293 2316 et
1343 2249 1673 2315 dominam
1718 2248 2033 2331 Reginam
2085 2253 2376 2332 matrem,
2431 2256 2495 2313 et

231 2377 498 2426 sorores
535 2366 789 2425 nostras
836 2358 1223 2425 karissimas
1276 2356 1359 2423 de
1410 2365 1626 2424 castro
1663 2357 1875 2422 Patak
1918 2356 2106 2423 educi
2142 2354 2388 2423 fecerat
2432 2363 2497 2422 ct

231 2467 538 2553 extrahy,
591 2473 658 2533 ct
689 2465 926 2533 exinde
957 2473 1205 2550 patrem
1261 2473 1551 2532 nostrum
1586 2464 1968 2549 inuestigarj
2004 2462 2307 2551 faciebat,
2359 2466 2494 2529 ma·

224 2575 513 2641 chinans
555 2596 701 2644 eum
732 2577 995 2662 priuarc
1044 2577 1182 2644 iure
1233 2566 1532 2660 geniture
1584 2583 1648 2642 et
1685 2574 1891 2659 Regni
1945 2573 2319 2642 diademate
2351 2594 2494 2660 spe«

222 2685 439 2766 liare3
494 2685 637 2766 ipse
669 2684 981 2768 Magister
1017 2684 1245 2750 Petrus
1296 2703 1441 2749 cum
1492 2683 1747 2750 Matheo
1797 2681 1999 2749 fratre
2051 2702 2166 2748 suo
2218 2683 2493 2768 primum

223 2792 601 2878 captiuauit
652 2793 1095 2878 speculatores
1167 2794 1486 2860 exereitus
1541 2795 1650 2876 auj
1714 2790 1914 2874 nostrj
1967 2798 2191 2858 eontra
2242 2799 2491 2876 patrem

221 2908 529 2967 nostrum
579 2899 664 2965 ad
697 2899 1165 2985 explorandum
1218 2900 1519 2968 clanculo
1560 2900 1959 2983 destinatos3
2011 2899 2243 2982 quibus
2273 2898 2354 2965 de
2388 2920 2492 2965 ca-

224 3007 962 3095 ptiuitate‚huiusmodi
1010 3008 1098 3075 ad
1151 3009 1470 3076 cautelam
1522 3009 1871 3091 absolutis,
1927 3028 2042 3092 per
2092 3008 2491 3092 quorundam

224 3118 565 3184 Baronum
617 3115 788 3200 patri
837 3123 1058 3183 nostro
1111 3115 1433 3200 fidelium,
1508 3115 1663 3181 lieet
1712 3121 1868 3180 tunc
1919 3114 2042 3200 ipsi
2094 3134 2223 3181 auo
2274 3124 2495 3183 nostro

223 3230 463 3291 coacte
515 3222 1001 3310 famulaneium,
1044 3223 1335 3290 Saxones
1387 3229 1451 3290 ct
1485 3224 1605 3309 alij
1650 3222 1941 3288 homines
1976 3222 2263 3306 regionis
2294 3225 2495 3290 Tran-

223 3335 498 3400 silvane
552 3332 637 3397 ad
687 3341 933 3418 patrem
987 3339 1273 3398 nostrum
1327 3330 1679 3416 redierunt,
1728 3350 1873 3397 eum
1924 3331 2290 3397 naturalem
2322 3337 2494 3398 terre

221 3440 572 3507 dominum
622 3446 1106 3523 cognoscentes.
1156 3441 1230 3504 ln
1264 3440 1497 3521 quibus
1547 3437 1809 3523 quidem
1863 3438 2119 3504 casibus
2170 3438 2344 3522 patri
2385 3458 2494 3502 no-

221 3558 369 3617 stro
432 3557 499 3614 et
548 3550 732 3615 nobis
783 3547 972 3631 quasi
1021 3548 1087 3612 in
1141 3546 1600 3633 desperacione
1670 3546 1920 3632 positis,
1969 3545 2139 3613 idem
2184 3544 2495 3628 Magister

220 3659 467 3723 Petrus
519 3675 663 3722 eum
714 3654 941 3723 eodem
975 3654 1289 3739 Magistro
1322 3655 1584 3721 Matheo
1637 3654 1839 3721 fratre
1870 3675 2007 3742 suo,
2061 3661 2128 3720 et
2177 3675 2320 3721 eum
2354 3654 2493 3737 qui·

218 3764 515 3831 busdam
552 3765 704 3849 alijs
741 3765 859 3828 sub
890 3772 1103 3829 castro
1143 3762 1433 3847 predicto
1464 3770 1529 3830 et
1560 3762 1724 3829 loeis
1755 3761 1902 3829 aliis
1933 3761 2230 3848 repetitis
2263 3781 2494 3848 nempe

218 3875 487 3940 vicibus
538 3893 657 3957 pro
688 3870 932 3938 honore
963 3878 1030 3939 et
1060 3871 1459 3939 liberaeione
1490 3872 1747 3956 negoeij
1800 3872 2009 3957 patris
2041 3872 2245 3939 nostri
2281 3869 2493 3936 dubiis

216 3983 552 4049 bellorum
586 3981 923 4047 euentibus
974 4001 1043 4048 se
1076 3985 1477 4047 committere
1526 4001 1658 4046 non
1691 3978 1956 4064 expauit
1986 3985 2280 4064 potenter
2314 3976 2495 4044 dimi-

216 4089 469 4175 cando,
506 4086 805 4155 militiam
863 4087 1152 4155 excreuit
1205 4088 1573 4171 frequenter
1611 4090 2010 4172 virtuosam,
2063 4087 2331 4155 sudores
2365 4086 2495 4152 bel-

217 4200 394 4264 licos
454 4204 521 4262 ct
550 4196 778 4262 letalia
826 4198 1101 4263 uulnera
1150 4196 1569 4281 sustinend03
1614 4195 1896 4262 maxime
1946 4195 2010 4261 in
2048 4215 2123 4262 co
2175 4193 2493 4274 conflictu,

214 4303 507 4389 qnando
543 4304 940 4370 Laureneius
990 4304 1161 4370 filius
1192 4306 1445 4390 Kemyn
1498 4303 1781 4371 etmulti
1834 4304 1951 4392 alij
2006 4303 2178 4389 capti
2217 4301 2494 4389 fuerunt,

216 4420 287 4480 et
322 4412 563 4499 plures
596 4412 895 4496 iugulati.
946 4412 1118 4481 Sane
1168 4434 1310 4479 eum
1345 4415 1582 4480 Hernei
1614 4413 1836 4479 Banus
1885 4417 1950 4478 et
1979 4411 2094 4499 alij
2135 4410 2340 4478 nostri
2374 4413 2490 4477 Ba—

216 4543 423 4590 tones
457 4529 801 4608 prenotate
830 4521 1310 4608 persecucionis
1344 4529 1635 4607 tempore
1666 4527 1891 4588 eontra
1923 4529 2172 4607 patrem
2206 4526 2492 4587 nostrum

216 4637 487 4697 armata
542 4630 786 4696 milicia
836 4630 1288 4716 accessissent,
1344 4629 1513 4695 idem
1548 4630 1860 4713 Magister
1891 4630 2123 4696 Petrus
2173 4648 2317 4694 eum
2352 4648 2494 4713 pre-
