3319 5249
1757 223 1887 290 296

1758 848 1909 919 212.

702 1053 828 1120 IV.
877 1053 1109 1121 Ldszld
1153 1051 1374 1136 kirdly
1424 1049 1609 1117 Eram
1644 1053 1930 1118 eomestdl
1953 1051 2124 1117 lovat
2154 1054 2363 1131 veven,
2393 1075 2436 1115 a
2465 1052 2702 1117 veteleir
2729 1051 2947 1128 kifize-

970 1162 1162 1247 tdseiq
1196 1158 1495 1224 Namathi
1528 1160 1834 1247 helyse'qet
1867 1161 2252 1247 inscribdlja
2282 1159 2448 1225 nelei.
2482 1159 2675 1224 1281.

912 1357 1261 1425 Ladizlaus
1320 1358 1443 1424 Dei
1507 1357 1739 1442 gracia
1798 1357 2169 1441 Hungarie‚
2236 1357 2590 1440 Dalmaeie,
2656 1357 2944 1441 Croaeie,

699 1469 935 1552 Rame,
981 1465 1243 1549 Seruie‚
1290 1464 1607 1550 Gallicie,
1650 1465 2071 1554 Lodomerie,
2140 1464 2445 1532 Cumanie
2506 1465 2950 1548 Bulgarieque

702 1576 842 1642 Rex
893 1573 1187 1641 omnibus
1238 1572 1480 1640 Christi
1529 1573 1829 1640 fidelibus
1881 1583 2212 1659 presentes
2259 1575 2512 1640 litteras
2563 1572 2949 1657 inspecturis

704 1683 979 1749 salutem
1011 1682 1079 1747 in
1113 1681 1394 1748 omnium
1426 1682 1769 1747 saluatore.
1803 1680 1907 1745 Ad
1927 1682 2366 1750 vniversorum
2387 1681 2694 1748 noticiam
2726 1687 2953 1748 tenore

705 1789 1105 1877 presencium
1138 1789 1435 1857 volumus
1467 1790 1823 1875 peruenire,
1860 1792 2033 1874 quod
2064 1811 2208 1857 cum
2243 1811 2359 1859 nos
2391 1789 2717 1873 quendam
2754 1809 2944 1874 eqnm

707 1897 876 1988 (igy)
908 1900 1083 1967 rubri
1116 1899 1351 1966 coloris
1384 1919 1425 1963 a
1459 1898 1706 1966 Comite
1737 1901 1949 1967 Erdev
1980 1901 2217 1967 dilecto
2252 1908 2316 1967 et
2345 1899 2522 1966 fideli
2555 1907 2795 1983 nostro,
2835 1919 2946 1963 no-

705 2014 835 2076 stre
883 2008 1085 2092 Regie
1136 2008 1523 2075 celsitudini
1576 2016 2054 2096 congruentem,
2106 2029 2220 2094 pro
2254 2009 2550 2077 ducentis
2581 2009 2817 2074 marcis
2850 2026 2951 2071 ar·

708 2117 888 2200 genti
948 2136 1543 2203 comparassemus,
1608 2124 1674 2183 et
1736 2138 1816 2182 ea
1866 2120 2010 2185 uice
2072 2126 2333 2203 propter
2395 2118 2668 2204 pecunie
2731 2123 2950 2183 nostre

706 2222 1025 2290 defectum
1061 2226 1268 2310 ipsam
1302 2244 1620 2291 summam
1653 2226 1926 2310 pecunie
1969 2226 2093 2292 sibi
2124 2247 2250 2290 non
2283 2227 2718 2310 potuissemus
2749 2223 2950 2291 adim-

705 2331 922 2416 plere3
973 2333 1382 2417 presentibus
1435 2332 1800 2399 Batonibus
1852 2333 2108 2415 nostris,
2166 2335 2356 2400 Petro
2410 2333 2714 2401 videlicet
2744 2334 2950 2415 Magi-

708 2446 846 2506 stro
879 2441 1406 2510 Tawarnicorum
1439 2450 1818 2523 nostrorum,
1869 2443 2166 2510 Jobanne
2214 2442 2445 2511 Judice
2477 2443 2667 2509 Curie
2729 2450 2952 2510 nostre

717 2548 969 2614 Comite
1019 2550 1381 2638 Borsiensi,
1463 2551 1793 2616 Demetrio
1877 2550 2120 2617 Comite
2182 2552 2603 2637 Posoniensi,
2683 2560 2748 2618 et
2809 2553 2953 2619 Joa·

705 2678 830 2724 nea
878 2658 1125 2725 Comite
1155 2658 1483 2744 Nitriensi,
1542 2658 1798 2726 dilectis
1832 2665 1895 2725 et
1953 2661 2253 2728 fidelibus
2304 2662 2564 2742 nostris,
2619 2660 2947 2743 quandam

704 2767 930 2833 uillam
992 2775 1277 2836 nostram
1338 2768 1604 2854 Nempti
1666 2776 1984 2852 vocatam,
2038 2769 2123 2835 ad
2175 2770 2467 2855 predium
2520 2777 2803 2838 nostrum
2868 2769 2952 2835 de

707 2876 927 2942 Zolum
958 2869 1404 2962 pertinentem,
1439 2875 1521 2942 de
1550 2876 1774 2945 eodem
1806 2877 2031 2962 predio
2063 2885 2281 2943 nostro
2321 2888 2658 2963 exceptam
2691 2878 2952 2962 penitus

713 2989 778 3050 et
809 2990 1200 3070 exemptam,
1255 3005 1399 3051 cum
1452 2986 1749 3052 omnibus
1799 2983 2186 3051 vtilitatibus
2237 2993 2298 3052 et
2347 2985 2767 3070 pertinenciis
2820 2987 2952 3051 suis

708 3092 1048 3180 universis,
1098 3093 1220 3177 ipsi
1274 3091 1507 3160 Comiti
1561 3092 1806 3169 Erdeu,
1855 3114 1970 3179 pro
2019 3092 2322 3179 predictis
2375 3093 2669 3161 ducentis
2720 3095 2953 3160 marcis

708 3221 821 3286 pro
876 3206 1163 3286 tempore
1212 3202 1511 3270 duximus
1565 3202 2002 3286 obligandam.
2053 3204 2154 3269 Ita
2203 3202 2525 3289 videlicet,
2580 3204 2752 3288 qnod
2784 3204 2954 3268 idem

708 3308 938 3374 Comes
970 3307 1184 3375 Erdeu
1220 3317 1622 3395 prenotatam
1656 3312 1880 3377 villam
1950 3312 2206 3398 Nempti
2244 3313 2596 3398 possidere,
2633 3319 2852 3378 tenere
2891 3320 2956 3376 et

709 3423 1060 3502 prouentus
1109 3416 1393 3485 eiusdem
1444 3418 1532 3485 ad
1582 3420 1841 3487 modum
1894 3419 2288 3488 hereditarie
2354 3420 2784 3507 possessionis
2840 3439 2956 3486 sue

711 3526 1045 3613 percipere
1096 3527 1356 3610 valeat3
1410 3528 1612 3595 donec
1664 3529 1805 3615 ipse
1855 3529 2128 3597 ducente
2176 3549 2390 3597 marce
2441 3550 2559 3615 per
2597 3549 2714 3596 nos
2747 3528 2956 3596 eidem

711 3636 951 3703 fuerint
980 3634 1275 3720 plenarie
1305 3635 1650 3722 persolute.
1703 3637 1779 3703 In
1820 3638 1998 3705 cuius
2031 3638 2124 3704 rei
2158 3638 2532 3705 memoriam
2567 3637 2957 3703 firmitatem·

711 3764 839 3831 que
870 3751 1247 3831 perpetuam
1279 3752 1613 3830 presentes
1645 3743 1856 3812 eidem
1893 3747 2329 3814 concessimus
2350 3747 2610 3813 litteras
2630 3745 2958 3830 dupplieis

712 3853 915 3939 sigilli
944 3855 1152 3921 nostri
1187 3854 1541 3921 munimine
1575 3856 1939 3923 roboratas.
1990 3855 2231 3922 Datum
2264 3875 2380 3941 per
2410 3875 2642 3921 manus
2697 3853 2962 3921 discreti

707 3962 833 4030 viri
881 3960 1176 4047 Magistri
1224 3961 1511 4029 Achonis
1558 3964 1711 4030 aule
1759 3969 1973 4031 nostre
2022 3963 2180 4031 Vice
2212 3961 2592 4047 Cancellarij
2630 3960 2855 4029 dilecti
2888 3970 2956 4031 et

711 4071 926 4141 fidelis
974 4072 1181 4138 nostri
1232 4092 1404 4138 anno
1455 4068 1698 4139 domini
1746 4072 1836 4139 M⁰
1886 4069 2016 4140 00⁰
2068 4072 2510 4157 octuagesimo
2562 4071 2788 4159 primo.
2840 4071 2960 4140 XI.

710 4179 1035 4249 kalendas
1068 4180 1254 4266 Maii,
1285 4179 1497 4266 Regni
1527 4187 1744 4248 autem
1777 4180 1980 4248 nostri
2011 4201 2184 4248 anno
2216 4187 2468 4250 octauo.

717 4361 819 4430 (Az
846 4363 1044 4415 eredeti
1069 4357 1201 4414 utin
1245 4364 1436 4414 Knauz
1478 4362 1527 4412 N
1532 4357 1702 4413 findor
1730 4364 1961 4428 Magyar
1993 4363 2123 4416 Sion
2147 4363 2250 4418 ΙΙΙ.
2277 4365 2389 4418 kot.
2415 4365 2539 4416 461.
2571 4364 2609 4416 l.
2634 4364 2702 4419 V.
2727 4368 2775 4414 ὅ.
2803 4360 2963 4428 Fej&

1395 4450 1524 4505 cod.
1546 4451 1695 4518 Dipl.
1722 4452 1789 4503 V.
1815 4453 1927 4504 ket.
1954 4455 2005 4506 3.
2037 4470 2078 4505 r.
2104 4455 2192 4505 93.
2217 4453 2278 4520 1.)
