3319 5249
1702 393 1835 466 372

1698 1100 1852 1170 266.

655 1345 834 1410 Trau
862 1343 1186 1410 vdrosnak
1220 1342 1749 1428 eqyenetlense'qei
1771 1339 2048 1424 Spalato
2070 1345 2130 1403 e's
2149 1340 2451 1407 Sebenico
2471 1343 2879 1408 vdrosokkal.

1673 1449 1863 1515 1283.

864 1685 941 1751 In
990 1685 1250 1752 nomine
1300 1684 1563 1752 Domini
1614 1683 1733 1749 Dei
1786 1684 2012 1751 eterni.
2065 1687 2255 1751 Anno
2307 1683 2449 1751 eins
2499 1685 2882 1753 Natiuitatis

648 1795 745 1860 Μ’)
777 1793 912 1860 00⁰
941 1793 1221 1859 LXXX⁰
1251 1793 1487 1878 tercio,
1536 1790 1896 1857 indiccione
1957 1791 2074 1856 XI.
2139 1791 2245 1857 die
2307 1791 2534 1860 Martis
2598 1792 2881 1860 secundo

650 1912 926 1972 exeunte
976 1902 1169 1969 Junio
1203 1903 1269 1968 in
1299 1902 1597 1968 Ecclesia
1627 1901 1849 1968 Sancti
1882 1900 2054 1967 Petri
2087 1900 2167 1966 de
2201 1900 2549 1970 Globucicb
2583 1904 2651 1968 in
2682 1904 2881 1989 perti-

649 2014 897 2098 nencijs
927 2013 1271 2096 Tragurij3
1306 2020 1589 2095 tempore
1621 2009 1866 2076 domini
1918 2009 2210 2076 Ladislai
2242 2011 2653 2078 Serenissimi
2685 2012 2882 2095 Regis

649 2121 951 2206 Vngarie,
988 2126 1053 2189 et
1083 2119 1321 2186 domini
1352 2117 1646 2202 Gregorij
1683 2118 2075 2185 venerabilis
2110 2119 2174 2183 in
2207 2117 2463 2185 Christo
2495 2119 2699 2204 patris
2730 2121 2879 2206 Epi·

652 2228 830 2314 scopi
878 2226 1351 2311 Traguriensis‚
1404 2234 1468 2292 et
1498 2224 1830 2292 Francisci
1860 2224 2132 2312 Fallerij
2165 2227 2250 2293 de
2282 2226 2582 2310 Venecijs
2617 2227 2885 2296 bonora-

648 2337 798 2405 bilis
845 2339 1189 2404 Potestatis
1237 2336 1577 2419 Tragurij;
1610 2334 2021 2421 presentibus
2055 2373 2728 2388 ——————
2771 2337 2883 2420 qui

651 2446 883 2512 dicitur
914 2446 1083 2529 Elga
1114 2481 1200 2492 —
1239 2479 1788 2490 —————
1829 2449 1894 2510 et
1925 2444 2201 2510 Martiuo
2252 2445 2335 2510 de
2382 2444 2605 2528 Jadra,
2635 2453 2699 2512 et
2728 2446 2883 2533 alijs

651 2556 966 2641 pluribus.
997 2553 1222 2638 Ibique
1270 2552 1563 2621 dominus
1614 2553 1967 2638 Gregorius
2016 2553 2111 2619 vir
2158 2553 2465 2643 prudens,
2514 2554 2885 2641 religiosus,

651 2666 981 2751 honestae,
1017 2664 1169 2730 olim
1201 2664 1423 2730 Abbas
1465 2662 1839 2748 Monasterij
1876 2664 2170 2730 Ecclesie
2200 2662 2422 2730 Sancti
2452 2663 2767 2731 Johannis
2800 2665 2882 2731 de

649 2772 985 2856 Tragurio‚
1041 2779 1235 2858 actor,
1287 2770 1596 2856 sindicus,
1635 2778 1699 2837 et
1742 2776 2115 2854 procurator
2148 2771 2526 2839 Communis
2558 2772 2881 2860 Tragurij,

649 2889 718 2947 vt
767 2887 1040 2965 constat,
1096 2899 1394 2946 asserens
1425 2877 1775 2947 asserendo
1809 2900 1952 2946 cum
1982 2881 2462 2964 protestacione
2490 2887 2879 2965 protestatus

652 2996 751 3056 est
788 2988 854 3055 in
884 2988 1218 3074 presencia
1265 2988 1670 3055 dominorum
1719 2988 1882 3052 Bani
1931 2987 2141 3071 Pauli,
2193 2987 2464 3053 fratrum
2507 3009 2783 3077 suorum,
2818 2997 2883 3055 et

649 3098 1147 3180 alim-nmquam
1181 3096 1523 3162 multorum
1556 3094 1889 3161 Nobilium
1921 3102 1985 3160 et
2016 3093 2510 3178 Magistratuum
2540 3097 2883 3165 Sclauonie

651 3206 890 3273 ibidem
954 3204 1387 3289 presencium,
1452 3209 1514 3269 et
1574 3201 1984 3268 audiencium
2048 3202 2588 3287 protestacionem
2608 3256 2629 3291 ,
2685 3226 2878 3288 quam

649 3315 861 3380 dictus
914 3313 1209 3381 dominus
1246 3311 1624 3398 Gregorius,
1658 3312 1920 3378 nomine
1950 3311 2090 3378 vice
2125 3320 2187 3378 et
2217 3332 2336 3397 pro
2368 3320 2552 3397 parte
2587 3311 2880 3381 Commu-

648 3423 752 3488 nis
802 3422 1101 3507 Tragurij
1155 3428 1546 3507 protestatus
1587 3428 1687 3487 est
1717 3441 1931 3487 coram
1963 3420 2271 3505 predictis
2306 3423 2587 3490 dominis
2620 3430 2683 3488 et
2712 3422 2882 3509 alijs‚

648 3549 839 3616 super
871 3530 1042 3596 facto
1073 3550 1228 3597 vero
1262 3528 1629 3615 Spalatensi
1663 3536 1727 3595 et
1759 3529 2145 3596 Sibiniensi:
2178 3530 2347 3615 quod
2383 3539 2511 3597 tam
2543 3551 2660 3616 per
2681 3551 2871 3615 mare,

649 3659 841 3724 quam
872 3659 987 3725 per
1018 3646 1272 3722 terram,
1306 3641 1445 3723 ipse
1478 3637 1981 3705 communitates
2012 3659 2154 3705 cum
2206 3639 2493 3706 exercitu
2524 3646 2590 3706 ct
2619 3646 2875 3706 armata

651 3767 846 3814 manu
895 3746 1215 3814 hostiliter
1261 3746 1626 3831 veniebant,
1688 3754 1751 3813 et
1800 3746 2144 3813 ciuitatem
2198 3748 2496 3833 Tragurij
2551 3748 2873 3816 offendere

649 3855 1072 3922 intendebant
1103 3862 1325 3921 contra
1356 3857 1562 3921 Deum
1596 3861 1659 3920 ct
1688 3854 2028 3941 iusticiam,
2064 3855 2243 3922 nulla
2273 3856 2654 3923 racionabili
2676 3875 2876 3925 causa

649 3963 1150 4048 interueniente;
1202 3965 1356 4047 quia
1409 3964 1847 4032 Communitas
1896 3964 2191 4048 Tragurij
2235 3984 2484 4050 semper
2513 3965 2633 4030 fuit
2664 3972 2727 4033 et
2759 3974 2873 4051 aet,

650 4086 714 4142 et
745 4096 888 4144 esse
937 4074 1077 4141 vult
1108 4073 1172 4138 in
1205 4093 1286 4140 ea
1316 4094 1501 4159 pace,
1535 4072 1821 4156 arbitrio,
1866 4072 2126 4157 iudicio,
2158 4072 2500 4141 concordia
2532 4081 2594 4140 et
2625 4082 2879 4141 senten-

650 4184 772 4268 cia,
803 4205 995 4267 quam
1029 4182 1184 4250 olim
1218 4184 1467 4250 nobiles
1497 4184 1642 4263 viri,
1673 4182 1965 4249 dominus
2000 4182 2227 4250 Comes
2274 4183 2625 4271 Georgeus,
2680 4184 2879 4251 domi·

649 4312 768 4360 nus
802 4292 1160 4359 Domaldus
1192 4293 1274 4359 de
1305 4292 1662 4377 Zadulints,
1686 4300 1749 4358 et
1779 4289 2100 4375 quondam
2133 4290 2424 4358 dominus
2455 4293 2765 4360 Silucster
2794 4293 2877 4361 de

649 4401 1076 4487 Cotopangua
1125 4400 1204 4465 de
1251 4400 1473 4483 Jadra,
1522 4399 1902 4468 amicabiles
1933 4398 2407 4484 compositores,
2439 4400 2882 4489 arbitratores‚

638 4507 1053 4596 judicatores,
1099 4509 1599 4576 sentenciatores
1652 4516 1716 4575 et
1748 4509 2271 4593 pronunciatores
2304 4509 2873 4579 sentenciauerunt

647 4615 996 4682 iudicando
1029 4623 1222 4700 atque
1241 4616 1600 4683 ordinando
1623 4641 1639 4701 3
1674 4624 1737 4683 et
1768 4619 1946 4685 velut
1963 4640 2079 4707 per
2101 4639 2316 4686 eorum
2339 4622 2863 4704 compromissum

647 4726 879 4793 exinde
913 4723 1154 4791 factum
1195 4725 1406 4792 extitit
1437 4729 1607 4793 inter
1638 4726 2141 4799 Communitates
2173 4728 2495 4815 predictas
2515 4750 2631 4815 per
2651 4751 2879 4798 manus
