3319 5249
1856 309 1988 374 562

793 502 1001 588 gressi
1068 502 1341 584 fueritis,
1399 500 1926 583 indignacionem
1978 502 2246 582 Regiam
2296 523 2369 568 se
2421 505 2710 587 grauiter
2761 504 3049 571 sencient

787 610 1154 676 incurrisse.
1190 609 1430 673 Datum
1466 609 1531 673 in
1565 609 1781 675 Zekas
1814 608 2088 675 sabbato
2120 617 2273 676 ante
2307 612 2756 680 Pentecosten.

792 806 1066 870 (Eredetie
1092 802 1439 869 bothan-tysim
1467 821 1501 854 a
1527 802 1679 855 hatul
1709 806 2060 869 odanyomott
2079 804 2372 871 pecsetnek
2398 822 2597 871 nyoma
2624 806 2746 874 meg
2774 825 3008 873 megvan
3030 827 3043 868 ;

1297 911 1330 944 a
1355 912 1538 946 nemen
1566 892 1766 959 Kallay
1792 892 2088 945 csaladnak
2136 893 2548 962 involuit-Aban.)
2639 896 2643 900 ’

1707 1172 2128 1192 ——d

1856 1729 2003 1795 414.

788 1928 914 1991 IV.
951 1928 1181 1992 Ldszlo'
1228 1927 1450 2011 kirdly
1482 1950 1524 1989 α
1560 1924 1864 1991 Szatmcir
1897 1931 1959 1991 e's
2009 1926 2301 1993 Szabolcs
2349 1931 2585 2014 σπερμά
2636 1930 3032 1993 nemseknek

789 2038 1189 2120 meylzayyja‚
1222 2039 1384 2118 hoyy
1434 2036 1690 2119 tha'ly
1755 2046 1982 2099 comest
2046 2038 2107 2100 e's
2124 2037 2282 2118 fiait
2344 2036 2646 2141 Szatvjza'r
2709 2038 3042 2124 meqydben

965 2142 1373 2226 fele'pitendb'
1400 2141 1743 2205 vciruknak
1774 2143 2122 2226 e'pite'se'ben
2150 2144 2440 2225 seqitsek.
2475 2145 2576 2206 Ev
2609 2145 2849 2210 nelkiil.

1002 2354 1351 2421 Ladizlaus
1384 2355 1506 2420 Dei
1541 2352 1767 2437 gracia
1797 2355 1936 2419 Rex
1986 2354 2322 2435 Hungarie
2367 2354 2665 2423 fidelibus
2715 2357 2852 2422 suis
2906 2359 3040 2424 vni-

788 2463 996 2530 uersis
1032 2461 1358 2529 nobilibus
1423 2465 1486 2527 in
1522 2463 1847 2528 Comitatu
1881 2462 1961 2526 de
2011 2462 2267 2527 Zotmar
2327 2469 2391 2528 et
2440 2462 2523 2528 de
2571 2463 2854 2529 Zobolch
2906 2465 3038 2528 exi·

787 2573 1104 2639 stentibus
1126 2573 1399 2637 salutem
1424 2577 1485 2636 et
1506 2572 1817 2654 graciam.
1847 2567 2008 2635 Cum
2040 2570 2269 2637 Comes
2290 2569 2590 2657 Mychael
2626 2570 2801 2638 filius
2836 2572 3032 2638 Wbul

782 2680 995 2746 fidelis
1028 2687 1242 2746 noster
1275 2680 1339 2744 in
1375 2687 1544 2743 terra
1577 2699 1694 2745 sua
1728 2679 1991 2763 propria
2025 2698 2140 2761 pro
2175 2679 2454 2746 tuicione
2505 2688 2724 2747 uestra
2786 2689 2850 2746 et
2900 2701 3022 2746 sua

781 2793 1064 2852 castrum
1098 2786 1398 2853 edificare
1430 2786 1724 2852 intendat
1758 2785 1838 2850 de
1869 2793 2088 2851 nostra
2121 2789 2348 2868 gracia
2382 2788 2679 2873 speciali,
2714 2787 3024 2853 fidelitati

784 2900 999 2959 vestre
1069 2893 1482 2979 precipiendo
1545 2877 1930 2959 mandamus
1950 2943 1966 2977 ‚
2031 2900 2350 2976 quatenus
2411 2893 2500 2958 ad
2565 2894 2806 2960 dictum
2871 2915 3042 2979 opus

781 3000 993 3066 eidem
1026 3001 1347 3082 Michaeli‚
1383 3000 1439 3066 si
1472 3019 1743 3065 necesse
1776 2999 1989 3083 fuerit,
2025 3008 2307 3067 uestrum
2342 3001 2656 3066 auxilium
2708 3001 3026 3083 inpenda-

782 3112 867 3174 tis
901 3127 963 3174 et
982 3110 1318 3194 juuamen,
1353 3128 1467 3192 pro
1502 3115 1723 3173 nostra
1780 3107 2005 3189 gracia
2069 3109 2314 3190 pariter
2346 3116 2410 3174 et
2470 3108 2720 3174 fauore.
2784 3110 3034 3174 Datum

780 3219 846 3282 in
880 3220 1110 3283 Zolum
1146 3218 1209 3281 in
1244 3216 1411 3283 festo
1440 3214 1728 3299 Philippi
1761 3221 1827 3280 et
1856 3213 2085 3282 Jacobi
2114 3215 2597 3301 Apostolorum.

781 3433 1053 3498 (Eredetie
1082 3431 1430 3499 biirha'irtyan,
1457 3448 1489 3483 a
1514 3433 1672 3486 hatul
1711 3433 2064 3497 odanyomott
2112 3431 2404 3498 pecsetnek
2456 3432 2714 3484 tb'redeke
2739 3430 2862 3499 meg
2909 3449 3040 3500 meg

1297 3540 1424 3584 van,
1445 3539 1478 3575 a
1505 3540 1688 3574 uenies
1714 3520 1912 3588 Kallay
1943 3519 2123 3573 csah'ul
2152 3520 2569 3587 leveltziraban.)
