3319 5249
1371 292 1457 369 33

1360 841 1464 909 18.

281 1044 397 1109 IV.
435 1044 667 1108 La‘szlo'
695 1042 914 1128 kira'ly
946 1044 1297 1127 meyerb'se'ti
1340 1041 1406 1105 V.
1441 1041 1793 1106 Isivdmmk
1829 1042 2097 1108 1271-ki
2146 1043 2551 1108 nmneslevele't

656 1149 793 1215 tobb
826 1151 1178 1234 vasmeqyei
1210 1148 1603 1235 vdrjobbdyy
1634 1153 1949 1215 azdmdra.
2001 1153 2194 1217 1273.

502 1364 858 1433 Ladizlaus
920 1362 1043 1432 Dei
1105 1364 1337 1450 gracia
1397 1361 1754 1451 Hungarie,
1816 1364 2198 1453 Dalmacie,
2261 1364 2550 1449 Oroacie,

288 1476 511 1560 Rame,
540 1474 785 1559 Seruie,
820 1470 1125 1556 Gallicie,
1159 1472 1558 1556 Lodomerie,
1594 1470 1908 1538 Cumanie
1939 1473 2379 1559 Bulgarieque
2410 1473 2548 1540 Rex

292 1582 594 1648 omnibus
635 1587 769 1648 tam
802 1581 1234 1667 presentibus,
1285 1602 1480 1665 quam
1513 1579 1748 1648 futuris
1799 1587 2136 1668 presentes
2167 1580 2424 1648 litteras
2456 1581 2546 1647 in·

291 1689 613 1776 spectaris
655 1687 934 1755 salutem
967 1688 1033 1755 in
1067 1690 1349 1757 omnium
1388 1691 1736 1759 saluatore.
1783 1690 1871 1756 Vt
1902 1688 2088 1756 iustis
2119 1686 2554 1776 peticionibus

300 1798 536 1865 virtute
595 1796 1110 1883 prefulgencium
1160 1798 1379 1866 mundi
1430 1798 1764 1885 Principes
1826 1818 2165 1866 assensum
2228 1800 2556 1883 prebeant,

300 1904 676 1989 benignitas
707 1906 965 1993 suadet,
998 1907 1176 1974 racio
1205 1908 1509 1993 postulat,
1522 1906 1634 1990 jus
1669 1906 1953 1992 requirit,
1989 1905 2326 1990 presertim
2359 1927 2555 1989 quum

298 2009 664 2098 peteneium
685 2020 839 2080 vota
858 2013 1069 2099 pietas
1097 2014 1392 2099 adjuuat,
1417 2021 1482 2081 et
1501 2014 1746 2082 veritas
1768 2034 1894 2080 non
1917 2013 2240 2096 relinquit.
2271 2014 2555 2081 Proinde

297 2119 384 2185 ad
440 2121 891 2211 vniuersorum
940 2128 1075 2186 tam
1128 2122 1555 2207 presencium,
1608 2141 1802 2204 quam
1856 2118 2209 2187 futurorum
2251 2120 2554 2187 noticiam

298 2226 528 2294 harum
551 2226 718 2295 serie
738 2229 1036 2296 volumus
1062 2229 1420 2317 peruenire,
1442 2229 1613 2312 quod
1631 2228 1820 2296 Paris
1853 2228 2028 2295 filius
2050 2228 2259 2313 Bana,
2277 2228 2558 2309 Jacobus

299 2344 362 2400 et
396 2335 680 2401 Michael
710 2335 825 2421 filij
861 2338 1161 2421 Bolosoy,
1205 2359 1283 2404 ac
1316 2337 1717 2403 Laurencius
1750 2336 1921 2403 filius
1950 2337 2168 2403 Leuca
2199 2335 2282 2401 de
2316 2338 2564 2420 genere‘

296 2442 510 2510 Heren
553 2444 640 2509 ad
670 2451 954 2514 nostram
992 2444 1379 2511 accedentes
1411 2443 1839 2530 presenciam,
1891 2441 2322 2510 exhibuerunt
2372 2443 2561 2510 nobis

297 2548 715 2636 priuilegium
764 2551 1006 2618 domini
1040 2550 1349 2640 Stephani
1391 2550 1627 2636 Inclyti
1670 2550 1865 2637 Regis
1917 2549 2094 2618 clare
2132 2549 2439 2618 memorie
2475 2589 2552 2597 —

302 2696 378 2705 ——
419 2697 508 2706 —
540 2658 747 2744 patris
777 2659 1006 2744 nostri,
1058 2680 1249 2745 super
1281 2680 1496 2728 eorum
1537 2659 1979 2726 translacione
2018 2657 2100 2724 de
2120 2658 2559 2744 jobagionatu

302 2766 515 2833 castri
550 2764 639 2830 ad
672 2765 950 2833 nobiles.
1002 2766 1201 2833 Cuius
1233 2774 1414 2833 tenor
1444 2768 1596 2833 talis
1631 2772 1731 2836 est
1765 2791 1780 2831 ε

518 2871 890 2958 Stephanus
923 2874 1004 2938 D.
1036 2893 1132 2957 gr.
1166 2873 1500 2956 Hungarie
1533 2873 1656 2941 stb.
1689 2874 1828 2939 Rex
1861 2875 1987 2941 stb.
2024 2870 2449 2958 (kovetkezik
2484 2875 2562 2938 V.

304 2982 530 3047 Istvlm
594 2979 948 3065 kiralynak
1005 2982 1304 3048 1271-iki
1356 2981 1728 3064 okmanya,
1792 2981 1955 3046 mint
2004 2981 2564 3065 gyfijtcmenyunk

303 3086 587 3172 VIII-ik,
619 3088 856 3171 vagyis
889 3109 931 3152 a
961 3084 1263 3155 masodik
1297 3085 1539 3174 folyam
1571 3087 1714 3152 3-ik
1744 3086 2093 3153 koteteben
2126 3086 2280 3154 338.
2312 3083 2383 3172 l.)

520 3192 661 3261 Nos
701 3192 901 3278 igitur
952 3192 1215 3261 eosdem
1264 3194 1567 3262 Paridem
1621 3201 1685 3259 et
1723 3195 2039 3262 Jacobum
2088 3193 2253 3259 filios
2283 3193 2564 3277 Bolosoy

309 3300 723 3367 attendentes
789 3305 978 3385 aptos
1028 3319 1174 3368 esse
1222 3300 1310 3368 ad
1358 3300 1734 3383 obsequium
1786 3299 2151 3367 Maiestatis
2203 3299 2445 3385 Regie,
2501 3300 2570 3363 in

312 3407 821 3488 memoriamque
851 3415 1255 3491 reuocantes,
1305 3406 1590 3489 qualiter
1638 3404 1836 3493 ijdem
1868 3407 1985 3473 sub
2018 3406 2261 3474 vexillo
2295 3405 2570 3472 Amadei

309 3525 465 3582 tunc
495 3513 772 3580 Comitis
804 3512 1016 3579 Castri
1049 3507 1269 3580 Ferrei
1321 3517 1387 3579 in
1438 3513 1902 3580 deuastaeione
1935 3513 2222 3596 Morauie
2259 3521 2322 3579 et
2354 3513 2570 3598 Styrie

313 3631 572 3709 gratum
620 3623 810 3690 nobis
843 3621 1266 3689 exhibuerunt
1306 3615 1711 3706 famulatum,
1751 3628 2163 3706 prenotatam
2193 3621 2570 3689 translacio·

310 3751 461 3798 nem
498 3768 575 3778 --
617 3725 1002 3815 —patrem
1053 3735 1344 3796 nostrum
1396 3728 2000 3795 commendabiliter
2051 3728 2313 3813 factam,
2365 3735 2573 3793 ratam

311 3837 632 3905 habentes
664 3835 911 3920 pariter
943 3841 1008 3903 et
1040 3841 1393 3922 acceptam,
1443 3835 1655 3921 ipsum
1687 3834 2106 3920 priuilegium
2143 3835 2224 3903 de
2256 3836 2453 3902 uerbo
2488 3834 2575 3900 ad

316 3946 590 4034 uerbum
640 3944 951 4011 insertum
1013 3942 1425 4028 presentibus
1493 3945 1978 4029 confirmamus,
2050 3940 2326 4029 duplicis
2374 3941 2579 4024 sigilli

314 4053 524 4120 nostri
585 4049 937 4120 munimine
986 4049 1395 4136 roborand03
1444 4050 1540 4116 ita
1579 4057 1649 4117 vt
1697 4069 1966 4135 presens
2019 4050 2430 4116 confirmacio
2463 4070 2580 4117 seu

323 4159 628 4226 innonate
679 4159 1000 4226 libertatis
1051 4157 1383 4226 concessio
1430 4157 1670 4244 prioris
1711 4157 2169 4225 translacionis
2198 4164 2578 4243 perpetuum

319 4269 408 4334 sit
468 4265 820 4333 munimen.
894 4268 1135 4332 Datum
1197 4285 1316 4351 per
1376 4285 1605 4333 manus
1670 4264 1964 4332 eiusdem
2030 4264 2329 4348 Magistri
2378 4268 2581 4331 Bene-

322 4373 486 4440 dicti
533 4372 915 4441 orodiensis
945 4371 1238 4439 Ecclesie
1274 4372 1597 4459 Prepositi
1617 4422 1634 4456 ,
1674 4372 1829 4438 aule
1879 4378 2098 4439 nostre
2129 4372 2581 4442 vice-Cancel-
2672 4369 2677 4373 ’

324 4482 496 4571 larij,
543 4481 769 4551 dilecti
816 4490 881 4549 et
925 4480 1138 4550 fidelis
1184 4481 1425 4566 nostri;
1492 4502 1663 4548 anno
1711 4479 2050 4548 Dominic‘e
2094 4480 2582 4548 Incarnacionis

326 4589 941 4678 H⁶CO⁰LXX⁰III⁰.,
990 4590 1066 4656 V.
1099 4590 1423 4659 kalendas
1458 4588 1667 4680 Junii,
1697 4590 1903 4674 Regni
1935 4596 2149 4656 autem
2182 4591 2380 4657 nostri
2410 4608 2584 4655 anno

415 4726 619 4764 notun.
648 4725 815 4764 nuno.
847 4726 987 4764 mer.
1018 4725 1162 4768 nn’n.
1196 4737 1271 4750 —
1315 4718 1387 4763 17.
2218 4701 2259 4768 3
