3319 5249
1349 371 1430 435 11

250 565 536 650 inpensa
584 584 716 631 non
749 564 933 631 facta
984 586 1128 633 esse
1178 586 1308 633 non
1345 572 1654 653 possunt,
1707 567 1803 633 sic
1836 570 1902 632 et
1953 566 2347 634 donaciones
2401 585 2518 652 pro

251 673 613 760 meritorijs
647 673 947 761 seruicijs
999 675 1200 743 semel
1250 674 1425 741 facte
1456 696 1583 742 non
1620 674 1858 741 debent
1909 675 2239 742 reuocari:
2290 694 2518 743 omnes

251 782 728 871 possessiones,
781 803 1057 868 quarum
1088 785 1354 851 nomina
1406 784 1471 849 in
1505 785 1647 869 ipso
1681 782 2029 869 priuilegio
2074 784 2281 869 patris
2311 786 2518 853 nostri

255 891 702 975 continentur,
752 892 946 959 simul
997 913 1138 959 cum
1194 893 1491 960 omnibus
1544 891 1936 960 utilitatibus
1983 898 2051 960 et
2102 892 2518 979 pertinencijs

253 1006 397 1073 suis
429 1005 643 1073 eidem
677 999 992 1085 Magistro
1026 1001 1341 1068 Aladario
1393 1007 1456 1067 et
1486 1003 1625 1067 suis
1667 1000 2037 1088 heredibus,
2084 1000 2520 1086 heredumque

258 1134 525 1183 suorum
562 1112 628 1177 in
663 1116 1047 1196 perpetuum
1099 1108 1581 1176 successoribus
1615 1108 1698 1175 de
1729 1109 2066 1176 uoluntate
2115 1117 2178 1175 et
2209 1110 2518 1194 benepla-

255 1223 391 1288 cito
454 1220 715 1286 domine
776 1219 1027 1302 Regine
1090 1218 1436 1285 karissime
1500 1218 1728 1286 matris
1788 1223 2008 1283 nostre
2028 1267 2047 1302 ‚
2118 1224 2182 1284 et
2244 1218 2520 1285 consilio

251 1331 549 1397 omnium
580 1328 907 1393 Baronum
941 1332 1305 1394 nostrorum
1342 1325 1639 1394 dedimus
1683 1332 1748 1393 et
1780 1325 2173 1393 restituimus
2206 1331 2519 1412 perpetuo

249 1447 321 1504 et
358 1436 890 1505 inreuocabiliter
922 1454 996 1500 eo
1028 1434 1165 1501 iure
1205 1441 1269 1501 et
1299 1455 1378 1502 ea
1409 1434 1808 1519 integritate,
1863 1435 2094 1518 quibus
2132 1436 2304 1502 idem
2336 1435 2515 1503 Sere-

247 1543 575 1610 nissimus
623 1548 813 1629 pater
844 1548 1069 1610 noster
1119 1538 1328 1628 priino
1380 1542 1589 1611 eidem
1640 1542 2005 1609 contulerat
2052 1542 2516 1627 possidendas3

250 1659 603 1721 cassantes
669 1658 734 1717 et
784 1650 851 1716 in
903 1651 1158 1718 irritum
1219 1658 1600 1720 reuocantes
1651 1672 1732 1718 ac
1779 1651 1965 1717 irrita
2012 1651 2517 1736 pronunciantes

247 1762 479 1830 omnia
511 1759 864 1845 priuilegia
916 1766 978 1825 et
1015 1759 1459 1845 instrumenta,
1514 1779 1639 1844 que
1668 1765 1816 1845 post
1856 1759 2279 1827 collacionem
2313 1760 2516 1827 karis-

250 1870 409 1936 simi
464 1868 672 1952 patris
720 1869 925 1934 nostri
961 1868 1086 1954 ipsi
1115 1869 1430 1952 Magistro
1465 1864 1773 1936 Aladario
1823 1868 2088 1956 factam,
2141 1889 2518 1953 quocunque

250 1979 449 2044 modo
502 1984 728 2044 contra
778 1976 987 2063 ipsam
1040 1977 1472 2061 qualicunque
1522 1984 1751 2045 tenore
1816 1977 1920 2043 uel
1969 1996 2375 2061 quacumque
2417 1996 2515 2042 ra-

246 2090 442 2154 cione
473 2106 590 2154 seu
624 2088 967 2154 occasione
1019 2108 1214 2173 super
1245 2089 1408 2174 ipsis
1459 2086 1987 2173 possessionibus
2035 2107 2151 2173 per
2183 2105 2514 2173 possesso·

246 2219 361 2265 res
393 2197 816 2265 intermedios
868 2197 1128 2265 fuerunt
1178 2199 1543 2285 impetrata.
1596 2198 1672 2264 In
1704 2197 1887 2264 cuius
1921 2198 2013 2263 rei
2066 2194 2512 2263 testimonium

245 2313 313 2372 et
346 2313 737 2394 perpetuam
768 2306 1138 2373 firmitatem
1193 2313 1527 2394 presentes
1580 2305 2018 2374 concessimus
2069 2304 2324 2372 litteras
2356 2303 2515 2388 dup-

242 2415 443 2500 plicis
495 2414 700 2498 sigilli
752 2415 953 2480 nostri
1005 2413 1358 2481 munimine
1405 2417 1766 2483 roboratas.
1837 2415 2075 2479 Datum
2130 2431 2245 2497 per
2285 2432 2515 2478 manus

243 2522 555 2607 Magistri
589 2521 848 2588 Nicolai
883 2522 1189 2589 Albensis
1221 2522 1512 2590 Ecclesic
1548 2522 1871 2609 Prepositi
1905 2521 2336 2588 Transilvane
2367 2520 2516 2587 aule

242 2639 475 2698 nostre
509 2633 667 2698 Vice
699 2628 1091 2716 Cancellarij
1147 2631 1367 2698 dilecti
1418 2639 1482 2698 et
1530 2631 1745 2698 fidelis
1798 2633 2004 2699 nostri
2050 2652 2220 2698 anno
2253 2628 2514 2696 Domini

241 2737 695 2806 M⁰CC⁰LXX⁶
728 2740 952 2825 tertio,
1004 2747 1237 2822 quarto
1271 2737 1420 2806 idus
1453 2739 1777 2824 Januarij‚
1818 2739 2023 2823 Regni
2062 2745 2276 2805 autem
2308 2738 2516 2804 nostri

239 2868 423 2913 anno
454 2847 686 2932 primo.
721 2848 1194 2933 Metropolitica
1214 2847 1681 2931 Strigoniensis
1705 2847 1998 2917 Ecclesie
2020 2846 2189 2914 Sede
2217 2853 2511 2932 vacante,

240 2954 748 3023 venerabilibus
780 2955 1073 3041 patribus
1106 2953 1435 3040 Stephano
1470 2954 1816 3023 Colocensi
1866 2961 1931 3022 et
1961 2956 2259 3022 Johanne
2288 2954 2512 3039 Spala-

243 3063 420 3129 tensi
455 3062 1032 3150 Archiepispopis;
1083 3065 1431 3149 Lamperto
1463 3063 1781 3147 Agfiensi,
1832 3061 1959 3129 Job
2015 3061 2512 3147 Quinqueeccle-

238 3172 460 3238 siensi
515 3171 762 3239 Comite
809 3172 1245 3254 Musuniensi‚
1299 3170 1600 3257 Philippo
1633 3170 2006 3238 Wachiensi
2058 3172 2206 3237 aule
2258 3171 2516 3237 domine

243 3280 510 3363 Regine
561 3279 905 3347 karissime
954 3281 1180 3347 matris
1230 3287 1446 3346 nostre
1499 3279 1907 3347 cancellario
1959 3286 2022 3347 et
2055 3279 2306 3346 Comite
2338 3280 2511 3347 Neu·

236 3387 612 3473 gradiensi‚
645 3389 848 3455 Paulo
869 3387 1361 3475 Wesprimiensi
1393 3389 1540 3455 aule
1564 3394 1781 3454 nostre
1803 3385 2230 3473 Cancellario‚
2263 3386 2513 3453 Briccio

234 3496 719 3581 Chanadiensi,
771 3497 1131 3580 Tymotheo
1166 3496 1614 3584 Zagrabiensi,
1649 3495 2037 3563 Lodomerio
2078 3494 2510 3581 Waradiensi,

233 3604 577 3686 Dyonisio
610 3602 959 3688 Janriensi,
1015 3610 1081 3669 et
1128 3603 1279 3687 alijs
1312 3604 1654 3689 Episcopis
1705 3603 2034 3671 Ecclesiae
2069 3602 2191 3669 Dei
2239 3602 2514 3670 feliciter

234 3710 790 3793 gubernantibus.
837 3710 1135 3777 Rolando
1168 3711 1494 3794 Palatino,
1546 3713 1728 3777 Bano
1762 3710 1845 3777 de
1877 3710 2151 3777 Macbou
2190 3717 2254 3779 et
2285 3711 2326 3778 J
2331 3712 2512 3779 udice

230 3818 728 3904 Cumanorum3
782 3819 1038 3886 Matheo
1092 3819 1275 3886 Bano
1327 3819 1531 3886 tocius
1577 3819 1965 3903 Sclauonie,
2018 3818 2288 3887 Nicolao
2323 3818 2513 3903 Woy·

227 3926 425 3995 noda
472 3927 911 3995 Transilvano
961 3934 1023 3993 et
1076 3927 1327 3994 Comitc
1379 3928 1460 3995 dc
1514 3929 1743 3994 Zonuk
1764 3979 1783 4013 ,
1838 3926 2160 3995 Joachino
2203 3925 2511 4011 Magistro

225 4034 763 4104 Tauarnicorum
797 4043 1122 4103 nostorum
1159 4036 1404 4103 Comite
1447 4036 1528 4102 de
1562 4037 1806 4122 Pylys3
1878 4035 2250 4103 Alexandro
2283 4034 2514 4103 Judice

224 4142 447 4211 Cur-ie
477 4150 697 4210 nostre
730 4142 977 4211 Comite
1008 4144 1091 4211 de
1121 4147 1369 4213 Wrbaz
1390 4197 1409 4232 ‚
1460 4145 1776 4211 Ladizlao
1817 4145 2067 4212 Comite
2103 4143 2508 4232 Posoniensi‚

223 4249 618 4320 Laurencio
651 4250 901 4318 Comite
949 4252 1375 4339 Supruniensi
1398 4305 1414 4339 ‚
1465 4254 1738 4321 Herrico
1780 4254 1961 4321 Bano
2015 4253 2096 4319 de
2129 4253 2405 4319 Wozora
2447 4259 2512 4319 et

222 4361 319 4427 de
355 4360 521 4443 sou,
559 4359 890 4444 Stephano
920 4362 1104 4428 Bano
1136 4360 1217 4427 de
1249 4363 1490 4449 Bozna‚
1542 4362 1856 4447 Gregorio
1887 4362 2070 4428 Bano
2103 4360 2184 4426 de
2214 4359 2508 4428 Boronch

220 4476 293 4536 et
324 4467 425 4533 de
456 4465 729 4533 Kuchou
747 4517 768 4554 ,
816 4467 1103 4536 Emirico
1154 4470 1403 4538 Comite
1442 4468 1876 4556 symigiensi,
1930 4467 2232 4537 Johanne
2264 4467 2510 4537 Comite

221 4572 655 4662 zaladiensi,
702 4573 991 4644 Omodeo
1040 4578 1289 4645 Comite
1340 4577 1555 4645 Castri
1604 4577 1863 4660 Ferrei‚
1916 4574 2160 4660 Vgrino
2191 4574 2510 4659 Magistro

220 4687 623 4770 Agasonum
663 4691 1029 4758 nostrorum
1065 4686 1315 4758 Comite
1354 4686 1730 4776 syrmiensi,
1782 4685 1990 4755 Paulo
2022 4687 2204 4755 Bano
2235 4682 2319 4753 de
2348 4682 2508 4751 Zeu-
