3319 5249
1372 256 1500 324 551

301 456 625 536 vestrum,
657 467 873 516 coram
908 470 1033 532 quo
1082 449 1403 535 Georgius
1465 450 1640 519 filius
1676 449 1860 536 Guge
1893 452 2081 517 homo
2113 459 2332 519 noster
2367 474 2568 522 ream-

299 556 495 624 bulet
523 557 733 643 ipsam
766 565 1025 641 terram,
1093 565 1159 624 et
1219 566 1467 626 statuat
1512 560 1769 645 prefato
1834 560 2168 626 Mortunus
2231 562 2375 628 sine
2405 563 2568 630 iuris

297 665 673 749 preiudicio
706 666 930 751 alieni,
966 673 1029 734 et
1062 665 1120 734 si
1149 687 1274 733 non
1294 666 1490 734 fuerit
1511 666 2033 751 contradictum3
2067 667 2575 737 contradictores

242 840 261 845 „
298 780 551 860 autem,
584 774 643 841 si
674 775 791 858 qui
822 774 1088 860 fuerint,
1141 773 1228 840 ad
1263 784 1549 842 nostram
1614 776 1772 842 citet
1809 757 2213 861 presenciam
2245 773 2332 841 ad
2362 778 2572 843 termi-

292 899 464 945 num
496 889 1004 968 competentem,
1056 881 1225 949 diem
1278 883 1615 951 citacionis
1671 893 1733 951 et
1786 883 2126 950 terminum
2176 904 2257 950 ac
2307 887 2578 953 nomina

296 986 881 1074 contradictorum,
915 1009 1058 1056 cum
1093 989 1408 1074 qualitate
1440 997 1504 1056 et
1530 990 1897 1075 quantitate
1928 988 2102 1057 dicte
2136 996 2304 1058 terre
2337 995 2570 1061 rescri-

302 1094 565 1161 bentes.
629 1096 873 1162 Datum
931 1096 998 1164 in
1059 1095 1223 1165 villa
1286 1097 1550 1164 Barand
1610 1097 1676 1163 in
1710 1100 1877 1164 festo
1942 1097 2247 1184 Symonis
2281 1106 2345 1165 et
2406 1100 2574 1167 Jude

292 1200 790 1287 Apostolorum.

293 1378 574 1445 (Eredetie
598 1380 949 1451 bssrhartysn,
974 1385 1228 1450 melynek
1256 1381 1425 1438 natan
1450 1400 1485 1436 a
1510 1383 1692 1453 pecset
1714 1401 1915 1451 nyoma
1939 1384 2064 1452 meg
2090 1356 2288 1438 latszik
2311 1404 2324 1437 z
2351 1402 2386 1438 a
2410 1384 2554 1438 mele.

934 1490 1018 1542 gr.
1043 1471 1270 1541 Karolyi
1292 1473 1477 1527 cealad
1497 1472 1918 1543 leveltaraban.)

1337 2224 1495 2292 401.

292 2427 339 2490 I
344 2424 421 2490 V.
490 2426 717 2491 Ldszld
776 2423 1136 2511 kirdlynak
1176 2446 1514 2510 paranoea
1578 2424 1795 2491 Valtcr
1843 2427 2410 2515 komdrommeyyei
2442 2428 2558 2511 fli-

289 2534 619 2618 ispdnhoz‚
654 2534 821 2620 hoqy
853 2532 1080 2598 Kuldu
1129 2542 1289 2598 nevit
1326 2531 1544 2619 foldet
1605 2534 1773 2617 adja
1807 2535 2017 2599 vissza
2082 2560 2125 2600 a
2175 2535 2557 2620 nytilsziqeti

903 2641 1507 2726 apciczazdrddnak.
1557 2617 1661 2706 Ev
1691 2641 1903 2706 ne'kizl.

504 2835 852 2903 Ladizlaus
883 2835 1008 2902 Dei
1039 2834 1264 2921 gracia
1294 2837 1435 2903 Rex
1465 2836 1826 2920 Hungarie,
1861 2832 2099 2903 dilecto
2133 2842 2197 2901 et
2227 2835 2400 2901 fideli
2425 2856 2542 2903 suo

288 2944 579 3012 Walter-o
621 2942 861 3010 Comiti
892 2940 974 3010 de
1004 2943 1266 3030 Komar,
1300 2949 1365 3008 et
1400 2941 1630 3010 Comiti
1679 2944 1948 3009 Camere
1985 2963 2101 3008 sue
2149 2942 2427 3010 salutem
2480 2951 2545 3008 et

289 3049 600 3134 graciam.
636 3049 796 3117 Cum
825 3056 1002 3116 terra
1033 3049 1275 3136 Kuldu‚
1312 3070 1436 3133 que
1468 3049 1703 3117 dicitur
1735 3057 1910 3118 terra
1942 3050 2175 3134 Pousa,
2232 3055 2297 3115 et
2342 3049 2544 3117 Moda

289 3163 355 3224 et
386 3164 748 3225 ceterorum
780 3162 1204 3241 cognatorum
1238 3156 1605 3243 eorundem,
1668 3176 1863 3240 quam
1926 3175 2089 3223 auus
2138 3165 2363 3223 noster
2410 3158 2547 3224 Rex

286 3263 472 3350 Bela,
505 3268 570 3329 et
599 3262 973 3349 Stephanus
1004 3265 1149 3330 Rex
1195 3263 1589 3332 karissimus
1622 3274 1810 3350 pater
1840 3269 2062 3331 noster
2112 3262 2402 3330 felicium
2454 3285 2548 3333 re·

285 3372 742 3439 cordacionum
774 3371 1066 3440 Ecclesie
1085 3371 1168 3438 de
1196 3371 1420 3439 Insula
1450 3372 1656 3439 Beate
1689 3370 1977 3455 Virginis
2001 3369 2138 3437 suis
2171 3370 2541 3456 priuilegiJs

288 3478 692 3547 conciderint
720 3487 788 3547 et
818 3477 1384 3565 confirmauerint3
1420 3485 1485 3545 et
1517 3477 1708 3545 nobis
1727 3477 2180 3561 ignorantibus
2200 3477 2412 3564 ipsam
2446 3486 2544 3545 ter

287 3608 423 3655 ram
457 3586 701 3673 Symon
731 3585 816 3654 de
847 3584 1071 3654 Kuldu
1104 3607 1146 3651 a
1178 3584 1368 3654 nobis
1401 3585 1529 3652 sibi
1580 3585 1724 3652 dari
1778 3585 2225 3671 postulauerit,
2254 3591 2349 3662 ,et
2399 3604 2545 3652 con-

285 3703 630 3778 sequenter
661 3694 857 3762 ceteri
909 3692 1201 3778 nobiles3
1256 3702 1322 3761 et
1376 3694 1593 3781 ipsam
1646 3703 1886 3762 terram
1938 3692 2295 3760 secundum
2349 3692 2543 3788 colla·

286 3802 536 3869 cionem
599 3802 708 3868 aui
772 3801 977 3870 nostri
1040 3808 1107 3868 et
1166 3801 1373 3887 patris
1436 3803 1644 3868 nostri
1706 3803 1954 3885 Regum
2013 3799 2299 3868 felicium
2333 3819 2540 3866 recor·

284 3906 627 3976 dacionum
660 3906 870 3974 eidem
899 3907 1192 3974 Ecclesie
1258 3905 1534 3973 uelimus
1599 3906 1971 3974 conseruari
1999 3929 2016 3991 3
2071 3905 2373 3972 fidelitati
2434 3914 2544 3974 tue

282 4016 556 4085 firmiter
586 4016 1006 4103 precipiendo
1057 4014 1484 4100 mandamus,
1551 4022 1872 4100 quatenus
1923 4021 2261 4099 assumpto
2324 4023 2538 4081 tecum

283 4122 658 4192 testimonio
721 4123 1005 4208 Capituli
1068 4123 1393 4189 Budensis
1419 4172 1439 4209 ,
1519 4123 1736 4207 ipsam
1806 4129 2047 4190 terram
2111 4118 2331 4188 Kuldu
2396 4140 2541 4187 cum

281 4229 577 4297 omnibus
606 4229 995 4296 utilitatibus
1028 4231 1164 4296 suis
1196 4234 1260 4296 et
1292 4228 1709 4315 pertinencijs
1744 4227 2063 4295 vniuersis
2095 4247 2176 4293 ac
2207 4227 2527 4294 fructibus

281 4338 604 4407 uiolenter
634 4338 891 4425 ablatis,
925 4335 1451 4405 contradiccione
1472 4337 1764 4421 qualibet
1792 4355 1916 4403 non
1941 4338 2255 4419 obstante,
2294 4333 2536 4402 reddas

283 4453 348 4513 et
381 4445 688 4512 restituas
719 4445 928 4512 eidem
960 4444 1258 4514 Ecclesie
1292 4447 1493 4512 Beate
1523 4443 1833 4530 Virginis,
1869 4449 1934 4509 et
1967 4441 2284 4511 officiales
2315 4441 2536 4511 Eccle-

282 4555 377 4623 sie
405 4552 697 4622 eiusdem
730 4574 928 4645 super
946 4557 1097 4642 ipsa
1123 4560 1300 4627 terra
1315 4552 1545 4623 Kuldu
1576 4552 1957 4640 residentes,
1986 4554 2056 4622 in
2083 4557 2265 4622 tuam
2286 4551 2538 4639 recipis
