3319 5249
1397 324 1517 390 191

1373 861 1519 931 131.

325 1060 434 1127 Sol
482 1072 704 1127 mester
751 1060 983 1126 demea·
1018 1063 1289 1149 prepost
1348 1061 1708 1130 Olkulchar
1757 1073 1920 1130 nevil
1969 1065 2248 1131 birtokctt
2303 1066 2586 1152 Edelyni

830 1169 1347 1252 Mikldsfiainak
1379 1171 1834 1257 elzdloqoso'qja.
1888 1174 2084 1240 1277.

541 1367 677 1433 Nos
707 1366 1024 1451 Magister
1053 1366 1166 1435 Sol
1196 1367 1443 1435 Diuina
1493 1368 1917 1436 miseracione
1947 1369 2328 1457 Prepositus
2362 1372 2588 1456 Dymi-

328 1476 559 1543 siensis
630 1473 947 1541 Vniuersis
1019 1475 1254 1560 quibus
1331 1475 1593 1563 expedit
1663 1477 1971 1545 memorie
2055 1477 2585 1546 commendantes

327 1583 804 1666 significamus:
861 1581 1031 1669 quod
1081 1584 1240 1651 inito
1292 1584 1567 1652 consilio
1624 1604 1768 1649 cum
1802 1585 2258 1669 iobagionibus
2291 1586 2587 1652 Ecclesie

329 1699 562 1773 nostre,
594 1692 828 1759 Pouka
856 1693 1108 1759 scilicet
1130 1692 1270 1758 filio
1293 1693 1650 1773 Mortunus,
1683 1694 1878 1760 Petro
1911 1694 2044 1759 filio
2075 1695 2296 1781 Myko,
2327 1701 2388 1760 et
2419 1693 2576 1762 Ora·

329 1799 517 1866 chino
540 1800 621 1865 de
642 1802 787 1885 Vra,
824 1821 946 1886 pro
981 1798 1369 1885 quibusdam
1404 1801 1905 1868 necessitatibus
1927 1804 2224 1870 Ecclesie
2245 1801 2587 1869 subleuan-

330 1908 446 1993 dis‚
500 1915 567 1974 et
618 1908 997 1991 subleuatis,
1048 1906 1375 1993 quandam
1436 1910 1915 1993 possessionem
1968 1909 2254 1977 eiusdem
2295 1910 2588 1978 Ecclesie

330 2023 549 2082 nostre
583 2015 945 2083 Olkulehar
999 2025 1335 2100 uocatam,
1386 2037 1662 2084 uacuam
1719 2022 1785 2082 et
1814 2017 2290 2085 habitatoribus
2325 2019 2591 2086 destitu-

330 2132 476 2207 tam,
522 2123 644 2190 sub
675 2124 811 2192 suis
845 2125 1138 2209 antiquis
1192 2127 1383 2192 metis
1435 2131 1499 2190 et
1547 2115 1845 2193 terminis
1883 2145 2099 2191 coram
2136 2126 2474 2194 Conuentu
2511 2127 2594 2193 de

331 2229 495 2297 Alba
566 2232 802 2300 Comiti
852 2232 1226 2299 Alexandro
1280 2232 1365 2298 de
1414 2231 1663 2317 Mehus,
1713 2233 1987 2315 Symoni
2022 2240 2085 2297 et
2118 2233 2403 2300 Johanni
2435 2234 2591 2320 filijs

328 2326 605 2425 ‘Nycolai
633 2340 715 2407 de
747 2340 1021 2426 Edelyn‚
1069 2361 1184 2425 pro
1218 2339 1446 2407 decem
1475 2343 1715 2406 marcis
1768 2340 2178 2407 denariorum
2233 2341 2586 2408 Banalium

332 2468 441 2532 pro
474 2448 767 2532 qualibet
798 2468 1026 2514 marca
1057 2468 1201 2514 cum
1236 2467 1354 2514 sex
1383 2447 1607 2533 pensis
1638 2453 2119 2514 numeratorum
2151 2446 2407 2532 pignori
2428 2447 2588 2513 obli-

329 2556 626 2640 gauimus
659 2576 702 2622 a
731 2556 897 2623 festo
930 2557 1152 2622 Sancti
1186 2557 1226 2623 J
1234 2555 1509 2648 ohannis
1540 2554 1840 2643 Baptiste
1894 2575 2064 2621 nunc
2094 2554 2353 2622 uenturi
2385 2573 2592 2639 usque

328 2665 412 2731 ad
472 2666 958 2733 reuolucionem
1010 2665 1221 2749 quinti
1289 2666 1484 2750 anni,
1554 2686 1629 2732 eo
1685 2671 1877 2751 pacto
1898 2717 1917 2752 ,
1987 2664 2158 2749 quod
2210 2664 2267 2731 si
2297 2663 2594 2730 reuoluto

333 2781 558 2857 quarto
589 2795 763 2841 anno
794 2775 863 2840 in
897 2773 1060 2842 sesto
1092 2772 1315 2841 Sancti
1381 2772 1704 2841 Johannis
1756 2772 2052 2858 Baptiste
2114 2773 2593 2858 possessionem

335 2881 693 2966 predictam
758 2903 903 2949 cum
955 2881 1178 2949 decem
1234 2880 1470 2949 marcis
1524 2879 1967 2966 prenominato
2024 2879 2214 2947 modo
2265 2901 2306 2945 a
2347 2878 2596 2945 Comite

331 2989 727 3076 Alexandro,
775 2990 1062 3077 Symone
1098 2995 1164 3057 et
1196 2990 1498 3059 Johanne
1527 2990 1839 3076 predictis
1872 2987 2105 3056 refusis
2138 2994 2201 3054 et
2233 2987 2461 3054 solutis
2496 3005 2590 3053 re·

334 3097 743 3182 dimeremus,
795 3098 956 3167 bene
989 3096 1291 3183 quidem;
1343 3096 1631 3180 alioquin
1664 3116 1900 3183 penam
1951 3093 2133 3181 dupli
2170 3094 2594 3161 incurremus.

333 3204 825 3291 Assumpsimus
861 3207 1067 3273 eciam
1102 3227 1315 3275 coram
1350 3206 1574 3274 eodem
1597 3205 1951 3292 Conuentu‚
1983 3203 2156 3288 quod
2178 3202 2417 3269 dictam
2451 3221 2595 3286 pos·

332 3316 682 3383 sessionem
714 3334 920 3399 usque
953 3314 1036 3381 ad
1063 3314 1271 3401 ipsius
1306 3315 1523 3400 quarti
1553 3314 1710 3381 anni
1737 3311 2215 3381 reuolucionem
2239 3307 2597 3379 redimendi

330 3442 459 3489 non
489 3423 880 3489 haberemus
911 3420 1294 3489 facultatem
1315 3441 1357 3487 a
1379 3419 1536 3488 viris
1557 3419 1958 3487 memoratis.
1993 3419 2077 3485 Et
2107 3425 2179 3485 ut
2211 3418 2333 3487 hoc
2352 3424 2595 3487 certum

332 3537 716 3616 permaneat
746 3549 951 3613 usque
988 3537 1245 3615 tempus
1275 3527 1680 3615 predictum,
1731 3546 1874 3593 cum
1924 3526 2160 3594 litteris
2213 3527 2455 3594 nostris
2517 3525 2600 3593 si-

330 3640 489 3723 gillo
540 3646 765 3707 nostro
824 3641 1131 3725 obpresso
1184 3636 1658 3706 confirmamus.
1709 3636 1950 3703 Datum
1999 3635 2068 3701 in
2106 3634 2392 3703 crastino
2424 3638 2597 3702 octa-

332 3768 563 3816 uarum
594 3749 1015 3815 Pentecostes
1047 3765 1218 3812 anno
1260 3743 1521 3811 Domini
1554 3743 1778 3810 M⁰CC⁰
1800 3742 2282 3829 septuagesimo
2302 3741 2600 3826 septimo.

336 3927 608 3996 (Eredetie
633 3923 987 3994 borbat-tyria,
1025 3942 1060 3980 a
1084 3924 1237 3979 hatul
1262 3925 1367 3978 oda
1389 3930 1640 3992 nyomott
1664 3921 1850 3992 pecset
1887 3922 2173 3986 elveszett,
2211 3937 2246 3973 a
2281 3919 2446 3974 budai
2489 3921 2595 3972 kir.

1151 4018 1400 4071 kamarai
1425 4012 1817 4084 leveltArban.)
