3319 5249
1787 312 1915 384 188

716 512 907 579 cunia
940 510 1003 577 iu
1037 510 1358 598 prioribus
1391 510 1642 577 duobus
1684 508 1978 576 terminis
1998 509 2333 595 persoluta
2352 508 2684 578 amittetur
2713 529 2788 578 eo
2807 508 2970 598 ipso.

712 621 876 688 Pars
906 627 1124 688 autem
1157 617 1238 686 de
1269 619 1533 686 arbitrio
1567 617 2002 705 predictorum
2054 617 2337 686 uirorum
2370 616 2670 686 resiliens
2705 619 2975 705 triginta

715 747 972 795 marcas
1005 730 1254 795 soluere
1287 727 1608 795 tenebitur
1640 728 1813 814 parti
1848 726 2385 813 composicionem
2407 726 2761 794 tolleranti.
2796 726 2969 793 Dici-

714 855 858 905 mus
891 836 1117 924 eciam,
1171 836 1341 920 quod
1369 838 1763 905 solucionem
1810 835 2103 923 predicte
2153 836 2375 905 totalis
2406 837 2678 923 pecunie
2710 835 2778 903 in
2810 835 2972 924 ipsis

714 942 919 1011 tribus
950 943 1240 1011 terminis
1276 943 1588 1026 debitam,
1638 966 1755 1012 nec
1786 966 1902 1031 per
1935 943 2188 1014 litteras
2237 945 2481 1029 Regias
2503 997 2523 1033 ‚
2594 964 2714 1013 nec
2764 946 2973 1012 eciam

715 1050 972 1137 ingenio
1005 1059 1122 1121 aut
1150 1072 1310 1122 casu
1340 1053 1561 1137 aliquo
1593 1052 1796 1138 ijdem
1846 1052 2071 1140 populi
2106 1052 2187 1122 de
2220 1050 2522 1120 Cholnuk
2572 1051 2833 1121 differre
2865 1072 2971 1138 po·

716 1165 935 1227 terunt
966 1158 1101 1227 ullo
1130 1159 1343 1228 modo.
1376 1162 1515 1229 Nec
1546 1159 1668 1227 hoc
1699 1159 2251 1246 pretermittimus,
2289 1161 2464 1244 quod
2496 1162 2727 1228 Comes
2753 1159 2975 1228 Domi·

669 1274 672 1276 ’
716 1268 903 1336 nicus
937 1274 1002 1336 et
1032 1269 1338 1353 Magister
1387 1270 1675 1353 Paulus,
1726 1289 1857 1336 una
1905 1288 2051 1335 cum
2099 1266 2416 1336 fratribus
2464 1269 2601 1336 suis
2633 1268 2966 1354 predictis,

715 1375 989 1460 populos
1022 1372 1104 1443 de
1135 1374 1299 1442 uilla
1350 1377 1651 1443 Cholnuk
1701 1397 1898 1463 super
1950 1383 2154 1442 morte
2205 1373 2502 1460 predicta
2554 1377 2637 1442 ab
2677 1372 2976 1444 oinnibus

717 1481 978 1548 eosdem
1042 1482 1405 1568 inquietare
1467 1484 1841 1552 uolentibus
1910 1485 2297 1552 tenebuntur
2360 1483 2743 1561 defensare,
2807 1484 2976 1552 sicut

718 1590 1033 1659 Martinus
1066 1589 1384 1659 Officialis
1437 1590 1706 1658 Comitis
1760 1590 2082 1659 Dominici
2132 1612 2250 1677 pro
2284 1590 2511 1660 eodem
2558 1590 2819 1659 domino
2851 1611 2972 1659 suo

716 1699 1069 1785 assumpsit
1119 1719 1337 1766 coram
1391 1699 1600 1767 nobis.
1648 1699 1878 1769 Partes
1930 1706 2149 1767 autem
2167 1690 2460 1784 judicem
2497 1701 2763 1785 placare
2793 1707 2970 1768 tene·

716 1808 954 1876 buntur
1016 1807 1080 1887 in
1145 1806 1489 1875 communi.
1541 1807 1786 1876 Datum
1849 1808 1918 1874 in
1967 1806 2198 1892 vigilia
2248 1807 2738 1875 Purificacionis
2771 1808 2973 1875 Beate

720 1914 1008 1999 Virginis
1036 1935 1212 1982 anno
1243 1915 1507 1983 Domini
1538 1916 1627 1981 Μο
1650 1917 1778 1983 00⁰
1799 1916 2012 1983 LXX⁰
2045 1917 2340 1999 septimo.

719 2094 989 2158 (Ercdetic
1016 2093 1362 2163 bo'rhartyau,
1420 2097 1631 2163 melyen
1676 2109 1711 2147 a
1746 2094 2041 2163 pecsetnek
2067 2095 2322 2151 wredeke
2351 2093 2543 2150 latszik
2575 2094 2713 2163 meg,
2752 2113 2786 2149 a
2811 2095 2977 2148 budai

1457 2187 1561 2237 kir.
1589 2187 1837 2239 kamarai
1862 2182 2239 2251 leveltarban.)
3053 2186 3056 2187 ⁷

1625 2476 1736 2483 ..Φ-.-
1755 2475 1962 2482 ,.-..--—-—
1985 2476 2028 2483 νὴ..
2043 2477 2051 2481 .

1773 2923 1924 2993 129.

723 3127 784 3196 A
815 3129 1182 3197 keresztesek
1232 3129 1596 3214 eszteryami
1630 3126 2082 3212 konventjdnek
2133 3125 2658 3212 bizonyadqlevele
2677 3176 2698 3206 ,
2742 3126 2904 3211 hoqy
2936 3150 2978 3190 a

724 3237 1038 3306 Gholnuki
1082 3237 1278 3323 nepek
1327 3259 1369 3299 a
1418 3235 1620 3320 rdjuk
1671 3235 2023 3301 kimondott
2069 3235 2358 3318 birsdqot
2407 3233 2724 3316 lefizette'k.
2779 3233 2814 3295 1
2822 3237 2910 3300 2⁷
2915 3237 2973 3300 7.

938 3435 1078 3500 Nos
1127 3430 1441 3517 Magister
1491 3429 1859 3498 Hermanus
1909 3439 1973 3497 et
2020 3430 2255 3499 fratres
2303 3431 2551 3498 Domus
2607 3428 2976 3516 Hospitalis

724 3540 942 3611 Sancti
975 3539 1174 3626 Regis
1209 3539 1524 3626 Stephani
1557 3539 1637 3608 de
1670 3538 1998 3624 Strigonio
2037 3538 2485 3623 significamus
2518 3537 2750 3622 quibus
2785 3559 2977 3624 expe·

724 3650 825 3718 dit
853 3647 1164 3718 memorie
1217 3646 1780 3731 commendantes;
1828 3646 1999 3730 quod
2051 3665 2196 3714 cum
2233 3646 2454 3732 populi
2487 3646 2571 3713 de
2603 3646 2763 3713 villa
2793 3645 2976 3713 Ghol-

640 3742 659 3760 ’
723 3757 861 3824 nuk
911 3757 1096 3823 iuxta
1158 3774 1415 3821 cursum
1465 3752 1750 3840 priorum
1814 3753 2176 3821 litterarum
2239 3752 2603 3820 nostrarum
2666 3753 2977 3838 Magistro

721 3864 926 3933 Paulo
957 3864 1109 3930 aule
1139 3862 1402 3930 domine
1433 3863 1688 3946 Regine
1721 3861 1994 3929 Notario
2043 3861 2126 3928 de
2162 3862 2337 3928 Deer
2371 3880 2485 3947 pro
2516 3859 2978 3927 interfeccione

723 3995 839 4042 seu
873 3979 1078 4042 morte
1110 3973 1382 4040 Comitis
1414 3970 1591 4037 Petri
1624 3970 1846 4040 fratris
1880 3970 2179 4055 Magistri
2210 3970 2394 4037 Pauli
2451 3977 2516 4036 et
2569 3967 2826 4053 paruuli
2878 3989 2978 4034 co·

723 4085 905 4168 gnati
955 4080 1247 4150 eiusdem
1269 4133 1286 4167 ,
1354 4100 1432 4149 ac
1481 4079 1832 4148 ablacione
1881 4099 2090 4146 rerum
2141 4099 2438 4164 suarum,
2512 4077 2979 4143 arbitrantibus

733 4190 891 4257 viris
925 4188 1202 4273 idoneis,
1262 4189 1512 4257 Comite
1562 4188 1869 4256 videlicet
1919 4187 2228 4272 Archyno
2249 4238 2270 4275 ,
2316 4186 2576 4270 Elkyno
2610 4183 2867 4267 Villico,
2914 4191 2982 4250 et

727 4298 1038 4380 Gerardo,
1080 4298 1337 4366 ciuibus
1367 4297 1944 4384 Strigoniensibus,
1990 4299 2145 4365 item
2183 4294 2524 4382 Mychaele
2579 4291 2835 4359 Comite
2867 4289 2980 4358 Ca-
3095 4347 3118 4360 .

723 4425 898 4475 mere
959 4404 1204 4474 domini
1267 4406 1469 4490 Regis
1492 4455 1509 4487 ,
1580 4406 1945 4495 Augustino
1994 4404 2336 4490 Proposito
2387 4397 2848 4482 Chanadiensi,
2915 4404 2983 4464 et

726 4512 975 4582 Comite
1004 4512 1193 4583 Mark
1242 4511 1327 4580 de
1364 4533 1604 4599 genere
1634 4513 1817 4581 Rusd
1833 4564 1852 4600 ,
1905 4519 1971 4580 et
2019 4511 2331 4580 fratribus
2362 4509 2650 4578 eiusdem
2683 4505 2982 4592 Magistri
3043 4591 3054 4602 ·

725 4622 936 4707 Pauli,
1000 4620 1281 4691 Peterke
1343 4622 1601 4691 scilicet
1648 4630 1712 4689 et
1762 4623 1995 4707 Paulo,
2043 4621 2391 4708 sexaginta
2451 4636 2704 4686 marcas
2767 4615 2982 4683 minus
