3319 5249
1815 334 1899 400 26

726 531 1065 599 meridiem
1111 528 1358 599 saliens
1411 534 1682 595 stratam
1736 529 2063 614 publicam
2100 537 2166 596 et
2200 534 2546 620 gurgitem,
2601 539 2665 601 et
2698 535 3012 604 ascendit

725 640 795 706 in
846 648 1166 725 montem,
1233 645 1298 705 et
1347 637 1414 704 in
1463 638 1674 706 latere
1743 638 1951 724 ipsius
1999 640 2237 707 montis
2289 647 2442 708 sunt
2491 650 2771 724 quatuor
2819 650 2996 711 mete

727 748 1082 833 angulares
1104 799 1123 834 ,
1176 754 1312 812 tres
1346 746 1618 827 antique
1639 794 1658 827 ‚
1711 748 1942 828 quarta
1974 766 2184 828 noua,
2236 748 2345 815 vbi
2378 758 2717 834 separatur
2749 773 2791 818 a
2818 758 2997 818 terra

724 854 941 941 Egidij
981 861 1047 922 et
1078 875 1119 920 a
1150 861 1322 921 terra
1352 852 1539 938 Sech,
1576 858 1640 919 et
1673 857 2097 937 cognatorum
2129 875 2431 941 suorum3
2481 857 2653 924 vnde
2685 858 2988 924 aseendit

723 983 841 1049 per
895 961 1172 1029 eundem
1224 968 1506 1028 montem
1560 959 1648 1025 ad
1700 960 1868 1027 duas
1918 960 2179 1029 arbores
2213 966 2309 1028 tul
2339 971 2403 1031 et
2434 967 2596 1047 cher,
2642 965 2724 1031 de
2756 965 2991 1049 quibus

724 1068 1063 1137 descendit
1094 1090 1208 1155 per
1239 1070 1450 1135 latera
1499 1067 1708 1153 ipsius
1761 1068 1999 1134 montis
2052 1067 2138 1133 ad
2172 1068 2414 1134 vallem
2466 1069 2552 1135 ad
2595 1075 2726 1138 tres
2759 1078 2986 1156 metae,

723 1199 858 1245 vna
908 1181 976 1243 in
1031 1180 1262 1244 arbore
1312 1177 1525 1264 tuffo,
1571 1174 1711 1240 alia
1762 1182 1993 1261 terrea,
2046 1183 2110 1240 et
2161 1177 2370 1241 tercia
2422 1197 2590 1243 noua
2641 1177 2712 1243 in
2764 1179 2994 1247 arbore

722 1288 926 1375 nyofa
944 1311 970 1367 ;
998 1285 1165 1353 vnde
1196 1282 1647 1350 asscendendo
1681 1289 1986 1368 montem,
2026 1290 2090 1348 et
2119 1283 2573 1352 descendendo
2607 1285 2694 1351 ad
2726 1285 2992 1371 vallem,

727 1397 799 1463 in
834 1392 1046 1461 medio
1080 1392 1285 1476 ipsius
1338 1390 1573 1457 montis
1623 1398 1774 1458 sunt
1820 1390 1945 1456 due
1993 1398 2163 1457 mete
2204 1396 2415 1458 terree
2456 1393 2643 1458 iuxta
2674 1394 2849 1459 viam
2882 1414 2992 1478 po-

721 1507 883 1588 site3
935 1502 1014 1568 de
1047 1501 1281 1583 quibus
1315 1500 1500 1567 metis
1552 1501 1784 1566 terreis
1839 1500 2182 1565 reuertitur
2235 1500 2321 1565 ad
2362 1506 2568 1565 metas
2599 1499 2869 1587 priores,
2928 1507 2997 1567 et

719 1611 815 1678 ibi
847 1608 1290 1676 terminantur.
1340 1607 1430 1674 Ut
1461 1607 1659 1692 igitur
1694 1607 1887 1673 huius
1919 1613 2139 1673 nostre
2173 1609 2632 1692 concessionis,
2686 1608 2984 1673 collacio-

722 1719 826 1784 nis
877 1736 991 1783 seu
1043 1714 1424 1782 donacionis
1474 1714 1677 1781 series
1727 1715 1925 1781 robur
1977 1721 2284 1799 perpetue
2316 1714 2606 1782 obtineat
2638 1715 2988 1797 firmitati5‚

720 1831 1060 1913 presentes
1111 1825 1543 1891 concessimus
1594 1823 1855 1889 litteras
1911 1823 2232 1908 dupplicis
2284 1824 2495 1906 sigilli
2531 1821 2740 1888 nostri
2778 1822 2989 1888 muni-

721 1935 902 2000 mine
950 1934 1305 1999 roboratas.
1379 1933 1619 1997 Datum
1671 1951 1789 2015 per
1840 1951 2077 1997 manus
2126 1932 2421 2014 Magistri
2463 1928 2800 1997 Benedicti
2835 1926 2990 1995 Oro-

721 2038 969 2107 diensis
999 2038 1295 2105 Ecclesie
1325 2037 1653 2124 Prepositi
1688 2039 1837 2104 aule
1869 2046 2084 2104 nostre
2118 2038 2277 2103 Vice
2309 2036 2723 2121 Cancellafij,
2758 2035 2984 2101 dilecti

721 2157 786 2214 et
814 2145 1023 2213 fidelis
1054 2145 1259 2211 nostri
1291 2163 1463 2211 anno
1497 2144 1766 2210 Domini
1798 2143 2239 2210 M⁰CC⁰LXX⁰
2262 2145 2484 2228 tercio,
2519 2143 2727 2226 Regni
2762 2149 2979 2208 autem

718 2256 922 2322 nostri
943 2272 1114 2318 anno
1132 2251 1361 2337 primo,
1396 2252 1895 2319 Venerabilibus
1915 2252 2208 2338 patribus
2231 2250 2705 2337 Metropolitiea
2737 2251 2975 2317 Sancte

719 2358 1189 2448 strigoniensis
1241 2358 1536 2426 Ecclesie
1569 2358 1740 2425 Sede
1788 2366 2101 2441 vacante,
2149 2358 2482 2443 Stephano
2515 2357 2859 2425 Colocensi
2910 2362 2977 2426 et

717 2470 1019 2539 Johanne
1053 2466 1433 2551 spalatensi
1466 2466 2033 2553 Archiepiseopis;
2068 2468 2416 2552 Lamperto
2451 2465 2775 2550 Agriensi,
2808 2463 2987 2533 Bric-

719 2576 818 2643 cio
852 2573 1307 2659 chanadiensn
1353 2574 1481 2641 Job
1521 2572 2237 2660 Quinqueecclesiensi,
2286 2573 2594 2659 Philippo
2625 2573 2984 2660 Waciensi,

716 2684 923 2751 Paulo
963 2683 1458 2770 Wesprimiensi
1508 2682 1661 2748 aule
1709 2689 1927 2750 nostre
1979 2682 2411 2769 Cancellari0‚
2462 2682 2826 2767 Tymotheo
2863 2683 2982 2748 Za-

717 2791 1067 2877 grabiensi,
1103 2789 1486 2858 Lodomerio
1506 2790 1946 2877 Waradiensi‚
1987 2789 2300 2877 Dyonisio
2328 2791 2657 2857 Jauriensi
2692 2796 2758 2857 et
2786 2789 2982 2855 Petro

715 2897 1152 2965 Transiluano
1184 2898 1528 2984 Episcopis
1567 2896 1901 2964 Ecclesias
1936 2898 2060 2964 Dei
2113 2895 2392 2963 feliciter
2444 2896 2978 2981 gubernantibus.

714 3005 1012 3071 Rolando
1063 3005 1406 3090 Palatino,
1454 3006 1727 3072 Herrico
1779 3005 1962 3070 Bano
2015 3007 2222 3071 tocius
2262 3001 2614 3070 Sclauonie
2634 3053 2655 3088 ,
2702 3002 2980 3070 Nicolao

714 3111 1121 3196 Woyawoda
1153 3111 1590 3180 Transiluano
1642 3111 1891 3178 Comite
1944 3111 2023 3177 de
2054 3111 2286 3177 Zonuk
2308 3162 2325 3194 ,
2391 3108 2743 3193 Iwachyno
2776 3108 2977 3192 Magi·

712 3226 847 3285 stro
879 3219 1389 3286 Tauarnicorum
1424 3227 1814 3302 nostrorum,
1860 3217 2095 3304 Egidio
2128 3219 2310 3284 Bano
2368 3217 2450 3284 de
2481 3215 2755 3283 Machou
2797 3223 2862 3281 et
2895 3215 2980 3282 de

712 3325 954 3411 Bozna,
1004 3323 1209 3392 Paulo
1243 3325 1425 3393 Bano
1475 3326 1556 3393 de
1586 3328 1885 3411 Zeurino,
1917 3317 2179 3410 'Vgrino
2234 3323 2544 3409 Magistro
2600 3325 2977 3407 Agasonum

711 3438 1076 3500 nostrorum
1126 3433 1379 3500 Comite
1428 3433 1805 3518 Sirmiensi,
1858 3433 2219 3499 Laureneio
2267 3433 2588 3516 Magistro
2631 3431 2971 3497 Pincerna-

713 3559 853 3607 rum
888 3538 1138 3608 Comite
1170 3541 1252 3607 de
1285 3542 1484 3609 Kewe
1538 3549 1604 3608 et
1653 3541 1735 3606 de
1774 3542 1978 3607 Craso
1998 3592 2016 3624 ,
2066 3541 2255 3627 Moys
2288 3540 2542 3606 Comite
2575 3536 2974 3622 Simigiensi,

711 3646 966 3717 Dedalo
999 3649 1248 3717 Comite
1280 3647 1676 3731 Zaladiensi,
1712 3647 2032 3715 Michaele
2068 3646 2317 3713 Comite
2349 3645 2685 3730 Nitriensi,
2720 3650 2782 3712 et
2815 3643 2974 3732 alijs

708 3777 902 3842 quam
934 3758 1231 3844 pluribus
1268 3755 1629 3822 Comitatus
1663 3754 1870 3837 Regni
1911 3753 2283 3820 tenentibus
2317 3758 2381 3818 et
2410 3752 2712 3820 honores.

708 3937 980 4004 (Eredetie
1024 3933 1360 4003 b6rh2'2rtyan
1382 3973 1395 3995 ,
1436 3935 1689 4004 melynek
1730 3932 1977 4001 pecsetje
2016 3935 2290 4000 elveszett,
2327 3950 2362 3986 a
2385 3932 2551 3985 budai
2596 3932 2698 3983 kir.
2725 3931 2978 3982 kamarai

1653 4019 2039 4090 leveltarban.)

1624 4309 2053 4324 ῃ*
