3319 5249
1862 362 1946 428 98
2224 322 2253 374 ἕ

761 556 952 621 Anno
1001 557 1085 622 ab
1135 556 1607 623 Incarnacione
1658 556 1920 624 Domini
1969 557 2315 624 millesimo
2365 557 2717 625 OC⁰LXX⁰
2751 563 3025 641 quarto;

756 663 1067 748 Magistro
1117 665 1580 732 Bonauentura
1630 663 1989 750 Preposito,
2061 663 2349 734 Oliuerio
2403 665 2707 750 Cantore‚
2762 664 3026 732 Ombud

749 771 1050 857 Custode,
1100 769 1429 858 Stephano
1461 770 1725 839 Decano
1757 773 2044 840 Ecclesie
2080 781 2300 840 nostre
2336 775 2780 842 existentibus.

750 950 818 1015 (A
845 949 1059 1003 vasvairi
1089 950 1466 1019 kaptalannak
1500 955 1652 1004 1498.
1704 955 1875 1016 „feria
1916 961 2111 1021 quarta
2135 957 2385 1022 proxima
2414 962 2536 1022 post
2562 959 2758 1007 festum
2786 957 2988 1005 Annua
3012 983 3024 990 -

746 1043 1012 1093 ciaeionis
1041 1043 1206 1094 Beate
1233 1045 1406 1095 Marie
1436 1044 1709 1110 Virginis‘*
1743 1045 1960 1096 kiadott
1986 1043 2305 1110 aitiratzibbh
2352 1061 2385 1096 a
2424 1046 2586 1096 budai
2628 1046 2729 1096 kir.
2772 1045 3024 1095 kamarai

1615 1132 1999 1192 levsltairban.)

1852 1405 2099 1414 ÷---—-—-.

1832 1763 1938 1828 59.

752 1959 804 2022 A
850 1963 1182 2042 veszpw‘mi
1212 1961 2233 2058 kciptalannak'bizonysziqlevela
2285 1965 2449 2047 hoqy
2488 1962 2721 2025 Omode'
2767 1973 3016 2040 mester,

753 2091 782 2128 s
816 2063 1083 2148 Gerqely
1134 2076 1346 2130 mester
1396 2069 1458 2131 e's
1509 2068 1901 2134 erdelcta'rsai
1919 2119 1939 2148 ‚
2006 2095 2045 2132 a
2103 2072 2322 2134 kazmk
2366 2068 2778 2156 fennforqott
2831 2093 3057 2154 peres,

1226 2183 1412 2259 iiqyet
1445 2175 1901 2262 barcitsa'qosan
1944 2179 2288 2243 elintezte'k.
2342 2181 2534 2244 1274.

965 2369 1335 2455 Capitulum
1387 2372 1681 2440 Ecclesie
1735 2374 2237 2460 vesprimiensis
2289 2373 2588 2441 omnibus
2641 2380 3009 2459 presentem

753 2478 1064 2561 paginam
1119 2478 1508 2566 inspecturis
1569 2483 1850 2548 salutem
1905 2483 1968 2548 in
2021 2484 2298 2549 Domino
2351 2482 2830 2565 sempiternam.
2911 2481 3016 2546 Ad

752 2585 1192 2655 vniuersorum
1242 2588 1550 2656 noticiam
1602 2596 1825 2659 tenore
1857 2591 2263 2678 presencium
2295 2589 2591 2656 uolumus
2628 2587 3012 2674 peruenirc3

752 2694 923 2776 quod
957 2716 1098 2761 cum
1131 2696 1447 2779 Magister
1479 2697 1807 2767 Omodeus
1859 2701 1940 2766 ab
1974 2720 2107 2766 una
2139 2706 2327 2785 parte
2349 2751 2365 2783 ,
2416 2698 2728 2781 Magister
2761 2680 3011 2781 Grego-

756 2801 887 2868 rius
937 2803 1110 2868 filius
1163 2803 1429 2871 Comitis
1479 2806 1674 2892 Jula,
1744 2808 1975 2877 Petrus
2031 2808 2203 2874 filius
2258 2805 2621 2889 Dominici,
2676 2812 2740 2872 et
2782 2805 3017 2871 Petrus

754 2910 923 2976 filius
956 2910 1235 2995 Nicolay
1266 2911 1348 2977 de
1379 2913 1678 2981 Zebecke
1712 2936 1792 2981 ex
1825 2916 2053 3003 altera,
2104 2934 2303 3001 super
2336 2913 2551 2981 causis
2605 2913 2689 2978 ad
2724 2911 3010 2977 inuicem

752 3017 1129 3099 suscitatis,
1179 3018 1487 3084 videlicet
1536 3042 1729 3105 super
1780 3022 2227 3089 destruccione
2279 3022 2480 3107 predij
2537 3019 2829 3086 eiusdem
2880 3018 3016 3084 Ma·

754 3124 943 3207 gistri
978 3124 1276 3212 Omodey
1308 3129 1541 3212 Gogan
1571 3130 1815 3215 uocati,
1866 3152 1987 3198 nec
2019 3152 2147 3198 non
2184 3150 2380 3216 super
2430 3135 2630 3195 morte
2659 3127 2851 3193 trium
2883 3145 3017 3191 ser-

753 3232 1077 3299 uiencium
1130 3234 1419 3302 eiusdem
1471 3237 1771 3321 Magistri
1826 3237 2155 3324 Omodey,
2231 3244 2296 3304 et
2341 3235 2681 3303 ablacione
2730 3236 3011 3300 aliarum

752 3360 966 3408 rerum
999 3363 1285 3431 suarum,
1328 3364 1521 3428 super
1556 3346 1790 3429 quibus
1824 3348 2121 3414 omuibus
2157 3347 2296 3432 ipse
2329 3346 2646 3429 Magister
2681 3342 3013 3410 Omodeus

753 3450 1444 3534 eundem-Magistrum
1480 3454 1867 3538 Gregorium
1922 3462 1987 3522 et
2038 3475 2190 3522 suos
2226 3461 2535 3538 cognatos
2585 3451 2809 3519 ordine
2850 3450 3012 3518 iudi·

754 3557 958 3625 ciario
1010 3560 1383 3645 impetebat,
1436 3567 1500 3627 et
1555 3582 1753 3648 super
1804 3564 2226 3649 responsione
2275 3564 2483 3649 ipsius
2515 3559 2813 3644 Magistri
2849 3557 3008 3625 Gre-

752 3666 917 3749 gorij
982 3676 1047 3733 et
1099 3677 1517 3753 cognatorum
1583 3692 1844 3738 suorum
1916 3680 2145 3739 contra
2208 3671 2562 3756 predictum
2625 3670 3013 3751 Magistrum

753 3772 1103 3842 Omodeum
1155 3776 1220 3842 in
1268 3777 1508 3844 iudicio
1563 3778 2034 3867 factam(1gy)‚
2084 3780 2395 3847 videlicet
2438 3777 2613 3863 quod
2669 3777 2803 3844 illis
2854 3783 3014 3842 tem-

752 3887 1035 3969 poribus,
1088 3886 1325 3969 quibus
1375 3887 1544 3953 idem
1581 3889 1892 3972 Magister
1945 3888 2267 3956 Omodeus
2318 3889 2678 3976 predictum
2714 3886 3013 3970 predium

757 3990 894 4056 fore
929 3990 1324 4061 destructum
1376 4004 1441 4062 et
1473 4003 1693 4063 cetera
1727 3996 2015 4081 dampna
2066 3996 2191 4064 sibi
2231 3997 2421 4063 illata
2453 3995 2821 4077 asserebat,
2866 3994 3013 4079 ipse

754 4100 1059 4182 Magister
1092 4103 1449 4187 Gregorius
1504 4112 1567 4170 et
1618 4106 1718 4171 sui
1772 4105 2034 4188 cognati
2091 4105 2365 4172 fuissent
2417 4104 2483 4169 in
2536 4102 2717 4169 curia
2766 4101 3016 4167 domini

752 4209 953 4290 Regis
1002 4209 1068 4274 iu
1120 4211 1321 4294 Regio
1370 4213 1646 4280 seruicio
1700 4214 2076 4298 exequendo
2129 4214 2195 4279 in
2249 4212 2597 4296 quindenis
2648 4207 3012 4277 residencic

756 4313 1075 4382 exercitus
1127 4324 1278 4384 tuuc
1331 4321 1642 4404 temporis
1694 4328 1918 4388 contra
1959 4322 2199 4406 Regem
2251 4319 2562 4389 Bohemie
2611 4318 3015 4404 congregati,

756 4424 1159 4493 asserciones
1219 4447 1371 4493 suas
1435 4429 1707 4495 testibus
1771 4449 1985 4497 coram
2048 4430 2236 4499 nobis
2300 4430 2704 4514 conprobare
2751 4423 3016 4491 debuis-

758 4538 937 4616 sent3
1011 4534 1173 4600 sicut
1227 4535 1346 4600 hec
1400 4537 1613 4602 omnia
1666 4538 1733 4603 in
1782 4538 2013 4605 litteris
2065 4536 2335 4604 Comitis
2387 4536 2703 4621 Stephani
2758 4534 3016 4599 Viceiu-

757 4641 924 4707 dicis
975 4642 1165 4710 Curie
1215 4643 1459 4710 domini
1512 4647 1713 4730 Regis
1766 4644 2046 4712 uidimus
2098 4647 2353 4732 plenius
2405 4644 2739 4712 contineri.
2807 4641 3017 4709 Adue·
