3319 5249
1699 306 1833 374 556

632 501 880 566 truzlou
917 501 998 567 de
1028 499 1478 583 iobagionibus
1511 500 1726 568 Oastri
1746 504 1950 570 nostri
1981 504 2386 588 Simigiensis
2420 501 2695 584 oriundi,
2717 504 2889 589 quod

635 607 821 694 Opey
851 608 1026 694 ipsos
1079 607 1532 695 destruxisset,
1569 616 1635 677 et
1685 616 1923 677 terram
1956 612 2245 697 ipsorum
2298 612 2559 680 Necech
2594 619 2896 679 uocatam

632 715 921 782 indebite
954 714 1269 784 detineret
1300 725 1684 803 occupatam
1715 740 1730 802 ;
1764 715 2038 785 dicendo
2059 769 2078 804 ,
2134 718 2345 804 ipsam
2378 725 2614 787 terram
2647 704 2897 785 sibi‘ex

635 830 860 891 nostra
890 825 1251 894 collacione
1282 825 1604 893 adiacere.
1653 827 1841 894 Vnde
1893 848 2036 895 cum
2068 835 2276 894 terras
2315 829 2738 912 iobagionum
2772 827 2896 893 Ca-

637 932 753 1001 stri
784 933 989 998 nostri
1020 935 1377 1018 populosas
1399 934 1641 1001 nemini
1665 934 2097 1019 conferamus,
2130 941 2196 1003 et
2219 936 2347 1022 ipsi
2377 934 2564 1021 Opey
2596 933 2901 1002 conferre

636 1038 879 1107 dictam
942 1045 1183 1106 terram
1244 1040 1503 1108 Nechec
1534 1062 1663 1108 non
1709 1040 2021 1109 uelimus:
2088 1042 2385 1109 fidelitati
2449 1048 2666 1109 uestre
2696 1043 2899 1126 preci-

634 1147 874 1233 piendo
906 1147 1308 1234 mandamus,
1361 1156 1684 1232 quatenus
1718 1146 2065 1217 Martinum
2117 1154 2183 1216 et
2211 1151 2405 1216 Bank
2454 1147 2716 1216 orfanos
2764 1168 2898 1216 me-

638 1262 922 1324 moratos
954 1259 1020 1323 in
1052 1257 1240 1324 terris
1272 1258 1561 1343 ipsorum
1596 1264 1658 1324 et
1695 1257 1942 1326 iuribus
2000 1264 2226 1323 contra
2259 1256 2444 1344 Opey
2476 1259 2894 1341 conseruetis,

639 1364 815 1451 ipsos
850 1365 916 1429 in
951 1371 1235 1433 uestram
1286 1364 1767 1449 proteccionem
1824 1365 2198 1452 recipiendo
2247 1365 2616 1450 specialem.
2651 1367 2897 1431 Datum
2933 1398 2944 1403 ⁴

638 1471 706 1537 in
755 1471 1022 1558 Lypche
1080 1472 1365 1539 secundo
1432 1471 1541 1538 die
1604 1473 1989 1540 sestiuitatis
2048 1473 2540 1558 Assumpcionis
2603 1471 2894 1558 Virginis

641 1577 956 1648 Gloriose.

853 1687 915 1753 K
935 1687 958 1752 i
979 1684 1162 1754 vtll:
1211 1684 1428 1755 Endre
1458 1688 1592 1756 filio
1626 1687 1873 1755 Lothar
1905 1694 1969 1755 et
2003 1688 2321 1774 Gregorio
2352 1686 2484 1754 filio
2513 1688 2674 1754 Pak.

643 1900 929 1965 (Eredetie
947 1903 1309 1973 bothartyam
1337 1922 1371 1958 a
1396 1903 1785 1973 zarpecsetnek
1811 1904 2066 1961 toredeke
2092 1921 2324 1973 meg-van
2351 1925 2364 1969 ς
2411 1921 2445 1957 a
2468 1905 2636 1958 budai
2662 1905 2761 1955 kir.
2795 1904 2896 1957 ka·

1460 1997 1631 2047 marai
1655 1993 2034 2060 leveltarban.)

1554 2285 1988 2296 *ψ

1700 2878 1859 2948 407.

645 3071 691 3142 I
701 3078 763 3143 V.
794 3080 1025 3144 Ldszld
1052 3079 1271 3166 kircily
1302 3079 1564 3167 Mihdly
1595 3090 1820 3146 comest
1862 3083 1924 3147 e's
1949 3082 2109 3165 ιΙὶαἰῦ
2129 3131 2151 3162 ,
2214 3083 2375 3165 hoqy
2408 3077 2590 3147 Chcik
2649 3089 2907 3142 nemzet-

645 3186 873 3271 sdybeli
921 3187 1138 3252 Pdtert
1202 3189 1266 3252 (ἵε
1328 3188 1537 3272 Moyst
1613 3185 1790 3274 G'yla
1817 3188 2154 3271 fellcizadt
2184 3188 2344 3271 fiait
2392 3186 2711 3272 meqolte'k,
2758 3188 2898 3252 min

1113 3295 1235 3360 den
1266 3297 1541 3362 bitntete's
1575 3295 2049 3382 alolfelmenti.
2089 3274 2184 3361 E‘v
2213 3294 2450 3362 ndlkal.

861 3506 1211 3575 Ladizlaus
1243 3506 1365 3575 Dei
1400 3509 1625 3593 gracia
1657 3511 1798 3574 Rex
1858 3507 2165 3574 fidelibus
2194 3507 2330 3574 suis
2361 3504 2684 3574 vniuersis
2713 3507 2754 3573 J
2760 3504 2894 3572 udi-

648 3616 830 3682 cibus
864 3618 932 3681 in
966 3615 1189 3700 Regno
1221 3636 1339 3684 suo
1380 3615 1753 3684 constitutis
1807 3616 2086 3683 salutem
2138 3620 2205 3682 et
2234 3617 2544 3698 graciam.
2580 3613 2750 3692 Quia
2779 3612 2905 3680 Co-

647 3744 783 3790 mes
815 3723 1093 3790 Michael
1144 3722 1317 3789 filius
1364 3724 1557 3790 Wbul
1577 3777 1597 3810 ,
1654 3722 2065 3809 Stephanus,
2126 3724 2359 3790 Petrus
2411 3729 2477 3789 et
2505 3721 2747 3789 Paulus
2782 3719 2898 3803 filij

649 3831 962 3916 eiusdem,
996 3833 1254 3897 Petrum
1288 3831 1490 3897 filium
1554 3832 1701 3901 Jule
1750 3837 1976 3898 contra
2005 3851 2124 3898 nos
2156 3829 2584 3916 procedentes
2617 3835 2682 3895 et
2712 3848 2906 3894 nocu-

647 3945 859 4005 menta
894 3938 1246 4005 inferentes
1278 3939 1688 4005 occiderunt:
1722 3937 2112 4025 precipimus
2144 3935 2444 4004 fidelitati
2476 3943 2712 4021 vestre,
2747 3955 2907 4018 qua-

649 4054 835 4114 tenus
869 4043 1139 4114 eundem
1194 4046 1508 4114 Comitem
1555 4046 1941 4114 Michaelem
1996 4049 2061 4113 et
2090 4044 2259 4112 filios
2291 4065 2466 4132 suos,
2500 4045 2557 4112 si
2591 4043 2671 4110 de
2704 4050 2910 4109 mortc

653 4155 940 4240 ipsorum
972 4154 1148 4221 Petri
1210 4158 1276 4219 et
1308 4156 1518 4241 Moys,
1581 4162 1642 4223 et
1677 4154 2062 4239 captiuitate
2122 4152 2419 4238 Andree,
2470 4159 2535 4216 et
2565 4149 2910 4217 ablaoione

646 4281 864 4328 rerum
897 4280 1156 4327 suarum
1219 4259 1502 4349 (questio
1535 4259 1782 4348 fuerit),
1834 4281 1961 4328 non
2013 4258 2303 4328 debeatis
2361 4277 2482 4326 nec
2513 4257 2908 4344 presumatis

640 4368 986 4455 judicare3
1023 4387 1170 4435 cum
1225 4370 1485 4437 eosdem
1548 4369 1860 4437 Comitem
1920 4367 2311 4436 Michaelem
2333 4417 2348 4447 ,
2409 4365 2809 4451 Stephanum
2844 4374 2913 4431 et

648 4474 923 4543 Paulum
971 4495 1168 4561 super
1197 4485 1401 4545 morte
1433 4478 1868 4563 predictorum
1888 4475 2064 4544 Petri
2098 4481 2162 4541 et
2192 4475 2394 4559 Moys‚
2427 4481 2494 4541 et
2523 4492 2724 4558 super
2754 4491 2907 4555 eap-

649 4583 904 4653 tiuitate
966 4582 1256 4652 eiusdem
1315 4584 1576 4653 Andree
1639 4591 1704 4651 et
1733 4585 2127 4654 seruientum
2190 4600 2447 4650 suorum
2469 4628 2490 4667 ,
2556 4598 2635 4646 ac
2696 4598 2908 4648 rerum
