3319 5249
1226 367 1373 373 ‘mk—.-
1396 368 1540 377 -.,..-—.-

254 470 474 537 extitit
522 491 727 555 usque
777 469 987 536 modo.
1039 472 1285 540 Datum
1339 472 1519 539 Bude
1577 471 1684 538 die
1714 470 2039 539 dominico
2091 477 2244 538 ante
2275 472 2510 541 festum
2601 500 2606 501 ff

244 579 454 646 Mario
486 578 896 666 Magdalem,
926 600 1099 649 anno
1131 582 1394 649 Domini
1425 580 1667 650 M⁰OC⁰
1714 579 2156 664 octuagesimo
2210 581 2506 666 septimo.

246 795 535 859 (Eredetie
560 792 904 863 bo'rhartyin,
930 811 965 847 a
989 794 1144 848 hatul
1172 797 1279 848 oda
1303 802 1548 863 nyomott
1572 795 1775 864 kiralyi
1794 797 1976 866 penset
1996 798 2271 858 elveszett,
2291 811 2326 847 a
2346 796 2511 847 budai

988 885 1090 938 kir.
1116 884 1363 936 kamarai
1412 881 1793 952 leveltfirbau.)

1230 1206 1363 1213 sszv-ffi
1407 1207 1445 1213 --
1464 1206 1590 1214 ⁴——

1306 1686 1457 1753 326.

243 1882 305 1947 Α
360 1884 930 1968 szekesffehe'rvciri
1001 1883 1455 1969 ka'ptalannak
1503 1886 2054 1971 bizonysdylevele,
2108 1889 2273 1972 hoyy
2325 1887 2505 1969 Pylis

242 1992 720 2077 nemzetse'qbeli
798 1994 1092 2057 Demeter
1154 2013 1356 2057 comes
1420 1991 1686 2058 Sdrkdn
1747 1994 2115 2078 helyseqnek
2161 1993 2508 2080 feleresze't

755 2100 998 2165 Miklds
1030 2121 1224 2165 comes
1243 2099 1511 2181 fiainak
1541 2099 1774 2164 eladta.
1811 2102 2004 2165 1287.

462 2292 887 2380 (C)apitulnm
920 2293 1207 2360 Ecclesie
1237 2292 1547 2360 Albensis
1580 2295 1878 2363 omnibus
1932 2292 2172 2363 Christi
2204 2294 2501 2363 fidelibus

237 2410 580 2486 presentes
638 2403 887 2470 litteras
946 2402 1340 2488 inspecturis
1388 2402 1664 2470 salutem
1717 2407 1781 2468 in
1832 2404 2114 2471 Domino
2163 2407 2495 2491 sempiter-

241 2530 419 2576 nam.
478 2510 580 2575 Ad
630 2511 1068 2578 vniuersorum
1122 2511 1428 2576 noticiam
1478 2517 1699 2576 tenore
1750 2511 2153 2597 presencium
2206 2515 2502 2581 uolumus

238 2618 612 2702 peruenire:
631 2619 802 2703 quod
823 2619 1071 2688 Comite
1089 2619 1417 2688 Demetrio
1435 2618 1568 2686 filio
1589 2618 1856 2688 Comitis
1876 2620 2136 2688 Nicolai
2157 2621 2241 2689 de
2261 2641 2498 2706 genere

241 2728 426 2810 Pylis
449 2727 535 2792 ab
560 2748 706 2793 ‘una
725 2733 933 2814 parte,
959 2730 1000 2796 J
1005 2727 1259 2795 ohanne
1280 2727 1411 2794 filio
1434 2726 1785 2812 Pangracij
1825 2728 1902 2793 de
1936 2729 2146 2796 Geras
2176 2750 2293 2815 pro
2311 2730 2505 2796 Petro

240 2842 304 2899 et
322 2836 546 2902 Zoard
566 2836 720 2920 filijs
735 2835 1002 2902 Comitis
1023 2835 1280 2904 Nicolai
1301 2835 1796 2919 nepotisWeech
1816 2857 1901 2903 ex
1920 2836 2129 2905 altera
2148 2857 2367 2905 coram
2388 2858 2502 2904 no·

242 2944 345 3011 bis
395 2944 785 3030 constitutis,
828 2942 1014 3025 jdem
1046 2942 1275 3010 Comes
1305 2943 1681 3011 Demetrius
1714 2942 2131 3010 medietatem
2165 2944 2500 3011 cuiusdam

244 3052 683 3134 possessionis
714 3051 972 3118 Sarkan
991 3057 1220 3117 uocate
1237 3049 1306 3116 in
1325 3049 1651 3118 Comitatu
1685 3050 2113 3135 Strigoniensi
2139 3051 2500 3137 existentis,

238 3158 324 3224 ab
359 3157 491 3226 alia
522 3157 868 3232 medietate
898 3158 1211 3242 eiusdem,
1247 3157 1552 3242 porcione
1582 3157 1831 3224 scilicet
1862 3156 2138 3224 filiorum
2192 3156 2494 3224 Bechend

242 3267 413 3331 Bani
446 3274 806 3351 exceptam,
842 3287 986 3332 cum
1020 3263 1283 3332 domina
1338 3285 1537 3332 uxore
1590 3285 1731 3354 sua,
1783 3264 1922 3331 filia
1975 3265 2283 3332 uidelicet
2336 3265 2493 3333 dicti

248 3371 561 3437 Bechend
593 3372 781 3458 Bani,
814 3373 982 3439 sicut
1012 3372 1197 3458 dixit,
1230 3371 1541 3438 traditam
1574 3391 1715 3439 cnm
1746 3373 1886 3440 suis
1905 3371 2294 3440 utilitatibus
2335 3369 2498 3456 :con-

243 3478 456 3545 sessus
485 3485 583 3545 est
615 3497 685 3544 sc
718 3477 1090 3546 uendidisse
1122 3499 1241 3564 pro
1274 3479 1545 3562 triginta
1575 3480 1859 3564 quinque
1879 3482 2114 3547 marcis
2137 3482 2493 3548 communis
2547 3525 2555 3534 -

242 3587 504 3670 argenti
541 3585 847 3671 predictis
879 3586 1075 3652 Petro
1106 3593 1173 3654 et
1201 3587 1415 3654 Zoard
1448 3593 1765 3672 perpetuo
1796 3586 2258 3672 possidendam
2292 3593 2354 3653 et
2392 3587 2500 3653 ha·

242 3693 542 3776 bendam‚
576 3701 640 3759 et
670 3696 878 3779 ipsam
939 3695 1264 3779 recepisse
1295 3694 1641 3781 pecuniam
1676 3694 1761 3761 ab
1793 3692 2059 3762 eisdem.
2091 3694 2188 3760 Eo
2220 3695 2501 3779 interpo-

240 3802 390 3889 sito,
443 3800 618 3885 quod
653 3800 1016 3885 quicunque
1076 3801 1318 3869 dictam
1355 3801 1763 3869 medietatem
1795 3821 1839 3866 a
1869 3777 2144 3886 prefatis
2194 3799 2385 3867 Petro
2438 3807 2502 3865 et

241 3910 475 3993 Zoard,
510 3915 574 3974 ct
601 3928 819 3976 eorum
851 3909 1247 3975 heredibus
1229 3930 1300 3974 m
1329 3917 1664 3995 posterum
1691 3915 2030 3994 repeteret,
2063 3908 2233 3974 idem
2269 3905 2502 3974 Comes

243 4016 614 4084 Demetrius
646 4023 712 4082 et
742 4017 879 4083 eius
911 4017 1182 4084 heredes
1217 4015 1525 4102 expedire
1557 4022 1935 4084 tenerentur
1957 4064 1964 4070 -
1987 4014 2270 4100 proprijs
2326 4014 2500 4080 labo·

243 4125 423 4192 ribus
455 4129 518 4190 et
549 4121 872 4207 expensis.
904 4123 1171 4192 Prefate
1200 4124 1420 4208 itaque
1453 4121 1824 4190 uendicioni
1874 4127 1938 4189 et
1991 4121 2312 4207 empcioni
2362 4121 2498 4204 qui-

244 4231 417 4317 dam,
451 4230 563 4313 qui
595 4248 666 4296 se
693 4227 913 4297 Bench
943 4228 1147 4297 filium
1178 4231 1498 4318 Rupbeyn
1519 4231 1600 4298 de
1619 4231 1834 4317 Lylug
1851 4250 1997 4298 esse
2017 4229 2200 4314 dixit,
2231 4230 2491 4295 nomine

246 4346 687 4406 commetaneo
720 4337 1166 4424 comparendo‚
1201 4358 1586 4406 consensum
1618 4339 1876 4425 prebuit
1905 4347 1971 4406 et
2000 4355 2357 4406 assensum.
2415 4337 2490 4404 In

200 4459 209 4466 “
248 4448 428 4513 cuins
477 4446 572 4511 rei
637 4445 1011 4512 memoriam
1063 4452 1400 4532 presentes
1451 4447 1539 4512 ad
1592 4448 1978 4532 peticionem
2029 4445 2184 4511 dicti
2235 4444 2501 4512 Comitis

242 4552 548 4641 Demetrij
586 4552 904 4638 predictis
935 4553 1130 4622 Petro
1163 4561 1227 4623 et
1258 4552 1471 4622 Zoard
1502 4552 1801 4622 dedimus
1855 4554 2106 4622 litteras
2166 4560 2386 4621 nostro
2439 4552 2497 4618 si
