3319 5249
1754 309 1885 374 212

680 508 1073 577 seruientum
1110 506 1427 572 dictorum
1462 503 1741 570 fratrum
1772 501 2037 569 Ordinis
2071 497 2713 584 Premonstratensis‚
2751 518 2939 582 quas-

680 617 835 683 dam
865 614 1282 682 reddiderunt
1328 632 1544 681 coram
1595 612 1796 697 ipsis,
1841 611 2009 679 alias
2059 629 2213 678 uero
2267 629 2372 677 res
2403 628 2622 676 eorum
2655 606 2938 687 ablatas,

687 725 843 809 quia
865 722 1092 790 famuli
1124 741 1341 789 eorum
1391 727 1726 808 presentes
1758 739 1888 785 non
1922 726 2126 803 erant,
2178 721 2542 784 restatuere
2571 731 2940 798 assumpse-

685 839 853 899 runt.
886 833 1045 898 Item
1081 831 1380 898 dixerunt
1412 828 1656 896 vidisse
1688 827 1890 912 ijdem
1912 826 2252 912 presbiteri
2288 846 2371 893 ex
2402 818 2938 908 seruientis(1gy)

684 938 1028 1008 eorundem
1089 939 1362 1005 fratrum
1424 935 2047 1004 Premonstratensis
2102 932 2366 1000 Ordinis
2418 953 2614 1000 unum
2646 930 2945 996 uulnera-

681 1053 819 1112 tum
881 1048 1188 1130 grauiter‚
1257 1044 1599 1111 habentem
1653 1043 1781 1108 tria
1813 1041 2092 1107 uulnera
2154 1040 2222 1107 in
2255 1041 2471 1124 capite
2536 1041 2600 1105 et
2650 1057 2846 1104 unum
2878 1036 2944 1102 in

682 1172 898 1220 manu.
962 1153 1208 1218 Datum
1268 1151 1433 1217 feria
1481 1146 1771 1218 secunda
1819 1148 2117 1236 proxima
2147 1154 2295 1234 post
2325 1149 2553 1232 Pasce,
2606 1165 2778 1213 anno
2812 1146 2938 1212 Do-

683 1259 842 1325 mini
873 1258 1315 1326 M⁰CC⁰LXX⁰
1346 1266 1601 1327 octauo.

687 1440 957 1505 (Eredetie
986 1435 1335 1506 bb'rhartyan.
1364 1453 1397 1491 a
1424 1439 1597 1506 fflggb'
1622 1436 1812 1505 pecset
1835 1437 2114 1499 elveszett‚
2141 1452 2174 1489 a
2194 1436 2359 1488 budai
2383 1438 2484 1488 kir.
2513 1436 2759 1488 kamarai
2786 1434 2943 1487 level-

1701 1522 1943 1593 tfirban.)

1755 2247 1906 2315 149.

692 2450 753 2515 A
805 2453 996 2535 yyb'ri
1043 2449 1488 2535 kdptalannak
1520 2449 1822 2533 jelente'se
1873 2444 1991 2513 IV.
2044 2446 2273 2514 Ldszld
2323 2448 2663 2532 kirdlyhoz
2696 2444 2953 2511 Szilva's

962 2566 1122 2623 nevit
1153 2556 1494 2623 birtoknak
1527 2554 2214 2643 cladomdnyozhatcisa
2244 2556 2439 2621 irdnt.
2489 2555 2685 2622 1278.

912 2754 1474 2822 Excellentissimo
1508 2751 1773 2819 domino
1806 2771 1922 2819 suo
1956 2750 2269 2818 Ladizlao
2301 2751 2427 2817 Dei
2459 2749 2683 2835 gracia
2701 2749 2953 2816 Illustri

694 2862 859 2947 Regi
920 2861 1257 2948 Hungarie
1327 2861 1695 2947 Capitulum
1746 2860 2112 2927 Jauriensis
2160 2859 2456 2929 Ecclesie
2504 2860 2841 2926 oraciones
2889 2857 2954 2922 in

697 2969 976 3036 Domino
1029 2968 1282 3037 debitas
1335 2990 1414 3035 ac
1467 2968 1756 3037 denotas.
1805 2970 2087 3037 Litteras
2134 2971 2365 3037 Uestre
2396 2967 2813 3036 Excellencie
2844 2963 2954 3032 de·

697 3075 841 3170 bito⁹
867 3096 1011 3142 cum
1045 3075 1290 3142 honore
1330 3076 1699 3160 recepimus
1729 3075 1797 3143 in
1831 3076 1949 3145 hec
1983 3077 2222 3143 uerba:

915 3182 1265 3249 Ladizlaus
1297 3183 1421 3248 Dei
1456 3185 1683 3268 gracia
1723 3185 1861 3250 Rex
1887 3185 2229 3268 Hungarie
2260 3183 2563 3251 fidelibus
2596 3185 2730 3251 suis
2764 3183 2955 3266 Capi-

702 3291 842 3356 tulo
874 3290 1201 3358 ,lauriensi
1253 3292 1530 3358 salutem
1582 3299 1646 3358 et
1695 3291 2006 3377 graciam.
2053 3293 2340 3360 Jacobus
2390 3300 2454 3360 et
2491 3290 2840 3358 Ladizlaus
2874 3291 2958 3356 de

701 3398 917 3482 Zerky
950 3404 1180 3482 petunt
1231 3420 1273 3465 a
1319 3399 1510 3465 nobis
1561 3398 1886 3483 quandam
1922 3406 2160 3466 terram
2193 3397 2406 3467 Castri
2434 3401 2641 3466 nostri
2672 3399 2957 3466 Musuni-

705 3506 885 3571 ensis
918 3506 1214 3591 Scylwas
1246 3513 1565 3590 uocatam,
1603 3507 1877 3575 dicendo
1909 3508 2185 3575 eandem
2221 3526 2367 3575 esse
2397 3527 2673 3574 uacuam
2697 3515 2760 3574 et
2778 3507 2957 3573 habi-

705 3615 1027 3682 tatoribus
1057 3614 1453 3682 destitutam.
1504 3615 1726 3698 Quare
1762 3615 2060 3683 fidelitati
2091 3623 2306 3684 uestre
2335 3613 2749 3702 precipiendo
2779 3636 2959 3680 mau-

701 3719 949 3806 damus,
1000 3727 1318 3805 quatenus
1371 3723 1649 3792 mittatis
1702 3745 1897 3792 unum
1933 3747 2014 3794 ex
2046 3726 2232 3792 uobis
2263 3744 2380 3809 pro
2412 3724 2799 3808 testimonio,
2848 3723 2960 3806 qui

701 3828 887 3913 sciat,
919 3835 1133 3896 utrum
1165 3829 1465 3917 predicta
1498 3837 1676 3898 terra
1704 3832 1789 3900 sit
1821 3851 2067 3919 uacua,
2138 3832 2307 3900 sicut
2339 3831 2562 3917 fertur,
2615 3837 2679 3898 et
2729 3829 2816 3898 ad
2847 3851 2961 3897 no-

701 3943 902 4002 stram
936 3940 1267 4022 pertinens
1300 3935 1729 4008 collacionem
1780 3942 1924 4007 sine
1974 3939 2338 4027 preiudicio
2394 3940 2558 4008 iuris
2609 3939 2847 4024 alieni;
2899 3950 2966 4006 et

701 4051 893 4129 prout
924 4046 1109 4112 uobis
1161 4066 1276 4132 per
1327 4047 1654 4114 hominem
1697 4056 1980 4117 uestrum
2013 4047 2391 4133 constiterit,
2439 4046 2629 4116 nobis
2679 4047 2963 4114 fideliter

703 4153 1097 4220 rescribatis.
1175 4155 1416 4221 Datum
1480 4156 1547 4222 in
1609 4162 1824 4225 castro
1873 4156 2162 4224 Budensi
2221 4158 2291 4223 in
2353 4156 2608 4224 octauis
2660 4156 2963 4223 Barnabe

700 4259 1014 4345 Apostoli.

916 4367 1052 4436 Nos
1115 4389 1270 4438 uero
1331 4371 1608 4458 receptis
1674 4371 1913 4439 litteris
1973 4373 2207 4441 Uestre
2238 4372 2668 4458 Excellencie‚
2725 4373 2963 4439 uestris

705 4474 1027 4560 preceptis
1058 4483 1123 4543 et
1152 4478 1483 4547 mandatis
1516 4477 1782 4545 obedire
1815 4479 2168 4567 cupientes,
2212 4486 2282 4546 ut
2312 4486 2623 4565 tenemur,
2670 4479 2964 4547 misimus

703 4602 899 4649 vnum
950 4603 1032 4651 ex
1080 4585 1267 4653 nobis
1319 4606 1437 4672 pro
1489 4588 1859 4655 testimonio
1912 4607 2105 4682 super
2157 4588 2392 4655 faciem
2446 4587 2736 4674 predicte
2792 4596 2963 4655 terre
