3319 5249
1469 362 1594 433 261

1466 914 1621 983 180.

408 1108 465 1176 Δ
488 1115 758 1198 posequi
788 1114 1233 1200 kdptalannak
1294 1115 1555 1182 Borsod
1600 1122 1765 1181 nevil
1795 1114 2006 1184 birtok
2036 1117 2330 1184 daddsdt
2358 1121 2670 1205 tdrqyazd

1137 1221 1687 1308 bizonysdqlevele.
1731 1223 1924 1289 1279.

618 1414 850 1483 Passio
893 1415 1263 1503 perennalis
1317 1415 1613 1484 Ladislai
1665 1415 1781 1484 filii
1832 1418 2082 1504 Pasea,
2133 1425 2199 1488 et
2250 1418 2508 1488 Nicolai
2545 1422 2664 1489 filii

402 1521 692 1589 Emehud
712 1574 732 1608 ,
780 1529 1020 1590 terram
1070 1543 1256 1589 suam
1304 1522 1561 1590 Borsod
1600 1522 1667 1589 in
1709 1523 2036 1592 Comitatu
2067 1524 2451 1595 Volkoiensi
2481 1526 2663 1596 habi·

399 1635 555 1715 tam,
596 1649 732 1697 una
762 1647 904 1695 eum
937 1628 1477 1696 donaeionalibus
1509 1628 1718 1697 Belae
1749 1630 1948 1715 Regis
1979 1631 2329 1717 superinde
2360 1635 2661 1719 obtentis,

400 1737 697 1805 Deciano
760 1742 824 1803 et
885 1733 1351 1822 christophoro
1386 1737 1540 1803 filiis
1570 1736 1868 1824 Joannis,
1914 1739 2324 1806 consobrinis
2374 1740 2662 1826 praefati

399 1846 649 1931 Pasea3
700 1845 767 1911 in
799 1853 864 1912 et
894 1866 1011 1932 pro
1042 1848 1131 1913 42
1152 1846 1387 1913 mareis
1405 1846 1848 1927 vendentium,
1885 1866 2102 1916 eoram
2135 1849 2439 1933 Capitulo
2474 1851 2657 1917 Beati

397 1953 573 2020 Petri
607 1952 690 2019 de
723 1955 977 2039 Pesega
1007 1956 1361 2023 celebrata.
1417 1959 1537 2023 127
1548 1958 1609 2020 9.
1663 1954 1796 2021 Sub
1836 1956 2227 2024 authentico.

320 2186 334 2200 ,
398 2131 469 2196 (Δ
506 2132 675 2184 budai
703 2132 805 2187 kir.
841 2133 1086 2186 kamarai
1128 2131 1365 2187 leveltbr
1404 2133 2022 2200 lajstromkonyvoibdh
2059 2152 2123 2188 az
2170 2133 2409 2204 okmhny
2455 2137 2660 2190 erodeti

1080 2220 1352 2291 peldknya
1377 2220 1664 2291 Zigrsbba
1690 2226 1971 2290 vittetett.)

1450 2789 1600 2857 181.

394 2987 459 3055 A
477 2992 748 3076 posequi
777 2988 1217 3077 kdptalannak
1266 2989 1565 3075 bizonyoa
1596 2988 1864 3077 Gyiirqy
1893 2991 2165 3057 rodinai
2197 2994 2357 3078 apdt
2389 2992 2452 3058 ἐι
2489 2991 2658 3079 Zay-

393 3096 512 3164 dm'
539 3094 810 3184 Gerqsly
840 3098 985 3164 kvzt
1017 3100 1244 3164 ἰόνιάηε
1294 3097 1698 3164 ὂίνιοῖωεονέι
1749 3102 2059 3185 tcirqyazd
2105 3099 2655 3186 bizonyactqlevele.

1433 3207 1627 3273 1279.

924 3401 981 3464 A
1504 3399 1559 3463 B
2081 3401 2131 3466 C

615 3557 986 3644 Capitulum
1054 3558 1348 3626 Ecclesie
1400 3558 1621 3626 Sancti
1681 3559 1857 3627 Petri
1919 3558 2001 3625 de
2048 3559 2309 3645 Posaga
2360 3560 2658 3629 omnibus

394 3665 638 3732 Christi
665 3664 965 3735 fidelibus
996 3671 1130 3731 tam
1163 3666 1571 3752 presentibus
1613 3667 1804 3751 q'uam
1840 3666 2075 3734 futuris
2105 3667 2510 3753 presencium
2542 3687 2654 3734 no·

392 3771 616 3838 tieiam
651 3770 977 3839 habituris
1006 3774 1285 3840 salutem
1317 3772 1383 3838 in
1416 3772 1554 3839 filio
1586 3773 1858 3857 virginis
1890 3773 2194 3858 gloriose.
2243 3773 2346 3841 Ad
2395 3775 2652 3842 Vniuer-

392 3899 612 3948 sorum
646 3879 955 3947 notioiam
989 3880 1218 3947 harum
1250 3880 1419 3948 serie
1448 3881 1750 3948 volumus
1786 3880 2142 3965 peruenire,
2178 3881 2350 3965 quod
2373 3877 2654 3966 Georgio

392 3986 651 4055 Abbate
702 3984 782 4053 de
830 3984 1112 4072 Rodyna
1161 3988 1246 4054 ab
1297 4008 1426 4055 vna
1475 3996 1661 4072 parte
1680 4040 1698 4074 ‚
1751 3988 2063 4072 Gregorio
2112 3987 2246 4056 filio
2294 3986 2523 4075 Zayda
2570 3989 2654 4055 ab

392 4096 607 4162 altera
637 4114 855 4162 eoram
886 4092 1077 4162 nobis
1111 4095 1516 4178 constitutis,
1561 4095 1697 4162 tale
1750 4096 1918 4162 inter
1966 4114 2039 4162 se
2090 4094 2536 4162 concambium
2570 4113 2652 4161 ex

392 4201 729 4269 voluntate
766 4201 992 4287 Chelk‚
1043 4203 1279 4269 Borieh
1334 4209 1399 4269 et
1430 4201 1710 4270 filiorum
1747 4202 1963 4271 Odula
1997 4209 2416 4287 cognatorum
2447 4202 2656 4289 ipsius

394 4309 693 4395 Gregorij
720 4361 740 4392 ,
790 4316 854 4376 et
895 4329 975 4377 ex
1015 4327 1334 4379 eonsensu
1364 4310 1687 4378 Johannis
1740 4316 1804 4376 et
1836 4310 2010 4377 Petri
2041 4309 2320 4376 filiorum
2352 4309 2655 4378 Ooholini

392 4435 476 4483 ae
502 4415 778 4483 Romani
806 4422 1223 4502 patronorum
1257 4417 1553 4484 Ecclesie
1586 4417 1670 4483 de
1700 4416 1977 4504 Rodyna
2005 4417 2283 4485 confessi
2315 4422 2468 4483 sunt
2487 4415 2654 4483 ordi·

389 4542 588 4592 nasse
606 4575 625 4610 ‚
669 4522 841 4609 quod
891 4523 1221 4612 predictus
1271 4524 1494 4594 Abbas
1525 4524 1854 4611 quandam
1875 4532 2116 4595 terram
2146 4523 2442 4593 Eeelesie
2471 4525 2641 4611 Lyp-

390 4631 571 4719 hyne
629 4636 931 4702 vocatam
1001 4631 1318 4718 Gregorio
1373 4630 1511 4700 filio
1559 4632 1854 4719 Zawyda
1931 4632 2000 4698 in
2072 4631 2653 4700 eommutaeionem
