3319 5249
1424 307 1550 374 171

341 513 490 599 larij
535 509 765 579 dilecti
817 515 882 575 et
932 506 1144 577 fidelis
1195 505 1417 593 nostri,
1462 524 1635 571 anuo
1686 501 1955 575 Domini
2006 501 2228 569 M⁰cc⁰
2270 513 2610 589 septuage-

343 622 517 690 simo
553 619 849 707 septimo,
894 618 1104 702 Regni
1137 621 1352 684 autem
1385 613 1591 681 nostri
1624 634 1796 680 anno
1831 612 2076 696 quinto.

346 801 631 867 (Eredetie
659 796 1003 865 bist-hartman,
1044 814 1077 847 a
1121 795 1417 865 pecsetnek
1464 790 1773 861 zold-sairga
1801 789 2248 859 selyemzsindron
2276 790 2446 857 fiiggss
2475 793 2611 840 toro-

821 885 1067 951 dek6vel‚
1091 901 1125 939 a
1161 887 1327 939 budai
1354 886 1457 937 kir.
1487 884 1737 935 kamarai
1763 877 2145 946 leveltarban.)

1272 1149 1495 1161 ν-ρ-ᾳ-ω-
1534 1149 1621 1153 v-ff

1415 1623 1448 1690 1
1462 1623 1565 1691 14.

344 1827 463 1894 IV.
500 1827 731 1894 Ldszld
784 1826 1141 1919 hirdlynak
1194 1823 1547 1891 Fuldombo
1596 1832 1753 1890 nevit
1768 1824 1982 1912 foldet
2014 1823 2324 1911 tdrqyazd
2354 1824 2607 1890 adoma'-

751 1957 885 2020 aya
918 1931 1235 2018 Szerafin,
1280 1936 1621 2016 Kantafia
1654 1937 1969 2000 szdmdra.
2020 1936 2148 2000 127
2153 1936 2212 2000 7.

565 2127 917 2196 Ladizlaus
985 2131 1108 2196 Dei
1160 2131 1388 2214 gracia
1445 2130 1820 2215 Hungarie,
1879 2128 2252 2214 Dalmacie,
2324 2128 2610 2211 Croacie,

346 2241 575 2319 Rame,
627 2237 891 2325 Seruie,
944 2237 1255 2322 Gallicie‚
1333 2237 1755 2324 Lodomerie,
1807 2236 2119 2307 Cumanie
2177 2236 2608 2320 Bulgaricque

349 2350 487 2414 Rex
524 2345 824 2413 omnibus
857 2352 991 2412 tam
1024 2346 1433 2431 presentibus
1465 2366 1662 2431 quam
1713 2344 1944 2413 futuris
1985 2352 2318 2430 presentes
2353 2346 2607 2411 litteras

344 2454 737 2542 inspecturis
773 2455 1049 2522 salutem
1084 2456 1154 2521 in
1181 2476 1280 2543 eo,
1330 2456 1439 2542 qui
1495 2456 1784 2539 Regibus
1837 2453 1952 2520 dat
1984 2455 2280 2521 salutem.
2329 2451 2606 2519 Circum·

344 2564 608 2649 speceio
642 2564 887 2645 Regum
921 2561 1192 2647 prouida
1235 2562 1582 2647 condignis
1632 2561 1932 2649 pecunijs
1986 2562 2109 2630 sibi
2162 2558 2605 2642 subsequenti-

346 2671 469 2738 bus
508 2671 606 2738 sic
639 2670 835 2738 debet
869 2690 1224 2755 occurrere,
1276 2679 1347 2737 ut
1384 2671 1496 2755 alij
1542 2655 1761 2738 eorum
1805 2669 2103 2756 exemplo
2153 2667 2488 2755 prouocati
2519 2666 2606 2732 ad

346 2777 685 2845 fidelitatis
719 2777 935 2844 studia
957 2777 1195 2845 sorcius
1229 2779 1684 2846 accendantur.
1732 2777 2015 2844 Proinde
2049 2776 2132 2844 ad
2163 2778 2604 2844 vniuersorum

345 2886 655 2954 noticiam
707 2893 929 2954 tenore
982 2888 1388 2970 presencium
1440 2886 1739 2954 uolumus
1783 2886 2164 2972 peruenire:
2215 2886 2388 2969 quod
2419 2885 2604 2951 Sera·

345 2995 583 3080 phinus
614 2993 789 3060 filius
823 2995 1043 3060 Kunta
1075 2993 1350 3062 dilectus
1401 3003 1466 3063 et
1519 2996 1729 3063 fidelis
1770 2995 2060 3063 seruiens
2110 3001 2330 3061 noster
2379 2994 2466 3060 ad
2496 3015 2604 3060 no-

346 3109 549 3169 stram
603 3102 923 3168 accedens
985 3104 1429 3187 presenciam,
1499 3105 1687 3171 nobis
1725 3103 2090 3172 humillime
2140 3102 2514 3188 supplicans
2565 3122 2607 3166 a

346 3210 537 3277 nobis
569 3209 1040 3278 instantissime
1070 3211 1449 3296 postulauit,
1500 3220 1569 3279 vt
1600 3213 1927 3296 quandam
1981 3219 2218 3279 terram
2252 3209 2464 3277 Castri
2493 3231 2602 3277 no-

344 3318 464 3384 stri
496 3318 1070 3402 Zulgageuriensis
1101 3319 1458 3387 Fuldombo
1490 3328 1790 3388 uocatam
1831 3321 1913 3387 de
1946 3318 2353 3403 benignitate
2400 3318 2608 3403 Regia

343 3429 470 3494 sibi
505 3427 794 3493 conferre
847 3425 1281 3511 dignaremur.
1333 3429 1565 3497 Verum
1630 3429 1789 3512 quia
1852 3430 2042 3496 nobis
2091 3449 2220 3495 non
2271 3427 2606 3493 constabat

345 3535 593 3600 ueritas
633 3531 715 3600 (le
748 3532 993 3618 eadem,
1042 3533 1346 3600 fidelibus
1381 3535 1621 3602 nostris
1678 3535 1977 3622 Capitulo
2015 3534 2395 3602 Posoniensi
2428 3532 2605 3600 dedi·

342 3661 489 3707 mus
523 3642 593 3705 in
627 3639 973 3726 mandatis,
1019 3647 1092 3707 ut
1122 3640 1443 3708 mitterent
1502 3663 1699 3709 unum
1755 3664 1838 3710 ex
1886 3643 2047 3728 ipsis
2085 3661 2204 3728 pro
2236 3640 2604 3708 testimonio

347 3746 770 3830 fidedignum‚
832 3767 1050 3815 coram
1085 3769 1210 3832 quo
1245 3747 1476 3818 Comes
1503 3750 1829 3819 Facianus
1859 3751 2030 3817 filius
2059 3749 2238 3815 Bark
2271 3747 2458 3816 homo
2489 3767 2601 3814 no-

344 3862 478 3920 ster
509 3856 857 3923 accederet
905 3855 990 3921 ad
1043 3862 1281 3923 terram
1335 3865 1755 3926 memoratam
1777 3910 1795 3944 ,
1849 3864 1912 3923 et
1964 3855 2237 3923 eandem
2290 3861 2605 3922 statueret

346 3959 556 4027 eidem
594 3961 958 4046 Seraphino
992 3962 1234 4031 dilecto
1262 3973 1333 4032 et
1364 3965 1539 4033 fideli
1574 3966 1885 4033 seruienti
1933 3971 2191 4050 nostro,
2241 3965 2299 4030 si
2333 3983 2460 4030 non
2491 3965 2603 4030 fie-

345 4077 446 4134 ret
477 4070 981 4159 contradictum,
1033 4072 1578 4159 contradictores,
1629 4074 1687 4139 si
1728 4073 1840 4156 qui
1871 4072 2139 4158 fierent,
2188 4070 2276 4137 ad
2309 4078 2600 4138 nostram

344 4178 758 4262 presenciam
793 4185 1115 4247 euocarct.
1153 4178 1279 4257 Qui
1310 4179 1570 4263 quidem
1603 4178 2013 4266 postmodum
2042 4178 2230 4248 nobis
2260 4180 2605 4265 rescripse-

343 4292 516 4369 runt,
565 4293 637 4350 vt
690 4284 860 4352 idem
916 4286 1108 4353 homo
1160 4294 1376 4356 noster
1423 4287 1832 4374 presentibus
1883 4287 2181 4355 omnibus
2231 4286 2601 4356 conuocatis

344 4393 805 4459 commetaneis
855 4401 917 4459 et
970 4393 1206 4460 vicinis
1257 4393 1733 4463 reambulasset
1769 4402 2006 4462 terram
2046 4395 2509 4481 supradictam,
2539 4402 2605 4462 et

345 4499 690 4566 statuisset
720 4499 935 4566 eidem
971 4500 1331 4589 Seraphino
1352 4505 1474 4570 sub
1497 4504 1740 4572 eisdem
1772 4503 1964 4570 certis
1997 4504 2184 4570 metis
2218 4503 2505 4588 antiquis
2538 4511 2602 4569 et

348 4604 636 4692 erminis,
688 4607 855 4674 sicut
885 4617 1040 4676 ante
1071 4609 1433 4696 predictum
1488 4609 1787 4679 Castrum
1821 4618 2110 4679 nostrum
2155 4610 2438 4678 eandem
2472 4615 2594 4679 ter·
