3319 5249
1387 350 1511 441 187

1367 911 1512 980 128.

315 1110 372 1177 A
404 1113 775 1178 kereeztesek
807 1115 1178 1199 eszterqami
1206 1113 1652 1200 konvenije‘nek
1684 1113 2092 1201 bizonysa'qa,
2137 1116 2301 1201 hoqy
2335 1140 2376 1179 a
2401 1114 2577 1205 Chol,-

317 1222 473 1286 nuki
501 1222 701 1308 nepek
734 1221 914 1285 Pe'ter
944 1243 1138 1287 comes
1169 1221 1517 1308 meybletdse
1548 1219 1915 1307 tciryya'ban
1957 1225 2295 1289 va'lasztott
2327 1222 2579 1310 birdsa'y

560 1406 571 1417 ·
638 1329 803 1394 ciltal
833 1332 923 1395 58
950 1330 1222 1415 qira'nyi
1252 1326 1598 1414 birsdqban
1630 1328 2008 1395 elitateteek.
2063 1334 2255 1397 1277.

529 1527 665 1594 Nos
698 1527 1066 1594 Hermanus
1099 1527 1411 1610 Magister
1444 1533 1508 1594 et
1541 1526 1909 1594 Oonuentus
1952 1528 2199 1595 Domus
2217 1527 2577 1613 Hospitalis

316 1635 537 1702 Sancti
569 1636 888 1722 Stephani
919 1635 1120 1721 Regis
1152 1634 1235 1703 de
1269 1634 1601 1720 Strigonio
1633 1638 1866 1705 damus
1901 1656 2020 1723 pro
2041 1638 2372 1723 memoria,
2405 1636 2577 1720 quod

320 1764 457 1809 eum
491 1744 810 1827 Magister
841 1744 1085 1812 Paulus
1116 1744 1266 1810 aule
1300 1745 1545 1830 Regine
1578 1746 1888 1813 Notarius
1924 1744 2008 1811 de
2037 1746 2230 1833 Deer,
2264 1752 2327 1811 et
2347 1746 2577 1812 Comes

317 1852 635 1920 Martinus
667 1850 985 1919 Offieialis
1035 1851 1301 1919 Comitis
1350 1853 1672 1920 Dominiei
1726 1854 2083 1921 Castellani
2135 1855 2216 1920 de
2248 1852 2576 1937 Visagrad

320 1979 434 2045 pro
470 1957 699 2026 eodem
733 1958 995 2027 domino
1027 1978 1144 2026 suo
1173 1979 1371 2045 super
1418 1958 1878 2026 interfeeeione
1929 1961 2196 2027 Comitis
2236 1963 2413 2028 Petri
2449 1961 2576 2027 fra-

322 2060 433 2135 tris
465 2067 761 2153 Magistri
791 2066 1003 2155 Pauli,
1045 2073 1107 2133 et
1138 2068 1396 2154 paruuli
1450 2069 1714 2152 cognati
1768 2066 2053 2136 eiusdem
2107 2090 2185 2136 ae
2236 2070 2576 2138 ablaeione

322 2196 533 2243 rerum
569 2195 833 2242 suarum
886 2164 1116 2242 eontra
1166 2175 1505 2243 vniuersos
1555 2178 1831 2263 populos
1885 2197 2172 2243 sororum
2225 2179 2305 2244 de
2345 2179 2574 2245 Insula

319 2284 518 2350 Beate
554 2284 844 2369 Virginis
909 2282 991 2349 de
1052 2284 1220 2350 uilla
1277 2284 1578 2351 Cholnuk
1627 2286 1987 2352 mouissent
2036 2287 2454 2370 questionem,
2512 2292 2578 2352 et

320 2392 465 2478 ipsa
496 2412 697 2459 eausa
730 2393 1135 2476 aliquamdiu
1172 2393 1401 2461 suisset
1432 2393 1789 2478 uentilata3
1833 2394 2096 2462 tandem
2135 2401 2279 2478 post
2309 2393 2576 2480 produc·

320 2501 575 2567 cionem
605 2500 866 2567 testium
915 2497 1350 2566 mediantibus
1399 2498 1556 2568 uiris
1603 2500 1916 2588 ydoneis,
1969 2501 2214 2568 Comite
2267 2499 2577 2567 videlieet

320 2607 648 2694 Archyno‚
696 2607 961 2694 Elkyno
995 2606 1232 2695 uillico,
1268 2613 1330 2674 et
1364 2605 1677 2695 Gerardo,
1714 2608 1967 2676 ciuibus
2006 2606 2577 2696 strigoniensibus,

226 2795 233 2802 ,
319 2717 470 2783 item
520 2715 843 2784 Miehaele
904 2717 1156 2783 Comite
1216 2718 1487 2784 Camere
1539 2718 1770 2804 Regis,
1820 2717 2188 2802 Augustino
2240 2717 2574 2802 Preposito

321 2822 795 2911 Chenadiensi,
871 2830 934 2891 et
995 2824 1245 2891 Comite
1308 2825 1494 2890 Mark
1551 2823 1631 2891 de
1673 2845 1908 2908 genere
1939 2825 2118 2912 Rysd
2151 2824 2430 2892 arbi-tros
2462 2845 2579 2910 per

320 2939 538 3018 partes
573 2929 904 3016 adductos,
937 2931 1024 2998 ad
1054 2932 1251 2998 talem
1286 2932 1466 3016 paeis
1501 2939 1567 2998 et
1599 2933 1943 3000 concordie
1977 2941 2408 3019 peruenerunt
2439 2934 2575 3000 uni·

322 3061 506 3107 onem
546 3060 766 3106 eoram
796 3041 1004 3124 nobis,
1046 3039 1217 3123 quod
1236 3036 1432 3124 ijdem
1464 3039 1693 3127 populi
1719 3040 1800 3107 ‹le
1821 3040 1983 3106 uilla
2003 3040 2303 3108 Cholnuk
2324 3040 2578 3108 uniuer-

321 3148 550 3216 saliter
583 3148 788 3215 eidem
822 3148 1138 3233 Magistro
1170 3149 1372 3216 Paulo
1422 3158 1486 3217 et
1517 3148 1827 3216 fratribus
1857 3151 2015 3235 suis,
2065 3151 2355 3217 Peturka
2404 3151 2577 3218 seili-

321 3266 419 3326 cet
452 3264 520 3323 et
552 3257 759 3322 Paulo
791 3258 1114 3324 soluerent
1144 3257 1494 3343 sexaginta
1527 3275 1781 3325 mareas
1812 3258 2025 3325 minus
2058 3259 2307 3325 duabus
2344 3259 2580 3326 mareis

322 3369 385 3432 in
420 3364 722 3433 terminis
771 3365 1117 3452 assumptis
1164 3386 1384 3433 eoram
1437 3368 1667 3450 nobis;
1733 3367 1970 3451 viginti
2018 3388 2271 3434 marcas
2325 3368 2579 3435 scilieet

319 3474 643 3542 soluerent
696 3472 762 3537 in
788 3470 1113 3539 dominica
1144 3473 1185 3540 J
1191 3469 1378 3542 udiea
1408 3475 1645 3561 partim
1680 3477 1748 3541 in
1784 3475 2073 3561 denarijs
2108 3476 2323 3542 dando
2354 3476 2571 3542 decem

319 3602 564 3668 pensas
596 3580 998 3649 Viennenses
1047 3603 1167 3669 pro
1219 3585 1514 3666 qualibet
1562 3605 1824 3671 marea,
1874 3591 1986 3651 aut
2018 3584 2307 3668 quinque
2337 3602 2579 3667 pensas

325 3690 738 3757 denariorum
771 3687 1137 3775 Banalium,
1182 3691 1420 3777 partim
1453 3707 1605 3759 uero
1646 3694 1712 3757 in
1764 3691 2184 3759 estimaeione
2217 3691 2578 3773 eondigna;

320 3799 475 3865 item
507 3796 746 3882 viginti
802 3816 1058 3863 mareas
1117 3800 1449 3865 soluerent
1495 3799 1562 3864 in
1616 3798 1868 3865 oetauis
1918 3800 2339 3865 Pentecostes
2391 3796 2580 3862 modo

324 3905 743 3994 supradiet03
793 3905 1089 3970 residuas
1120 3923 1274 3971 uero
1308 3904 1532 3973 decem
1583 3912 1647 3970 et
1688 3912 1830 3973 oeto
1865 3925 2118 3972 mareas
2153 3905 2486 3973 soluerent
2514 3904 2581 3968 in

319 4016 578 4083 oetauis
638 4013 860 4081 Saneti
924 4009 1265 4097 Laureneij
1328 4013 1611 4081 martiris
1684 4013 1878 4082 modo
1941 4012 2241 4099 superius
2313 4020 2580 4080 annota-

323 4134 405 4211 to,
452 4125 550 4191 ita
582 4131 798 4190 tamen
848 4119 1020 4206 quod
1071 4121 1481 4188 medietatem
1535 4122 1890 4189 solucionis
1946 4122 2363 4190 denariorum
2395 4121 2582 4188 debe-

318 4239 459 4299 rent
493 4232 710 4298 faeere
766 4229 833 4298 in
864 4226 1154 4314 denarijs
1205 4229 1562 4297 Banalibus
1581 4281 1599 4316 ‚
1647 4230 2067 4295 medietatem
2100 4250 2255 4296 uero
2287 4230 2354 4295 in
2385 4229 2580 4296 Vien-

318 4340 653 4424 nensibus,
703 4337 869 4405 sieut
899 4337 1192 4423 superius
1228 4344 1326 4403 est
1358 4347 1758 4423 expressum.
1807 4336 1954 4404 Tali
1979 4356 2149 4423 pena
2179 4335 2582 4422 interposita,

318 4450 492 4536 quod
523 4448 581 4515 si
617 4447 896 4534 primum
930 4447 1271 4513 terminum
1323 4445 1703 4514 obmiserint
1752 4447 1818 4512 in
1853 4445 2187 4530 soluend0‚
2251 4442 2582 4512 incurrent

320 4557 501 4645 dupli
535 4576 813 4644 penam3
851 4555 909 4621 si
941 4573 1094 4622 uero
1127 4553 1503 4639 seeundum,
1539 4553 1839 4622 amittent
1868 4551 2213 4640 pecuniam
2246 4553 2424 4636 prius
2445 4572 2581 4639 per·

323 4668 600 4736 solutam
627 4687 643 4749 ;
695 4669 758 4728 et
788 4661 846 4728 si
878 4662 1143 4730 terciam
1175 4662 1564 4730 solucionem
1615 4662 1837 4731 faeere
1870 4683 2002 4729 non
2034 4661 2426 4745 canuerint,
2473 4682 2584 4746 pe-
