3319 5249
1438 341 1517 404 31

331 535 432 601 ad
465 531 830 618 meridiem,
881 533 1148 600 deuenit
1196 532 1283 600 ad
1320 542 1600 601 terream
1648 540 1927 619 metam3
1973 534 2215 602 abhinc
2261 535 2470 603 eciam
2508 535 2613 602 de·

332 640 598 710 scendit
650 643 740 708 ad
787 647 1065 709 terream
1115 646 1394 728 metam;
1443 650 1676 728 postea
1725 641 2061 710 deseendit
2110 644 2196 711 ad
2228 643 2511 720 Mochar,
2543 644 2614 711 in

336 748 560 817 medio
594 750 779 818 cuius
824 758 927 817 est
959 749 1148 837 lapis,
1199 750 1312 834 qui
1344 758 1442 819 est
1483 771 1603 834 pro
1635 758 1850 839 meta,
1899 753 2051 820 inde
2080 751 2293 820 tendit
2324 751 2412 819 ad
2439 752 2615 821 viam

332 858 672 945 publicam
706 856 1044 944 prouincie
1066 908 1089 941 ‚
1135 879 1332 943 quam
1384 862 1832 943 pertransiens
1884 860 2123 927 ibidem
2163 858 2343 927 uenit
2372 857 2459 924 ad
2487 865 2614 926 ter-

339 987 526 1033 ream
560 976 826 1053 metam,
862 986 988 1050 que
1020 972 1118 1033 est
1150 966 1336 1033 iuxta
1366 987 1605 1034 uenam
1638 969 1853 1052 Vaag,
1887 976 1950 1035 et
1981 987 2101 1054 per
2131 967 2343 1053 ipsam
2373 986 2608 1034 venam

330 1073 644 1141 ascendit
677 1073 749 1140 in
778 1072 1045 1139 fluuium
1075 1073 1284 1159 Vaag,
1332 1081 1398 1142 et
1426 1094 1543 1159 per
1573 1074 1788 1159 ipsum
1821 1073 2007 1158 Vaag
2040 1073 2378 1142 descendit
2409 1092 2614 1156 usque

339 1183 433 1252 ad
462 1180 751 1267 priorem
783 1189 1025 1249 metam
1044 1234 1064 1268 ,
1125 1187 1189 1249 et
1216 1182 1307 1248 ibi
1341 1181 1742 1249 terminatur.
1806 1183 1945 1249 Nos
1979 1183 2221 1268 itaque,
2257 1182 2367 1264 qui
2419 1180 2609 1248 debe-

345 1313 488 1359 mus
521 1291 866 1374 Regaliter
896 1290 1108 1357 metiri
1164 1290 1400 1358 merita
1432 1289 1874 1375 singulorum,
1928 1296 1993 1356 et
2032 1289 2380 1373 unicuique
2427 1289 2614 1356 iuxta

343 1420 608 1466 suorum
641 1398 1047 1483 exigenciam
1077 1399 1480 1484 meritorum,
1512 1397 1849 1481 regalibus
1880 1416 2219 1464 occurrere
2251 1396 2612 1482 donatiuis;

336 1506 780 1573 consideratis
837 1505 1263 1575 fidelitatibus
1333 1512 1400 1572 et
1461 1505 1809 1591 meritorijs
1871 1506 2166 1590 seruicijs
2231 1507 2466 1591 Tyuan
2532 1524 2611 1571 ac

344 1614 699 1699 Thevdorij
734 1612 1214 1703 predictorum,
1264 1635 1390 1697 que
1438 1614 1627 1681 nobis
1678 1615 1746 1680 in
1778 1613 2221 1697 legacionibus
2271 1612 2513 1680 nostris
2544 1612 2612 1678 in

342 1723 699 1790 Ruteniam
750 1722 972 1808 sepius
1002 1723 1410 1805 transmissi,
1460 1720 1537 1787 et'
1573 1722 1987 1807 postmodnm
2025 1720 2092 1787 in
2124 1727 2341 1789 castro
2390 1728 2612 1788 nostro

338 1831 433 1896 de
466 1831 683 1917 Lypto
715 1829 1074 1898 residentes
1108 1830 1563 1916 inpenderunt,
1596 1838 1663 1898 et
1694 1829 2046 1916 inpendere
2080 1835 2381 1914 poterunt
2412 1829 2482 1894 in
2514 1827 2613 1896 fu·

340 1944 564 2003 turum
586 1991 604 2023 ‚
653 1938 870 2023 ipsam
920 1938 1306 2022 particulam
1362 1947 1534 2006 terre
1583 1958 1730 2005 cum
1785 1937 2088 2006 omnibus
2126 1936 2517 2004 vtilitatibus
2549 1942 2616 2004 et

342 2043 768 2131 pertinencijs
800 2044 1125 2112 vniuersis
1153 2045 1405 2131 Tywan
1446 2066 1524 2112 ac
1553 2045 1928 2113 Theodorio
1962 2043 2370 2131 supradictis,
2399 2050 2464 2111 et
2494 2065 2612 2130 per

340 2172 458 2219 eos
505 2153 798 2237 ipsorum
849 2152 1232 2239 heredibus,
1289 2154 1730 2236 heredumque
1785 2172 2045 2220 suorum
2107 2153 2610 2239 successoribus,

346 2260 684 2344 dedimus,
736 2260 1117 2328 donauimus
1171 2270 1238 2327 et
1288 2262 1721 2348 contulimus,
1787 2263 1928 2328 iure
1979 2269 2289 2346 perpetuo
2338 2259 2613 2346 pacifice

342 2367 849 2454 possidendam,
896 2369 1250 2435 tenendam
1303 2374 1368 2437 et
1407 2370 1801 2436 habendam.
1851 2370 1938 2436 vt
1969 2368 2165 2453 igitur
2197 2368 2387 2434 huius
2418 2368 2610 2435 colla-

344 2480 558 2546 cionis
611 2487 831 2545 nostre
878 2478 1081 2544 series
1133 2480 1326 2545 robur
1373 2479 1669 2546 obtineat
1715 2485 2027 2565 perpetue
2075 2475 2404 2543 firmitatis
2425 2524 2442 2557 ,
2490 2495 2615 2541 nec

343 2585 557 2672 possit
590 2585 729 2653 ullo
777 2605 1083 2671 umquam
1132 2594 1423 2673 tempore
1470 2608 1590 2674 per
1621 2586 1993 2673 quempiam
2044 2583 2428 2664 retractari,
2475 2601 2614 2668 pre-

344 2703 569 2762 sentes
623 2694 1064 2762 concessimus
1113 2695 1370 2762 litteras
1423 2693 1706 2779 duplicis
1755 2693 1963 2779 sigilli
2003 2692 2212 2760 nostri
2252 2690 2612 2757 munimine

345 2801 742 2869 roborando.
791 2801 1035 2868 Datum
1084 2821 1199 2887 per
1230 2821 1461 2869 manus
1493 2802 1890 2870 venerabilis
1922 2801 2050 2870 viri
2080 2801 2377 2885 Magistri
2407 2800 2610 2867 Bene·

344 2909 505 2976 dicti
538 2909 787 2977 Sancte
817 2909 1285 2996 Strigoniensis
1318 2910 1615 2977 Ecclesie
1646 2909 1876 2996 Electi,
1923 2906 2252 2995 Prepositi
2290 2905 2613 2975 Budensis

344 3017 499 3086 aule
551 3023 775 3084 nostro
805 3017 960 3084 Vice
992 3017 1408 3105 Cancellarij,
1460 3016 1680 3084 dilecti
1727 3015 1939 3084 fidelis
1987 3014 2207 3084 nostri.
2255 3017 2444 3082 Anno
2481 3012 2611 3079 Do·

346 3125 509 3192 mini
539 3124 977 3213 ΜΪΟΟἾΛΧΧο
1006 3124 1228 3192 tercio.
1274 3125 1488 3210 Regni
1519 3132 1741 3193 autem
1773 3124 1979 3191 nostri
2012 3143 2183 3190 anno
2214 3121 2518 3190 secundo.

344 3302 476 3369 (111.
516 3304 698 3356 Eadm
740 3300 922 3369 kirfly
962 3304 1185 3355 1298·ki
1222 3303 1547 3370 megersssstzs
1586 3300 1974 3369 okmzinyfibdl.
2013 3302 2170 3355 Κὸιιῑ
2209 3285 2360 3366 nrdy
2397 3297 2613 3365 sanos.)
