3319 5249
1901 340 2029 411 290

836 560 975 609 ram
1024 538 1231 627 nobis,
1284 540 1502 609 taliter
1552 541 2027 625 distinguntur:
2079 543 2299 609 Prima
2346 548 2514 610 meta
2543 540 2774 627 incipit
2804 540 2890 606 ab
2921 534 3091 606 occi·

838 650 1032 717 dente
1064 652 1236 734 apud
1270 659 1475 719 metas
1506 651 1817 745 Ytemerij
1854 657 1917 717 et
1946 651 2220 718 filiorum
2253 652 2477 736 Boyon
2509 651 2592 717 de
2622 650 2852 717 cadem
2872 649 3082 736 Buya,

840 761 950 828 ubi
999 768 1148 828 sunt
1181 761 1306 827 due
1338 767 1505 828 mete
1556 768 1798 844 terree3
1851 766 1915 826 ct
1963 761 2116 827 inde
2154 760 2483 846 egreditur
2514 778 2739 828 uersus
2771 759 3091 826 orientem

834 868 1158 935 transiens
1190 890 1415 936 nemus
1447 868 1785 955 fructuum,
1823 869 1934 934 ubi
1964 869 2202 954 prefati
2231 869 2532 953 Michael,
2564 869 2721 936 Jaco
2755 874 2821 934 et
2851 865 3091 932 Nemel

834 998 988 1044 suas
1044 978 1403 1045 habuerunt
1455 979 1804 1058 sessiones,
1857 977 1968 1044 ubi
2021 979 2223 1046 eciam
2274 978 2394 1045 sub
2438 976 2718 1062 quadam
2754 976 2895 1061 piro
2929 982 3090 1040 sunt

836 1085 959 1151 due
1008 1092 1174 1152 mete
1227 1095 1471 1172 terree;
1522 1083 1756 1153 deinde
1808 1087 2040 1152 transit
2092 1086 2441 1170 pertransit
2494 1084 2660 1171 (igy)
2695 1104 2807 1170 per
2839 1091 3086 1150 terram

836 1193 1148 1260 arabilem
1203 1202 1266 1259 et
1316 1195 1610 1263 ascendit
1640 1195 1707 1260 in
1740 1195 2155 1261 monticulum
2187 1196 2296 1276 qui
2329 1199 2598 1259 uocatur
2632 1193 2985 1278 cuzepmal,
3025 1200 3093 1258 et

832 1301 922 1369 ibi
954 1312 1103 1369 sunt
1134 1303 1258 1369 due
1290 1305 1584 1371 similiter
1616 1311 1785 1369 mete
1819 1310 2065 1387 terree;
2097 1302 2333 1369 deinde
2365 1309 2578 1369 autem
2609 1303 2676 1369 in
2709 1301 2855 1368 sinu
2874 1301 3090 1387 ipsius

834 1412 1071 1478 montis
1124 1411 1491 1479 extenditur
1538 1409 1622 1478 ad
1674 1431 1868 1477 unam
1919 1411 2179 1497 uallem,
2237 1418 2300 1476 et
2350 1409 2644 1477 ascendit
2693 1410 2760 1475 in
2791 1416 3087 1475 montem

837 1520 1091 1587 Keurus
1144 1527 1441 1587 uocatum
1496 1540 1720 1586 uersus
1772 1518 2106 1603 orientem,
2160 1519 2268 1584 ubi
2319 1525 2470 1584 sunt
2519 1516 2644 1583 due
2677 1523 2843 1584 mete
2873 1525 3090 1586 terree

832 1630 1132 1712 antique;
1184 1648 1377 1712 super
1426 1630 1569 1712 ipso
1621 1637 1835 1693 monte
1870 1647 1984 1711 per
2015 1633 2263 1693 ueteres
2297 1636 2503 1693 metas
2533 1625 2713 1693 uadit
2745 1626 2831 1691 ad
2863 1631 3082 1693 metas

836 1744 1005 1802 terre
1054 1737 1270 1802 Batun
1321 1744 1551 1802 uocate
1574 1788 1591 1821 ,
1644 1742 1710 1801 et
1756 1735 1847 1801 ibi
1899 1733 2298 1801 terminatur.
2353 1735 2816 1802 Assumserunt
2863 1735 3080 1802 eciam

838 1850 1077 1927 parteS,
1116 1842 1286 1927 quod
1326 1844 1693 1927 quicunque
1723 1842 2008 1928 ipsorum
2040 1863 2081 1907 a
2110 1841 2367 1927 prcfata
2396 1842 2871 1927 composicione
2919 1845 3085 1909 resi-

831 1950 980 2016 liret
1010 1951 1115 2018 uel
1150 1950 1537 2017 diuisionem
1572 1950 1964 2015 antedictam
1999 1969 2127 2017 non
2156 1958 2462 2035 seruaret,
2483 1958 2631 2018 ante
2665 1951 2801 2018 litis
2833 1951 3083 2035 ingres-

833 2077 977 2125 sum
1007 2060 1180 2144 parti
1214 2059 1488 2125 aduerse
1517 2060 1773 2126 soluere
1802 2064 2133 2126 teneretur
2162 2058 2386 2126 decem
2416 2078 2692 2127 marcas.
2723 2060 2965 2124 Datum
3006 2059 3080 2127 in

833 2166 1181 2250 quindenis
1230 2167 1416 2234 Beati
1469 2167 1731 2254 Georgij
1776 2166 2027 2234 matiris
2056 2187 2226 2234 anno
2259 2168 2524 2235 Domini
2553 2169 2654 2233 M⁰
2686 2167 2821 2234 (30⁰
2853 2175 3077 2234 octua-

833 2278 1100 2360 gesimo.

1042 2384 1264 2452 Kivizl.
1312 2386 1524 2469 Super
1575 2384 1895 2451 diuisione
1944 2392 2111 2452 terre
2160 2386 2345 2470 Boya
2391 2390 2618 2453 uocate
2650 2404 2769 2470 pro
2816 2383 3074 2453 Comite

838 2493 1012 2561 Pous
1042 2491 1156 2579 filij
1193 2496 1404 2561 Merse
1436 2500 1498 2561 et
1527 2494 1843 2561 Michaele
1872 2492 2008 2558 filio
2037 2493 2321 2561 Andree.

833 2690 1106 2756 (Er-edetis
1154 2690 1502 2759 borhhtyfin,
1543 2694 1797 2758 melynek
1839 2689 2033 2745 hathra
2071 2690 2290 2759 jobbrol
2324 2700 2570 2760 nyomott
2616 2692 2838 2762 possete
2861 2695 2915 2745 le
2939 2691 3077 2745 mm-

1364 2786 1493 2846 lott,
1523 2799 1557 2835 a
1581 2800 1752 2836 nemz.
1780 2801 2026 2837 mazeum
2051 2783 2530 2853 kezitattaraban.)

1758 3089 2161 3101 ——-

1886 3558 2039 3626 208.

842 3760 1147 3846 Tdrnuky
1199 3761 1513 3846 hdyseqre
1559 3760 1913 3826 vonatkozd
1964 3760 2423 3843 torvdnykezesi
2450 3758 2785 3844 kiadvdny
2815 3783 2859 3824 a
2887 3761 3076 3844 ‘nmil-

928 3872 1150 3957 sziqeti
1181 3869 1637 3955 apciczazdrda
1669 3870 1731 3933 6³
1763 3868 2026 3933 Sdndor
2057 3869 2431 3935 Mikldsnak
2447 3869 2553 3950 fia
2584 3869 2740 3934 kbzt.
2775 3869 2971 3936 1280.

1043 4086 1288 4152 Damus
1320 4106 1433 4170 pro
1472 4086 1798 4167 memoria,
1829 4083 1998 4166 quod
2029 4086 2097 4152 in
2127 4084 2467 4168 quindenis
2498 4085 2857 4152 residencie
2886 4105 3071 4153 exer-

829 4194 995 4261 citus
1025 4213 1139 4260 seu
1171 4193 1709 4276 congregacionis
1761 4192 2005 4259 domini
2055 4195 2250 4277 Regis
2284 4213 2535 4261 sorores
2568 4195 2765 4259 Beate
2787 4194 3072 4277 Virginis

826 4304 910 4370 de
940 4302 1178 4387 Insula,
1202 4321 1316 4386 pro
1348 4301 1578 4384 quibus
1600 4302 1828 4368 Comes
1858 4301 2349 4369 Bartholomeus
2383 4301 2683 4369 officialis
2713 4302 3071 4368 earundem

827 4413 1037 4478 astitit
1068 4413 1135 4475 in
1167 4412 1374 4493 figura
1402 4411 1443 4476 J
1450 4385 1623 4495 adici
1627 4413 1666 4494 j,
1699 4418 1763 4474 et
1781 4410 2132 4495 assumpsit
2163 4418 2385 4477 contra
2400 4409 2843 4478 Alexandrum
2865 4409 3072 4479 filium

825 4521 1126 4603 Nicolay,
1174 4519 1284 4602 qui
1332 4520 1763 4604 personaliter
1810 4519 2173 4602 comparuit
2205 4520 2271 4584 in
2305 4519 2644 4603 presencia
2674 4517 2922 4584 domini
2952 4520 3074 4586 Re-

828 4631 947 4712 gis,
979 4635 1044 4694 et
1076 4648 1200 4692 non
1235 4626 1299 4691 in
1332 4629 1536 4693 nostri
1569 4628 1926 4711 presencia,
1962 4633 2027 4692 et
2058 4625 2284 4692 debuit
2316 4626 2624 4694 exhibere
2657 4625 3076 4711 priuilegium
