3319 5249
1816 230 1903 300 48

1815 772 1924 839 29.

741 971 945 1040 De'nes
976 973 1183 1040 na‘dor
1233 975 1296 1039 όε
1329 969 1594 1059 Gerqely
1626 971 1751 1036 ὂάη
1780 973 1939 1037 mint
1986 941 2325 1038 vdlasitott
2362 970 2550 1037 birdk
2577 974 2800 1038 iteletet
2830 996 2998 1038 neon-

741 1081 956 1147 danak
1003 1079 1211 1149 Jdnos
1276 1102 1472 1146 comes
1521 1080 1775 1167 Isipnek
1804 1079 1913 1162 fia
1960 1085 2022 1146 e's
2078 1077 2287 1145 Ochuz
2342 1103 2540 1146 comes
2586 1082 2752 1148 kozt.
2804 1085 2930 1148 127
2935 1085 3029 1144 3..

1810 1188 2017 1255 ker-ill.

954 1405 1090 1473 Nos
1119 1405 1201 1470 D.
1231 1399 1589 1489 Palatinus,
1639 1401 1873 1469 Comes
1922 1400 2354 1488 Symigieusis
2408 1409 2472 1470 et
2519 1402 2735 1472 Judex
2766 1403 2996 1471 Cuma-

743 1535 988 1600 norum,
1044 1519 1108 1580 et
1140 1511 1490 1597 Gregorius
1533 1510 1752 1578 Banus
1802 1508 2037 1578 damus
2088 1530 2203 1597 pro
2252 1510 2581 1597 memoria,
2634 1512 2807 1597 quod
2855 1533 2997 1580 cum

739 1623 909 1692 inter
945 1622 1256 1691 Comitem
1289 1621 1651 1688 Johannem
1684 1618 1887 1687 filium
1920 1618 2054 1705 Isip
2089 1627 2368 1688 actorem
2411 1621 2497 1687 ab
2526 1641 2659 1687 una
2690 1627 2898 1708 parte,
2936 1627 3002 1688 et

739 1732 1050 1801 Comitem
1104 1728 1323 1796 Ochuz
1376 1749 1457 1795 ex
1486 1730 1700 1796 altera
1747 1747 1941 1814 super
1989 1727 2162 1796 facto
2214 1735 2381 1797 terre
2428 1728 2699 1798 Chuona
2737 1737 2992 1816 uocate,

740 1848 804 1908 et
856 1837 1304 1906 destruccione
1375 1834 1664 1905 eiusdem
1718 1834 1989 1903 Comitis
2037 1835 2356 1903 Johannis
2404 1855 2597 1922 super
2645 1843 2821 1904 terra
2874 1856 3000 1904 sua

742 1947 866 2015 Sur
899 1952 1133 2014 uocata
1182 1965 1296 2029 per
1327 1945 1537 2031 ipsum
1573 1944 1887 2012 Comitem
1920 1942 2140 2012 Ochuz
2178 1943 2372 2032 facta,
2424 1949 2495 2010 ut
2525 1942 2786 2011 dicebat
2803 1991 2841 2024 ,ι
2868 1961 2997 2008 non

742 2043 815 2122 ut
837 2052 1116 2141 judices,
1166 2053 1282 2120 sed
1316 2061 1388 2121 ut
1418 2054 1668 2138 arbitry
1718 2050 1800 2120 de
1833 2054 2168 2121 uoluntate
2222 2053 2430 2139 partis
2462 2051 2797 2134 utriusque
2827 2053 2997 2118 arbi·

738 2168 1095 2245 traremur3
1163 2160 1333 2228 idem
1398 2160 1629 2229 Comes
1692 2161 2027 2230 Johannes
2092 2163 2463 2249 asserebat,
2528 2158 2703 2246 quod
2765 2161 3007 2228 Comes.

745 2268 962 2337 Ochuz
993 2267 1353 2356 predictam
1388 2276 1621 2335 terram
1672 2288 1855 2336 suam
1888 2268 2157 2337 Chuona
2207 2276 2506 2337 uocatam
2540 2266 2855 2336 detineret
2907 2269 2999 2333 in-

737 2377 951 2446 debite
999 2373 1414 2462 occupatam;
1462 2398 1498 2445 e
1537 2397 1849 2445 conuerso
1883 2375 2366 2443 ComesOchuz
2416 2377 2773 2463 respondit,
2815 2376 2992 2459 quod

739 2485 1094 2572 predictam
1116 2491 1358 2552 terram
1379 2484 1462 2553 ‹le
1490 2479 1795 2571 precepto
1831 2484 2088 2551 domine
2112 2483 2360 2568 Regine
2392 2485 2669 2554 senioris
2703 2504 2820 2553 sue
2854 2507 2995 2570 pro·

741 2592 1013 2663 teecioni
1047 2613 1162 2681 per
1194 2589 1464 2662 eandem
1501 2591 1908 2660 commissam
1948 2600 2258 2676 tanquam
2299 2600 2626 2680 protector
2659 2592 2995 2676 detineret,

742 2722 936 2787 super
984 2721 1109 2788 quo
1159 2702 1455 2789 partibus
1486 2702 2082 2787 assumpmentibus
2133 2702 2359 2769 taliter
2389 2722 2611 2770 sumus
2644 2701 2946 2770 arbitrati
2980 2727 2996 2767 :

741 2807 927 2887 Quod
960 2809 1016 2875 si
1049 2807 1215 2876 feria
1266 2817 1455 2876 sexta
1506 2809 1803 2893 proxima
1854 2812 2003 2894 post
2033 2807 2317 2876 medium
2351 2810 2605 2876 XL·me
2645 2810 2997 2895 Segusdini

743 2938 962 2987 coram
997 2916 1245 2985 Comite
1267 2914 1573 2999 Gregorio
1605 2915 1742 2981 filio
1768 2912 2018 3001 lhanis,
2039 2914 2285 2982 Comite
2320 2915 2559 2983 Cosma
2589 2913 2669 2983 de
2688 2918 2996 3002 Koazma,

740 3029 992 3096 Comite
1042 3023 1392 3091 Pertholdo
1447 3028 1511 3088 et
1558 3023 1804 3089 comite
1856 3021 2143 3089 Nicolaox
2182 3022 2317 3089 filio
2368 3024 2606 3111 Ipoliti,
2646 3044 2806 3109 quos
2855 3025 2999 3091 uice

742 3151 1163 3221 personarum
1200 3137 1567 3196 nostrarum
1618 3128 1707 3195 ad
1740 3128 1862 3195 hoc
1897 3127 2370 3217 deputauimus,
2406 3129 2731 3216 predictus
2764 3132 2999 3199 Comes

740 3241 1072 3310 Johannes
1137 3238 1392 3305 litteras
1445 3236 1732 3305 eiusdem
1792 3234 2049 3304 domine
2096 3238 2344 3322 Regine
2402 3240 2641 3324 poterit
2693 3239 2998 3307 exhibere

741 3347 976 3416 Comiti
1009 3345 1225 3413 Ochuz
1279 3344 1717 3431 transmissas,
1772 3346 1882 3430 qui
1913 3345 2215 3413 similiter
2253 3346 2346 3413 ibi
2376 3345 2566 3414 debet
2596 3366 2995 3434 comparere,

741 3455 1163 3541 continentes,
1213 3458 1284 3519 ut
1315 3450 1458 3538 ipse
1490 3453 1720 3519 Comes
1754 3450 1974 3520 Ochuz
2007 3453 2132 3539 ipsi
2187 3461 2424 3521 terram
2459 3474 2586 3520 non
2620 3453 2853 3522 debeat
2886 3454 2998 3522 de·

740 3564 963 3649 tinere,
1012 3560 1128 3629 sed
1159 3560 1366 3647 ipsam
1401 3558 1636 3626 Comiti
1671 3559 1953 3628 Johanni
1985 3562 2319 3647 permittat
2351 3560 2713 3649 possidere,
2761 3569 2994 3629 extunc

740 3671 971 3739 Comes
1005 3668 1222 3735 Ochuz
1253 3667 1466 3753 ipsam
1516 3675 1757 3735 terram
1809 3667 2129 3751 relinquet
2161 3689 2380 3738 eoram
2414 3669 2697 3738 Johanni
2727 3670 2998 3757 pacifice

736 3775 1220 3865 possidendam.
1293 3774 1453 3842 Item
1526 3795 1723 3859 super
1770 3775 1947 3842 facto
1999 3775 2309 3861 premisse
2363 3774 2828 3846 destruccionis
2880 3801 2996 3867 per

739 3907 861 3954 nos
894 3886 1113 3953 taliter
1162 3884 1375 3951 extitit
1423 3883 1824 3970 arbitratum,
1870 3882 2047 3965 quod
2078 3882 2247 3950 idem
2290 3881 2665 3969 Gregorius,
2703 3885 2994 3970 Cosmas,

737 3992 1124 4060 Pertholdus
1175 3996 1239 4057 et
1295 3990 1606 4058 Nicolaus
1646 3991 1950 4076 Comites,
2000 4009 2162 4072 quos
2213 3994 2354 4058 uice
2401 3993 2605 4058 nostri
2657 3993 2996 4080 deputaui-

741 4120 906 4184 mus,
953 4105 1023 4166 ut
1071 4096 1450 4183 premissum
1500 4105 1637 4182 est,
1690 4103 1754 4163 et
1803 4096 2019 4164 Endre
2066 4097 2234 4164 filius
2286 4099 2618 4166 Mortunus
2670 4098 2754 4168 de
2807 4108 2999 4185 parte

741 4206 1005 4274 Comitis
1058 4203 1371 4273 Johannis
1391 4256 1408 4289 ,
1455 4212 1520 4272 et
1571 4203 1921 4273 Farcasius
1974 4206 2145 4273 filius
2198 4203 2503 4273 Decimus
2543 4206 2623 4274 de
2662 4215 2847 4292 parte
2879 4209 2997 4277 Co·

742 4313 917 4381 mitis
966 4310 1183 4380 Ochuz
1235 4311 1646 4395 inquisitores
1692 4333 1892 4398 super
1939 4312 2238 4399 predicta
2284 4313 2750 4401 destruccione,
2803 4336 2995 4399 quam

742 4422 973 4489 Comes
1024 4418 1355 4486 Johaunes
1407 4426 1604 4507 'super
1653 4428 1831 4490 terra
1886 4441 2009 4489 sua
2057 4421 2181 4488 Sur
2232 4427 2464 4489 uocata
2518 4442 2634 4509 per
2681 4424 2998 4493 Comitem

742 4527 961 4595 Ochuz
993 4526 1239 4597 factam
1289 4525 1568 4617 dicebat,
1610 4528 1820 4599 scient
1867 4536 1934 4599 et
1966 4529 2293 4613 inquirent
2341 4528 2408 4597 in
2441 4530 2567 4599 fide
2600 4550 2818 4602 eorum
2852 4534 2995 4603 Deo
