<?xml version="1.0" encoding="UTF-8"?>
<!DOCTYPE html PUBLIC "-//W3C//DTD XHTML 1.0 Transitional//EN"
    "http://www.w3.org/TR/xhtml1/DTD/xhtml1-transitional.dtd">
<html xmlns="http://www.w3.org/1999/xhtml" xml:lang="en" lang="en">
 <head>
  <title>
</title>
<meta http-equiv="Content-Type" content="text/html;charset=utf-8" />
  <meta name='ocr-system' content='tesseract 3.04.00' />
  <meta name='ocr-capabilities' content='ocr_page ocr_carea ocr_par ocr_line ocrx_word'/>
</head>
<body>
  <div class='ocr_page' id='page_1' title='image "./rpdkorijokmnytr00wenzgoog_0311.png"; bbox 0 0 3319 5249; ppageno 0'>
   <div class='ocr_carea' id='block_1_1' title="bbox 1338 340 1467 412">
    <p class='ocr_par' dir='ltr' id='par_1_1' title="bbox 1338 340 1467 412">
     <span class='ocr_line' id='line_1_1' title="bbox 1338 340 1467 412; baseline 0.008 -2"><span class='ocrx_word' id='word_1_1' title='bbox 1338 340 1467 412; x_wconf 71' lang='lat'>237</span> 
     </span>
    </p>
   </div>
   <div class='ocr_carea' id='block_1_2' title="bbox 1249 433 1574 446">
    <p class='ocr_par' dir='ltr' id='par_1_2' title="bbox 1249 433 1574 446">
     <span class='ocr_line' id='line_1_2' title="bbox 1249 433 1574 446; baseline 0 0"><span class='ocrx_word' id='word_1_2' title='bbox 1249 433 1574 446; x_wconf 95' lang='lat' dir='ltr'> </span> 
     </span>
    </p>
   </div>
   <div class='ocr_carea' id='block_1_3' title="bbox 283 526 2583 4069">
    <p class='ocr_par' dir='ltr' id='par_1_3' title="bbox 283 526 2583 4069">
     <span class='ocr_line' id='line_1_3' title="bbox 283 526 2535 630; baseline 0 -23"><span class='ocrx_word' id='word_1_3' title='bbox 283 526 527 607; x_wconf 75' lang='lat' dir='ltr'>directe</span> <span class='ocrx_word' id='word_1_4' title='bbox 559 538 741 626; x_wconf 69' lang='lat' dir='ltr'>vadit</span> <span class='ocrx_word' id='word_1_5' title='bbox 773 537 861 605; x_wconf 87' lang='lat' dir='ltr'>ad</span> <span class='ocrx_word' id='word_1_6' title='bbox 894 539 1061 606; x_wconf 85' lang='lat' dir='ltr'>duas</span> <span class='ocrx_word' id='word_1_7' title='bbox 1082 548 1290 608; x_wconf 87' lang='lat' dir='ltr'>metas</span> <span class='ocrx_word' id='word_1_8' title='bbox 1313 540 1402 608; x_wconf 85' lang='lat' dir='ltr'>ad</span> <span class='ocrx_word' id='word_1_9' title='bbox 1419 549 1673 628; x_wconf 87' lang='lat' dir='ltr'>partem</span> <span class='ocrx_word' id='word_1_10' title='bbox 1696 540 2184 630; x_wconf 86' lang='lat' dir='ltr'>occidentalem,</span> <span class='ocrx_word' id='word_1_11' title='bbox 2228 548 2535 628; x_wconf 87' lang='lat' dir='ltr'>quantum</span> 
     </span>
     <span class='ocr_line' id='line_1_4' title="bbox 283 647 2536 734; baseline -0 -20"><span class='ocrx_word' id='word_1_12' title='bbox 283 650 492 715; x_wconf 87' lang='lat' dir='ltr'>iactus</span> <span class='ocrx_word' id='word_1_13' title='bbox 525 648 833 716; x_wconf 87' lang='lat' dir='ltr'>cambuce</span> <span class='ocrx_word' id='word_1_14' title='bbox 864 654 1075 733; x_wconf 87' lang='lat' dir='ltr'>potest</span> <span class='ocrx_word' id='word_1_15' title='bbox 1106 668 1366 734; x_wconf 84' lang='lat' dir='ltr'>augere,</span> <span class='ocrx_word' id='word_1_16' title='bbox 1418 671 1542 734; x_wconf 92' lang='lat' dir='ltr'>que</span> <span class='ocrx_word' id='word_1_17' title='bbox 1572 655 1789 719; x_wconf 83' lang='lat' dir='ltr'>erecte</span> <span class='ocrx_word' id='word_1_18' title='bbox 1819 657 1968 718; x_wconf 86' lang='lat' dir='ltr'>sunt</span> <span class='ocrx_word' id='word_1_19' title='bbox 1996 647 2064 715; x_wconf 93' lang='lat' dir='ltr'>in</span> <span class='ocrx_word' id='word_1_20' title='bbox 2097 649 2314 716; x_wconf 90' lang='lat' dir='ltr'>medio</span> <span class='ocrx_word' id='word_1_21' title='bbox 2346 651 2536 734; x_wconf 86' lang='lat' dir='ltr'>prati,</span> 
     </span>
     <span class='ocr_line' id='line_1_5' title="bbox 285 754 2540 841; baseline 0.001 -22"><span class='ocrx_word' id='word_1_22' title='bbox 285 763 350 820; x_wconf 85' lang='lat' dir='ltr'>et</span> <span class='ocrx_word' id='word_1_23' title='bbox 379 761 690 841; x_wconf 86' lang='lat' dir='ltr'>separant</span> <span class='ocrx_word' id='word_1_24' title='bbox 721 761 959 820; x_wconf 88' lang='lat' dir='ltr'>terram</span> <span class='ocrx_word' id='word_1_25' title='bbox 994 754 1168 821; x_wconf 86' lang='lat' dir='ltr'>Eche</span> <span class='ocrx_word' id='word_1_26' title='bbox 1218 776 1260 821; x_wconf 91' lang='lat' dir='ltr'>a</span> <span class='ocrx_word' id='word_1_27' title='bbox 1309 762 1484 822; x_wconf 87' lang='lat' dir='ltr'>terra</span> <span class='ocrx_word' id='word_1_28' title='bbox 1524 757 1819 824; x_wconf 86' lang='lat' dir='ltr'>Ecclesie</span> <span class='ocrx_word' id='word_1_29' title='bbox 1858 755 2082 825; x_wconf 78' lang='lat' dir='ltr'><strong>Sancti</strong></span> <span class='ocrx_word' id='word_1_30' title='bbox 2112 755 2384 840; x_wconf 87' lang='lat' dir='ltr'>Jacobi;</span> <span class='ocrx_word' id='word_1_31' title='bbox 2433 777 2540 824; x_wconf 82' lang='lat' dir='ltr'>ex·</span> 
     </span>
     <span class='ocr_line' id='line_1_6' title="bbox 288 860 2543 949; baseline 0 -23"><span class='ocrx_word' id='word_1_32' title='bbox 288 862 436 931; x_wconf 90' lang='lat' dir='ltr'>inde</span> <span class='ocrx_word' id='word_1_33' title='bbox 467 863 814 930; x_wconf 90' lang='lat' dir='ltr'>reuertitur</span> <span class='ocrx_word' id='word_1_34' title='bbox 864 862 1102 930; x_wconf 81' lang='lat' dir='ltr'>directe</span> <span class='ocrx_word' id='word_1_35' title='bbox 1167 860 1252 929; x_wconf 87' lang='lat' dir='ltr'>ad</span> <span class='ocrx_word' id='word_1_36' title='bbox 1312 862 1679 945; x_wconf 88' lang='lat' dir='ltr'>aquilonem</span> <span class='ocrx_word' id='word_1_37' title='bbox 1744 863 1808 929; x_wconf 93' lang='lat' dir='ltr'>in</span> <span class='ocrx_word' id='word_1_38' title='bbox 1871 865 2082 930; x_wconf 87' lang='lat' dir='ltr'>riuulo</span> <span class='ocrx_word' id='word_1_39' title='bbox 2134 863 2433 949; x_wconf 88' lang='lat' dir='ltr'>paruulo,</span> <span class='ocrx_word' id='word_1_40' title='bbox 2479 870 2543 929; x_wconf 90' lang='lat' dir='ltr'>et</span> 
     </span>
     <span class='ocr_line' id='line_1_7' title="bbox 294 970 2541 1057; baseline 0 -22"><span class='ocrx_word' id='word_1_41' title='bbox 294 970 590 1037; x_wconf 87' lang='lat' dir='ltr'>ascendit</span> <span class='ocrx_word' id='word_1_42' title='bbox 640 970 725 1036; x_wconf 85' lang='lat' dir='ltr'>ad</span> <span class='ocrx_word' id='word_1_43' title='bbox 765 974 1067 1053; x_wconf 85' lang='lat' dir='ltr'>montem,</span> <span class='ocrx_word' id='word_1_44' title='bbox 1119 970 1225 1037; x_wconf 85' lang='lat' dir='ltr'>vbi</span> <span class='ocrx_word' id='word_1_45' title='bbox 1265 973 1648 1038; x_wconf 87' lang='lat' dir='ltr'>terminatur</span> <span class='ocrx_word' id='word_1_46' title='bbox 1679 971 1822 1057; x_wconf 86' lang='lat' dir='ltr'>ipse</span> <span class='ocrx_word' id='word_1_47' title='bbox 1854 972 2139 1056; x_wconf 89' lang='lat' dir='ltr'>riuulus;</span> <span class='ocrx_word' id='word_1_48' title='bbox 2191 971 2362 1038; x_wconf 83' lang='lat' dir='ltr'>vnde</span> <span class='ocrx_word' id='word_1_49' title='bbox 2395 991 2541 1056; x_wconf 90' lang='lat' dir='ltr'>pro-</span> 
     </span>
     <span class='ocr_line' id='line_1_8' title="bbox 299 1076 2546 1163; baseline -0.001 -17"><span class='ocrx_word' id='word_1_50' title='bbox 299 1076 590 1161; x_wconf 81' lang='lat' dir='ltr'>greditur</span> <span class='ocrx_word' id='word_1_51' title='bbox 652 1077 862 1144; x_wconf 86' lang='lat' dir='ltr'>alcius</span> <span class='ocrx_word' id='word_1_52' title='bbox 912 1077 998 1144; x_wconf 87' lang='lat' dir='ltr'>ad</span> <span class='ocrx_word' id='word_1_53' title='bbox 1032 1084 1311 1146; x_wconf 87' lang='lat' dir='ltr'>montem</span> <span class='ocrx_word' id='word_1_54' title='bbox 1363 1078 1448 1145; x_wconf 90' lang='lat' dir='ltr'>ad</span> <span class='ocrx_word' id='word_1_55' title='bbox 1500 1088 1750 1163; x_wconf 88' lang='lat' dir='ltr'>partem</span> <span class='ocrx_word' id='word_1_56' title='bbox 1784 1080 2152 1163; x_wconf 80' lang='lat' dir='ltr'>aquilonem</span> <span class='ocrx_word' id='word_1_57' title='bbox 2208 1077 2295 1145; x_wconf 87' lang='lat' dir='ltr'>ad</span> <span class='ocrx_word' id='word_1_58' title='bbox 2343 1078 2546 1144; x_wconf 88' lang='lat' dir='ltr'>altam</span> 
     </span>
     <span class='ocr_line' id='line_1_9' title="bbox 294 1185 2547 1272; baseline 0 -21"><span class='ocrx_word' id='word_1_59' title='bbox 294 1185 591 1252; x_wconf 82' lang='lat' dir='ltr'>arborem</span> <span class='ocrx_word' id='word_1_60' title='bbox 623 1185 791 1270; x_wconf 89' lang='lat' dir='ltr'>piri;</span> <span class='ocrx_word' id='word_1_61' title='bbox 836 1185 990 1253; x_wconf 91' lang='lat' dir='ltr'>inde</span> <span class='ocrx_word' id='word_1_62' title='bbox 1023 1186 1361 1253; x_wconf 88' lang='lat' dir='ltr'>descendit</span> <span class='ocrx_word' id='word_1_63' title='bbox 1391 1186 1475 1254; x_wconf 87' lang='lat' dir='ltr'>ad</span> <span class='ocrx_word' id='word_1_64' title='bbox 1507 1186 1900 1272; x_wconf 87' lang='lat' dir='ltr'>profundum</span> <span class='ocrx_word' id='word_1_65' title='bbox 1934 1188 2211 1254; x_wconf 88' lang='lat' dir='ltr'>riuulum</span> <span class='ocrx_word' id='word_1_66' title='bbox 2236 1186 2322 1253; x_wconf 87' lang='lat' dir='ltr'>ad</span> <span class='ocrx_word' id='word_1_67' title='bbox 2345 1207 2547 1269; x_wconf 85' lang='lat' dir='ltr'>quan-</span> 
     </span>
     <span class='ocr_line' id='line_1_10' title="bbox 298 1291 2548 1380; baseline 0.001 -24"><span class='ocrx_word' id='word_1_68' title='bbox 298 1291 449 1357; x_wconf 90' lang='lat' dir='ltr'>dam</span> <span class='ocrx_word' id='word_1_69' title='bbox 482 1291 762 1378; x_wconf 86' lang='lat' dir='ltr'>vallem,</span> <span class='ocrx_word' id='word_1_70' title='bbox 832 1292 1010 1359; x_wconf 85' lang='lat' dir='ltr'>iuxta</span> <span class='ocrx_word' id='word_1_71' title='bbox 1061 1314 1253 1377; x_wconf 90' lang='lat' dir='ltr'>quam</span> <span class='ocrx_word' id='word_1_72' title='bbox 1305 1293 1595 1361; x_wconf 82' lang='lat' dir='ltr'>declinat</span> <span class='ocrx_word' id='word_1_73' title='bbox 1644 1294 1731 1359; x_wconf 88' lang='lat' dir='ltr'>ad</span> <span class='ocrx_word' id='word_1_74' title='bbox 1787 1301 2043 1380; x_wconf 83' lang='lat' dir='ltr'>partem</span> <span class='ocrx_word' id='word_1_75' title='bbox 2083 1294 2548 1363; x_wconf 88' lang='lat' dir='ltr'>occidentalem</span> 
     </span>
     <span class='ocr_line' id='line_1_11' title="bbox 298 1397 2547 1487; baseline 0.001 -24"><span class='ocrx_word' id='word_1_76' title='bbox 298 1397 380 1463; x_wconf 86' lang='lat' dir='ltr'>ad</span> <span class='ocrx_word' id='word_1_77' title='bbox 412 1398 679 1465; x_wconf 89' lang='lat' dir='ltr'>fluuium</span> <span class='ocrx_word' id='word_1_78' title='bbox 712 1398 820 1482; x_wconf 92' lang='lat' dir='ltr'>qui</span> <span class='ocrx_word' id='word_1_79' title='bbox 852 1407 1120 1466; x_wconf 84' lang='lat' dir='ltr'>vocatur</span> <span class='ocrx_word' id='word_1_80' title='bbox 1153 1401 1488 1468; x_wconf 86' lang='lat' dir='ltr'>Gerenche</span> <span class='ocrx_word' id='word_1_81' title='bbox 1506 1453 1524 1487; x_wconf 85' lang='lat'><em>,</em></span> <span class='ocrx_word' id='word_1_82' title='bbox 1576 1403 1686 1486; x_wconf 89' lang='lat' dir='ltr'>qui</span> <span class='ocrx_word' id='word_1_83' title='bbox 1718 1402 1951 1470; x_wconf 86' lang='lat' dir='ltr'>fluuius</span> <span class='ocrx_word' id='word_1_84' title='bbox 1985 1401 2173 1469; x_wconf 89' lang='lat' dir='ltr'>uadit</span> <span class='ocrx_word' id='word_1_85' title='bbox 2203 1400 2289 1468; x_wconf 90' lang='lat' dir='ltr'>ad</span> <span class='ocrx_word' id='word_1_86' title='bbox 2320 1402 2547 1485; x_wconf 86' lang='lat' dir='ltr'>Kopus</span> 
     </span>
     <span class='ocr_line' id='line_1_12' title="bbox 298 1505 2551 1595; baseline 0 -23"><span class='ocrx_word' id='word_1_87' title='bbox 298 1505 543 1573; x_wconf 80' lang='lat' dir='ltr'>directe</span> <span class='ocrx_word' id='word_1_88' title='bbox 593 1507 680 1572; x_wconf 89' lang='lat' dir='ltr'>ad</span> <span class='ocrx_word' id='word_1_89' title='bbox 728 1513 978 1591; x_wconf 86' lang='lat' dir='ltr'>partem</span> <span class='ocrx_word' id='word_1_90' title='bbox 1021 1508 1490 1577; x_wconf 89' lang='lat' dir='ltr'>occidentalem</span> <span class='ocrx_word' id='word_1_91' title='bbox 1541 1510 1993 1577; x_wconf 86' lang='lat' dir='ltr'>circumeundo</span> <span class='ocrx_word' id='word_1_92' title='bbox 2045 1512 2255 1595; x_wconf 80' lang='lat' dir='ltr'>ipsam</span> <span class='ocrx_word' id='word_1_93' title='bbox 2309 1515 2551 1574; x_wconf 87' lang='lat' dir='ltr'>terram</span> 
     </span>
     <span class='ocr_line' id='line_1_13' title="bbox 300 1612 2547 1698; baseline 0.003 -22"><span class='ocrx_word' id='word_1_94' title='bbox 300 1612 492 1697; x_wconf 87' lang='lat' dir='ltr'>Eche,</span> <span class='ocrx_word' id='word_1_95' title='bbox 542 1614 610 1679; x_wconf 94' lang='lat' dir='ltr'>in</span> <span class='ocrx_word' id='word_1_96' title='bbox 643 1633 771 1697; x_wconf 89' lang='lat' dir='ltr'>quo</span> <span class='ocrx_word' id='word_1_97' title='bbox 803 1616 1002 1682; x_wconf 90' lang='lat' dir='ltr'>fluuio</span> <span class='ocrx_word' id='word_1_98' title='bbox 1035 1616 1160 1682; x_wconf 90' lang='lat' dir='ltr'>tria</span> <span class='ocrx_word' id='word_1_99' title='bbox 1191 1625 1342 1684; x_wconf 89' lang='lat' dir='ltr'>sunt</span> <span class='ocrx_word' id='word_1_100' title='bbox 1375 1618 1771 1698; x_wconf 89' lang='lat' dir='ltr'>molendina,</span> <span class='ocrx_word' id='word_1_101' title='bbox 1815 1624 1879 1685; x_wconf 90' lang='lat' dir='ltr'>et</span> <span class='ocrx_word' id='word_1_102' title='bbox 1916 1619 1984 1683; x_wconf 93' lang='lat' dir='ltr'>in</span> <span class='ocrx_word' id='word_1_103' title='bbox 2017 1615 2227 1684; x_wconf 92' lang='lat' dir='ltr'>medio</span> <span class='ocrx_word' id='word_1_104' title='bbox 2260 1614 2547 1683; x_wconf 89' lang='lat' dir='ltr'>eiusdem</span> 
     </span>
     <span class='ocr_line' id='line_1_14' title="bbox 301 1722 2552 1808; baseline 0.001 -24"><span class='ocrx_word' id='word_1_105' title='bbox 301 1727 466 1786; x_wconf 85' lang='lat' dir='ltr'>terre</span> <span class='ocrx_word' id='word_1_106' title='bbox 499 1741 628 1787; x_wconf 85' lang='lat' dir='ltr'>vna</span> <span class='ocrx_word' id='word_1_107' title='bbox 661 1723 886 1807; x_wconf 84' lang='lat' dir='ltr'>vinea;</span> <span class='ocrx_word' id='word_1_108' title='bbox 953 1743 1068 1808; x_wconf 90' lang='lat' dir='ltr'>per</span> <span class='ocrx_word' id='word_1_109' title='bbox 1118 1745 1304 1807; x_wconf 90' lang='lat' dir='ltr'>quem</span> <span class='ocrx_word' id='word_1_110' title='bbox 1357 1725 1627 1792; x_wconf 90' lang='lat' dir='ltr'>fluuium</span> <span class='ocrx_word' id='word_1_111' title='bbox 1679 1725 2018 1793; x_wconf 84' lang='lat' dir='ltr'>Gerenche</span> <span class='ocrx_word' id='word_1_112' title='bbox 2051 1726 2286 1793; x_wconf 82' lang='lat' dir='ltr'>transit</span> <span class='ocrx_word' id='word_1_113' title='bbox 2319 1722 2404 1790; x_wconf 88' lang='lat' dir='ltr'>ad</span> <span class='ocrx_word' id='word_1_114' title='bbox 2437 1723 2552 1788; x_wconf 91' lang='lat' dir='ltr'>flu-</span> 
     </span>
     <span class='ocr_line' id='line_1_15' title="bbox 304 1829 2548 1919; baseline 0.002 -27"><span class='ocrx_word' id='word_1_115' title='bbox 304 1829 475 1893; x_wconf 91' lang='lat' dir='ltr'>uium</span> <span class='ocrx_word' id='word_1_116' title='bbox 514 1849 629 1912; x_wconf 90' lang='lat' dir='ltr'>per</span> <span class='ocrx_word' id='word_1_117' title='bbox 659 1830 924 1916; x_wconf 82' lang='lat' dir='ltr'>Kopus,</span> <span class='ocrx_word' id='word_1_118' title='bbox 973 1833 1086 1914; x_wconf 91' lang='lat' dir='ltr'>qui</span> <span class='ocrx_word' id='word_1_119' title='bbox 1137 1840 1405 1899; x_wconf 86' lang='lat' dir='ltr'>vocatur</span> <span class='ocrx_word' id='word_1_120' title='bbox 1444 1835 1701 1919; x_wconf 81' lang='lat' dir='ltr'>Lapsa,</span> <span class='ocrx_word' id='word_1_121' title='bbox 1748 1833 1816 1898; x_wconf 92' lang='lat' dir='ltr'>in</span> <span class='ocrx_word' id='word_1_122' title='bbox 1870 1832 2081 1900; x_wconf 91' lang='lat' dir='ltr'>medio</span> <span class='ocrx_word' id='word_1_123' title='bbox 2133 1834 2314 1899; x_wconf 89' lang='lat' dir='ltr'>cuius</span> <span class='ocrx_word' id='word_1_124' title='bbox 2366 1829 2548 1912; x_wconf 79' lang='lat' dir='ltr'>fluuij</span> 
     </span>
     <span class='ocr_line' id='line_1_16' title="bbox 302 1936 2554 2024; baseline -0.001 -23"><span class='ocrx_word' id='word_1_125' title='bbox 302 1936 499 2001; x_wconf 80' lang='lat' dir='ltr'>vadit=</span> <span class='ocrx_word' id='word_1_126' title='bbox 517 1936 603 2000; x_wconf 92' lang='lat' dir='ltr'>ad</span> <span class='ocrx_word' id='word_1_127' title='bbox 635 1943 891 2020; x_wconf 87' lang='lat' dir='ltr'>partem</span> <span class='ocrx_word' id='word_1_128' title='bbox 926 1937 1395 2007; x_wconf 83' lang='lat' dir='ltr'>occidentalem</span> <span class='ocrx_word' id='word_1_129' title='bbox 1436 1962 1637 2023; x_wconf 87' lang='lat' dir='ltr'>vsque</span> <span class='ocrx_word' id='word_1_130' title='bbox 1671 1949 1906 2007; x_wconf 87' lang='lat' dir='ltr'>terram</span> <span class='ocrx_word' id='word_1_131' title='bbox 1942 1940 2157 2006; x_wconf 82' lang='lat' dir='ltr'>Cast-ri</span> <span class='ocrx_word' id='word_1_132' title='bbox 2193 1936 2554 2024; x_wconf 82' lang='lat' dir='ltr'>Symigien·</span> 
     </span>
     <span class='ocr_line' id='line_1_17' title="bbox 303 2042 2557 2133; baseline -0 -26"><span class='ocrx_word' id='word_1_133' title='bbox 303 2044 414 2130; x_wconf 83' lang='lat' dir='ltr'>sis,</span> <span class='ocrx_word' id='word_1_134' title='bbox 463 2043 547 2109; x_wconf 90' lang='lat' dir='ltr'>de</span> <span class='ocrx_word' id='word_1_135' title='bbox 603 2064 728 2126; x_wconf 93' lang='lat' dir='ltr'>qno</span> <span class='ocrx_word' id='word_1_136' title='bbox 779 2047 1123 2112; x_wconf 87' lang='lat' dir='ltr'>reuertitur</span> <span class='ocrx_word' id='word_1_137' title='bbox 1178 2046 1265 2111; x_wconf 86' lang='lat' dir='ltr'>ad</span> <span class='ocrx_word' id='word_1_138' title='bbox 1316 2053 1566 2133; x_wconf 89' lang='lat' dir='ltr'>partem</span> <span class='ocrx_word' id='word_1_139' title='bbox 1624 2046 2006 2114; x_wconf 87' lang='lat' dir='ltr'>orientalem</span> <span class='ocrx_word' id='word_1_140' title='bbox 2052 2048 2118 2112; x_wconf 90' lang='lat' dir='ltr'>in</span> <span class='ocrx_word' id='word_1_141' title='bbox 2152 2042 2557 2129; x_wconf 82' lang='lat' dir='ltr'>longitudine</span> 
     </span>
     <span class='ocr_line' id='line_1_18' title="bbox 304 2151 2555 2240; baseline -0.001 -23"><span class='ocrx_word' id='word_1_142' title='bbox 304 2151 488 2217; x_wconf 79' lang='lat' dir='ltr'>vuius</span> <span class='ocrx_word' id='word_1_143' title='bbox 524 2154 766 2235; x_wconf 84' lang='lat' dir='ltr'>ingeris</span> <span class='ocrx_word' id='word_1_144' title='bbox 798 2154 883 2218; x_wconf 89' lang='lat' dir='ltr'>ad</span> <span class='ocrx_word' id='word_1_145' title='bbox 916 2155 1243 2237; x_wconf 88' lang='lat' dir='ltr'>quandam</span> <span class='ocrx_word' id='word_1_146' title='bbox 1286 2156 1459 2221; x_wconf 84' lang='lat' dir='ltr'>viam</span> <span class='ocrx_word' id='word_1_147' title='bbox 1493 2208 1511 2240; x_wconf 87' lang='lat'><em>,</em></span> <span class='ocrx_word' id='word_1_148' title='bbox 1590 2155 1698 2221; x_wconf 87' lang='lat' dir='ltr'>vbi</span> <span class='ocrx_word' id='word_1_149' title='bbox 1755 2162 1966 2222; x_wconf 80' lang='lat' dir='ltr'>erecte</span> <span class='ocrx_word' id='word_1_150' title='bbox 2019 2154 2145 2220; x_wconf 90' lang='lat' dir='ltr'>due</span> <span class='ocrx_word' id='word_1_151' title='bbox 2183 2158 2333 2220; x_wconf 89' lang='lat' dir='ltr'>sunt</span> <span class='ocrx_word' id='word_1_152' title='bbox 2366 2156 2555 2235; x_wconf 87' lang='lat' dir='ltr'>mete,</span> 
     </span>
     <span class='ocr_line' id='line_1_19' title="bbox 306 2255 2546 2345; baseline -0 -22"><span class='ocrx_word' id='word_1_153' title='bbox 306 2279 426 2341; x_wconf 89' lang='lat' dir='ltr'>que</span> <span class='ocrx_word' id='word_1_154' title='bbox 475 2265 782 2342; x_wconf 84' lang='lat' dir='ltr'>separant</span> <span class='ocrx_word' id='word_1_155' title='bbox 813 2260 1025 2343; x_wconf 84' lang='lat' dir='ltr'>ipsam</span> <span class='ocrx_word' id='word_1_156' title='bbox 1057 2267 1294 2327; x_wconf 87' lang='lat' dir='ltr'>terram</span> <span class='ocrx_word' id='word_1_157' title='bbox 1326 2262 1505 2327; x_wconf 89' lang='lat' dir='ltr'>Ecbe</span> <span class='ocrx_word' id='word_1_158' title='bbox 1545 2283 1585 2327; x_wconf 89' lang='lat' dir='ltr'>a</span> <span class='ocrx_word' id='word_1_159' title='bbox 1624 2270 1797 2328; x_wconf 89' lang='lat' dir='ltr'>terra</span> <span class='ocrx_word' id='word_1_160' title='bbox 1829 2261 2047 2327; x_wconf 86' lang='lat' dir='ltr'>Castri</span> <span class='ocrx_word' id='word_1_161' title='bbox 2078 2255 2546 2345; x_wconf 79' lang='lat' dir='ltr'>Symigiensis5</span> 
     </span>
     <span class='ocr_line' id='line_1_20' title="bbox 308 2365 2558 2451; baseline -0 -23"><span class='ocrx_word' id='word_1_162' title='bbox 308 2366 460 2431; x_wconf 90' lang='lat' dir='ltr'>item</span> <span class='ocrx_word' id='word_1_163' title='bbox 491 2365 677 2431; x_wconf 81' lang='lat' dir='ltr'>vadit</span> <span class='ocrx_word' id='word_1_164' title='bbox 710 2365 956 2434; x_wconf 86' lang='lat' dir='ltr'>directe</span> <span class='ocrx_word' id='word_1_165' title='bbox 986 2366 1074 2432; x_wconf 87' lang='lat' dir='ltr'>ad</span> <span class='ocrx_word' id='word_1_166' title='bbox 1106 2368 1434 2449; x_wconf 88' lang='lat' dir='ltr'>quandam</span> <span class='ocrx_word' id='word_1_167' title='bbox 1469 2367 1710 2434; x_wconf 82' lang='lat' dir='ltr'>siluam</span> <span class='ocrx_word' id='word_1_168' title='bbox 1750 2367 1838 2432; x_wconf 87' lang='lat' dir='ltr'>ad</span> <span class='ocrx_word' id='word_1_169' title='bbox 1869 2373 2119 2451; x_wconf 85' lang='lat' dir='ltr'>partem</span> <span class='ocrx_word' id='word_1_170' title='bbox 2153 2365 2558 2445; x_wconf 88' lang='lat' dir='ltr'>orientalem,</span> 
     </span>
     <span class='ocr_line' id='line_1_21' title="bbox 308 2471 2549 2562; baseline -0 -25"><span class='ocrx_word' id='word_1_171' title='bbox 308 2493 496 2556; x_wconf 86' lang='lat' dir='ltr'>quam</span> <span class='ocrx_word' id='word_1_172' title='bbox 557 2472 797 2538; x_wconf 90' lang='lat' dir='ltr'>siluam</span> <span class='ocrx_word' id='word_1_173' title='bbox 859 2473 1083 2540; x_wconf 87' lang='lat' dir='ltr'>circuit</span> <span class='ocrx_word' id='word_1_174' title='bbox 1146 2495 1188 2540; x_wconf 88' lang='lat' dir='ltr'>a</span> <span class='ocrx_word' id='word_1_175' title='bbox 1250 2480 1435 2561; x_wconf 90' lang='lat' dir='ltr'>parte</span> <span class='ocrx_word' id='word_1_176' title='bbox 1496 2475 1840 2562; x_wconf 86' lang='lat' dir='ltr'>superiori,</span> <span class='ocrx_word' id='word_1_177' title='bbox 1908 2482 1971 2539; x_wconf 92' lang='lat' dir='ltr'>et</span> <span class='ocrx_word' id='word_1_178' title='bbox 2031 2471 2214 2540; x_wconf 85' lang='lat' dir='ltr'>vadit</span> <span class='ocrx_word' id='word_1_179' title='bbox 2277 2471 2364 2537; x_wconf 89' lang='lat' dir='ltr'>ad</span> <span class='ocrx_word' id='word_1_180' title='bbox 2419 2477 2549 2537; x_wconf 84' lang='lat' dir='ltr'>tres</span> 
     </span>
     <span class='ocr_line' id='line_1_22' title="bbox 311 2578 2564 2667; baseline -0 -21"><span class='ocrx_word' id='word_1_181' title='bbox 311 2588 553 2667; x_wconf 86' lang='lat' dir='ltr'>metas,</span> <span class='ocrx_word' id='word_1_182' title='bbox 636 2601 761 2665; x_wconf 87' lang='lat' dir='ltr'>que</span> <span class='ocrx_word' id='word_1_183' title='bbox 813 2581 1191 2667; x_wconf 86' lang='lat' dir='ltr'>disgregant</span> <span class='ocrx_word' id='word_1_184' title='bbox 1243 2581 1450 2667; x_wconf 84' lang='lat' dir='ltr'>ipsam</span> <span class='ocrx_word' id='word_1_185' title='bbox 1490 2588 1730 2649; x_wconf 87' lang='lat' dir='ltr'>terram</span> <span class='ocrx_word' id='word_1_186' title='bbox 1764 2581 1940 2648; x_wconf 88' lang='lat' dir='ltr'>Eche</span> <span class='ocrx_word' id='word_1_187' title='bbox 1995 2581 2076 2649; x_wconf 92' lang='lat' dir='ltr'>de</span> <span class='ocrx_word' id='word_1_188' title='bbox 2128 2587 2307 2646; x_wconf 87' lang='lat' dir='ltr'>terra</span> <span class='ocrx_word' id='word_1_189' title='bbox 2341 2578 2564 2646; x_wconf 82' lang='lat' dir='ltr'>Castri</span> 
     </span>
     <span class='ocr_line' id='line_1_23' title="bbox 315 2686 2564 2775; baseline 0.001 -23"><span class='ocrx_word' id='word_1_190' title='bbox 315 2689 784 2775; x_wconf 83' lang='lat' dir='ltr'>Symigiensis,</span> <span class='ocrx_word' id='word_1_191' title='bbox 853 2695 919 2755; x_wconf 88' lang='lat' dir='ltr'>et</span> <span class='ocrx_word' id='word_1_192' title='bbox 968 2690 1050 2755; x_wconf 89' lang='lat' dir='ltr'>de</span> <span class='ocrx_word' id='word_1_193' title='bbox 1102 2700 1273 2758; x_wconf 89' lang='lat' dir='ltr'>terra</span> <span class='ocrx_word' id='word_1_194' title='bbox 1321 2691 1613 2757; x_wconf 85' lang='lat' dir='ltr'>Ecclesie</span> <span class='ocrx_word' id='word_1_195' title='bbox 1665 2690 1892 2757; x_wconf 85' lang='lat' dir='ltr'>Sancti</span> <span class='ocrx_word' id='word_1_196' title='bbox 1942 2688 2200 2757; x_wconf 88' lang='lat' dir='ltr'>Nicolai</span> <span class='ocrx_word' id='word_1_197' title='bbox 2256 2686 2336 2753; x_wconf 91' lang='lat' dir='ltr'>de</span> <span class='ocrx_word' id='word_1_198' title='bbox 2370 2686 2564 2772; x_wconf 88' lang='lat' dir='ltr'>Alba,</span> 
     </span>
     <span class='ocr_line' id='line_1_24' title="bbox 313 2793 2565 2883; baseline -0.002 -21"><span class='ocrx_word' id='word_1_199' title='bbox 313 2817 431 2879; x_wconf 91' lang='lat' dir='ltr'>que</span> <span class='ocrx_word' id='word_1_200' title='bbox 464 2802 567 2863; x_wconf 88' lang='lat' dir='ltr'>est</span> <span class='ocrx_word' id='word_1_201' title='bbox 599 2804 775 2863; x_wconf 86' lang='lat' dir='ltr'>terra</span> <span class='ocrx_word' id='word_1_202' title='bbox 807 2797 1150 2883; x_wconf 81' lang='lat' dir='ltr'>capitalis3</span> <span class='ocrx_word' id='word_1_203' title='bbox 1213 2796 1365 2864; x_wconf 90' lang='lat' dir='ltr'>inde</span> <span class='ocrx_word' id='word_1_204' title='bbox 1415 2798 1588 2864; x_wconf 89' lang='lat' dir='ltr'>circa</span> <span class='ocrx_word' id='word_1_205' title='bbox 1639 2797 1915 2865; x_wconf 88' lang='lat' dir='ltr'>eandem</span> <span class='ocrx_word' id='word_1_206' title='bbox 1956 2797 2192 2864; x_wconf 90' lang='lat' dir='ltr'>siluam</span> <span class='ocrx_word' id='word_1_207' title='bbox 2231 2793 2565 2862; x_wconf 87' lang='lat' dir='ltr'>descendit</span> 
     </span>
     <span class='ocr_line' id='line_1_25' title="bbox 313 2904 2561 2993; baseline -0.001 -23"><span class='ocrx_word' id='word_1_208' title='bbox 313 2925 426 2990; x_wconf 88' lang='lat' dir='ltr'>per</span> <span class='ocrx_word' id='word_1_209' title='bbox 456 2906 789 2989; x_wconf 87' lang='lat' dir='ltr'>quandam</span> <span class='ocrx_word' id='word_1_210' title='bbox 840 2906 1016 2972; x_wconf 88' lang='lat' dir='ltr'>uiam</span> <span class='ocrx_word' id='word_1_211' title='bbox 1068 2906 1154 2971; x_wconf 87' lang='lat' dir='ltr'>ad</span> <span class='ocrx_word' id='word_1_212' title='bbox 1199 2913 1450 2993; x_wconf 90' lang='lat' dir='ltr'>partem</span> <span class='ocrx_word' id='word_1_213' title='bbox 1490 2906 1983 2978; x_wconf 84' lang='lat' dir='ltr'>meridionalem</span> <span class='ocrx_word' id='word_1_214' title='bbox 2016 2906 2098 2973; x_wconf 89' lang='lat' dir='ltr'>ad</span> <span class='ocrx_word' id='word_1_215' title='bbox 2135 2904 2300 2971; x_wconf 87' lang='lat' dir='ltr'>duas</span> <span class='ocrx_word' id='word_1_216' title='bbox 2332 2907 2561 2984; x_wconf 87' lang='lat' dir='ltr'>metas,</span> 
     </span>
     <span class='ocr_line' id='line_1_26' title="bbox 318 3012 2566 3100; baseline -0.002 -22"><span class='ocrx_word' id='word_1_217' title='bbox 318 3032 439 3095; x_wconf 90' lang='lat' dir='ltr'>que</span> <span class='ocrx_word' id='word_1_218' title='bbox 475 3020 691 3080; x_wconf 84' lang='lat' dir='ltr'>erecte</span> <span class='ocrx_word' id='word_1_219' title='bbox 723 3021 874 3082; x_wconf 89' lang='lat' dir='ltr'>sunt</span> <span class='ocrx_word' id='word_1_220' title='bbox 905 3013 1077 3081; x_wconf 88' lang='lat' dir='ltr'>circa</span> <span class='ocrx_word' id='word_1_221' title='bbox 1109 3017 1374 3082; x_wconf 87' lang='lat' dir='ltr'>arbores</span> <span class='ocrx_word' id='word_1_222' title='bbox 1426 3014 1551 3098; x_wconf 89' lang='lat' dir='ltr'>piri</span> <span class='ocrx_word' id='word_1_223' title='bbox 1601 3013 1807 3100; x_wconf 86' lang='lat' dir='ltr'>duas,</span> <span class='ocrx_word' id='word_1_224' title='bbox 1857 3012 2277 3096; x_wconf 86' lang='lat' dir='ltr'>distingendo</span> <span class='ocrx_word' id='word_1_225' title='bbox 2326 3017 2566 3076; x_wconf 89' lang='lat' dir='ltr'>terram</span> 
     </span>
     <span class='ocr_line' id='line_1_27' title="bbox 320 3116 2570 3205; baseline -0.001 -22"><span class='ocrx_word' id='word_1_226' title='bbox 320 3120 492 3187; x_wconf 88' lang='lat' dir='ltr'>Eche</span> <span class='ocrx_word' id='word_1_227' title='bbox 548 3122 632 3186; x_wconf 91' lang='lat' dir='ltr'>de</span> <span class='ocrx_word' id='word_1_228' title='bbox 662 3127 839 3189; x_wconf 86' lang='lat' dir='ltr'>terra</span> <span class='ocrx_word' id='word_1_229' title='bbox 872 3122 1166 3188; x_wconf 87' lang='lat' dir='ltr'>Ecclesie</span> <span class='ocrx_word' id='word_1_230' title='bbox 1199 3121 1424 3188; x_wconf 84' lang='lat' dir='ltr'>Sancti</span> <span class='ocrx_word' id='word_1_231' title='bbox 1476 3121 1772 3205; x_wconf 89' lang='lat' dir='ltr'>Nicolai;</span> <span class='ocrx_word' id='word_1_232' title='bbox 1822 3119 1994 3186; x_wconf 80' lang='lat' dir='ltr'>vnde</span> <span class='ocrx_word' id='word_1_233' title='bbox 2026 3118 2274 3186; x_wconf 88' lang='lat' dir='ltr'>directe</span> <span class='ocrx_word' id='word_1_234' title='bbox 2307 3116 2570 3184; x_wconf 89' lang='lat' dir='ltr'>descen-</span> 
     </span>
     <span class='ocr_line' id='line_1_28' title="bbox 322 3225 2574 3315; baseline 0 -26"><span class='ocrx_word' id='word_1_235' title='bbox 322 3225 415 3293; x_wconf 89' lang='lat' dir='ltr'>dit</span> <span class='ocrx_word' id='word_1_236' title='bbox 446 3227 534 3294; x_wconf 87' lang='lat' dir='ltr'>ad</span> <span class='ocrx_word' id='word_1_237' title='bbox 566 3228 828 3296; x_wconf 92' lang='lat' dir='ltr'>fluuium</span> <span class='ocrx_word' id='word_1_238' title='bbox 870 3229 1091 3312; x_wconf 88' lang='lat' dir='ltr'>Kopus</span> <span class='ocrx_word' id='word_1_239' title='bbox 1148 3249 1305 3313; x_wconf 89' lang='lat' dir='ltr'>sepe</span> <span class='ocrx_word' id='word_1_240' title='bbox 1356 3229 1640 3315; x_wconf 86' lang='lat' dir='ltr'>dictum,</span> <span class='ocrx_word' id='word_1_241' title='bbox 1689 3229 1757 3294; x_wconf 90' lang='lat' dir='ltr'>in</span> <span class='ocrx_word' id='word_1_242' title='bbox 1809 3248 1938 3311; x_wconf 91' lang='lat' dir='ltr'>quo</span> <span class='ocrx_word' id='word_1_243' title='bbox 1991 3227 2197 3294; x_wconf 84' lang='lat' dir='ltr'>eciam</span> <span class='ocrx_word' id='word_1_244' title='bbox 2248 3225 2375 3292; x_wconf 90' lang='lat' dir='ltr'>tria</span> <span class='ocrx_word' id='word_1_245' title='bbox 2423 3230 2574 3289; x_wconf 86' lang='lat' dir='ltr'>sunt</span> 
     </span>
     <span class='ocr_line' id='line_1_29' title="bbox 323 3329 2572 3420; baseline -0.001 -21"><span class='ocrx_word' id='word_1_246' title='bbox 323 3334 727 3420; x_wconf 87' lang='lat' dir='ltr'>molendina;</span> <span class='ocrx_word' id='word_1_247' title='bbox 768 3337 842 3401; x_wconf 78' lang='lat' dir='ltr'>&#39;et</span> <span class='ocrx_word' id='word_1_248' title='bbox 890 3335 982 3402; x_wconf 91' lang='lat' dir='ltr'>sic</span> <span class='ocrx_word' id='word_1_249' title='bbox 1035 3343 1202 3403; x_wconf 90' lang='lat' dir='ltr'>mete</span> <span class='ocrx_word' id='word_1_250' title='bbox 1249 3336 1538 3420; x_wconf 90' lang='lat' dir='ltr'>predicte</span> <span class='ocrx_word' id='word_1_251' title='bbox 1578 3333 1756 3401; x_wconf 86' lang='lat' dir='ltr'>Eche</span> <span class='ocrx_word' id='word_1_252' title='bbox 1787 3335 2234 3402; x_wconf 88' lang='lat' dir='ltr'>terminantur.</span> <span class='ocrx_word' id='word_1_253' title='bbox 2282 3331 2423 3397; x_wconf 86' lang='lat' dir='ltr'>Nos</span> <span class='ocrx_word' id='word_1_254' title='bbox 2454 3329 2572 3397; x_wconf 85' lang='lat' dir='ltr'>ita-</span> 
     </span>
     <span class='ocr_line' id='line_1_30' title="bbox 326 3438 2571 3536; baseline -0.001 -30"><span class='ocrx_word' id='word_1_255' title='bbox 326 3461 447 3525; x_wconf 88' lang='lat' dir='ltr'>que</span> <span class='ocrx_word' id='word_1_256' title='bbox 473 3445 759 3527; x_wconf 89' lang='lat' dir='ltr'>ipsorum</span> <span class='ocrx_word' id='word_1_257' title='bbox 791 3443 967 3510; x_wconf 86' lang='lat' dir='ltr'>Petri</span> <span class='ocrx_word' id='word_1_258' title='bbox 1009 3451 1071 3510; x_wconf 90' lang='lat' dir='ltr'>et</span> <span class='ocrx_word' id='word_1_259' title='bbox 1108 3443 1403 3510; x_wconf 83' lang='lat' dir='ltr'>Marcelli</span> <span class='ocrx_word' id='word_1_260' title='bbox 1437 3443 1756 3509; x_wconf 86' lang='lat' dir='ltr'>Comitum</span> <span class='ocrx_word' id='word_1_261' title='bbox 1789 3442 1985 3508; x_wconf 88' lang='lat' dir='ltr'>iustis</span> <span class='ocrx_word' id='word_1_262' title='bbox 2019 3439 2448 3536; x_wconf 78' lang='lat' dir='ltr'>peticionibus</span> <span class='ocrx_word' id='word_1_263' title='bbox 2481 3438 2571 3504; x_wconf 92' lang='lat' dir='ltr'>in-</span> 
     </span>
     <span class='ocr_line' id='line_1_31' title="bbox 326 3544 2573 3638; baseline -0.003 -24"><span class='ocrx_word' id='word_1_264' title='bbox 326 3548 563 3636; x_wconf 83' lang='lat' dir='ltr'>clinati,</span> <span class='ocrx_word' id='word_1_265' title='bbox 612 3572 836 3618; x_wconf 87' lang='lat' dir='ltr'>cursus</span> <span class='ocrx_word' id='word_1_266' title='bbox 887 3560 1198 3619; x_wconf 84' lang='lat' dir='ltr'>metarum</span> <span class='ocrx_word' id='word_1_267' title='bbox 1239 3552 1724 3638; x_wconf 87' lang='lat' dir='ltr'>possessionum</span> <span class='ocrx_word' id='word_1_268' title='bbox 1765 3550 2199 3635; x_wconf 85' lang='lat' dir='ltr'>predictarum</span> <span class='ocrx_word' id='word_1_269' title='bbox 2240 3549 2307 3614; x_wconf 92' lang='lat' dir='ltr'>in</span> <span class='ocrx_word' id='word_1_270' title='bbox 2340 3544 2573 3612; x_wconf 88' lang='lat' dir='ltr'>litteris</span> 
     </span>
     <span class='ocr_line' id='line_1_32' title="bbox 328 3654 2574 3746; baseline -0.002 -25"><span class='ocrx_word' id='word_1_271' title='bbox 328 3656 483 3725; x_wconf 90' lang='lat' dir='ltr'>dicti</span> <span class='ocrx_word' id='word_1_272' title='bbox 515 3659 802 3745; x_wconf 85' lang='lat' dir='ltr'>Capituli</span> <span class='ocrx_word' id='word_1_273' title='bbox 834 3659 1154 3746; x_wconf 82' lang='lat' dir='ltr'>Budensis</span> <span class='ocrx_word' id='word_1_274' title='bbox 1186 3666 1521 3728; x_wconf 89' lang='lat' dir='ltr'>contentos</span> <span class='ocrx_word' id='word_1_275' title='bbox 1562 3658 1951 3729; x_wconf 85' lang='lat' dir='ltr'>auctoritate</span> <span class='ocrx_word' id='word_1_276' title='bbox 1985 3654 2395 3742; x_wconf 86' lang='lat' dir='ltr'>presencium</span> <span class='ocrx_word' id='word_1_277' title='bbox 2429 3672 2574 3718; x_wconf 87' lang='lat' dir='ltr'>con·</span> 
     </span>
     <span class='ocr_line' id='line_1_33' title="bbox 329 3760 2576 3854; baseline -0.004 -22"><span class='ocrx_word' id='word_1_278' title='bbox 329 3768 675 3852; x_wconf 76' lang='lat' dir='ltr'>firmamuS,</span> <span class='ocrx_word' id='word_1_279' title='bbox 724 3767 1050 3854; x_wconf 90' lang='lat' dir='ltr'>dupplicis</span> <span class='ocrx_word' id='word_1_280' title='bbox 1100 3766 1304 3853; x_wconf 85' lang='lat' dir='ltr'>sigilli</span> <span class='ocrx_word' id='word_1_281' title='bbox 1355 3766 1555 3834; x_wconf 90' lang='lat' dir='ltr'>nostri</span> <span class='ocrx_word' id='word_1_282' title='bbox 1607 3766 1962 3833; x_wconf 89' lang='lat' dir='ltr'>munimine</span> <span class='ocrx_word' id='word_1_283' title='bbox 1995 3766 2399 3832; x_wconf 88' lang='lat' dir='ltr'>roborantes.</span> <span class='ocrx_word' id='word_1_284' title='bbox 2445 3760 2576 3824; x_wconf 88' lang='lat' dir='ltr'>Da·</span> 
     </span>
     <span class='ocr_line' id='line_1_34' title="bbox 329 3867 2579 3961; baseline -0.003 -23"><span class='ocrx_word' id='word_1_285' title='bbox 329 3879 457 3938; x_wconf 92' lang='lat' dir='ltr'>tum</span> <span class='ocrx_word' id='word_1_286' title='bbox 490 3896 608 3961; x_wconf 91' lang='lat' dir='ltr'>per</span> <span class='ocrx_word' id='word_1_287' title='bbox 637 3895 872 3943; x_wconf 87' lang='lat' dir='ltr'>manus</span> <span class='ocrx_word' id='word_1_288' title='bbox 922 3874 1313 3943; x_wconf 85' lang='lat' dir='ltr'>venerabilis</span> <span class='ocrx_word' id='word_1_289' title='bbox 1354 3872 1477 3941; x_wconf 82' lang='lat' dir='ltr'>viri</span> <span class='ocrx_word' id='word_1_290' title='bbox 1509 3872 1803 3956; x_wconf 84' lang='lat' dir='ltr'>Magistri</span> <span class='ocrx_word' id='word_1_291' title='bbox 1853 3870 2154 3957; x_wconf 87' lang='lat' dir='ltr'>Nicolai,</span> <span class='ocrx_word' id='word_1_292' title='bbox 2203 3871 2412 3936; x_wconf 88' lang='lat' dir='ltr'>Electi</span> <span class='ocrx_word' id='word_1_293' title='bbox 2464 3867 2579 3932; x_wconf 87' lang='lat' dir='ltr'>Ec-</span> 
     </span>
     <span class='ocr_line' id='line_1_35' title="bbox 332 3973 2583 4069; baseline -0.004 -22"><span class='ocrx_word' id='word_1_294' title='bbox 332 3981 525 4049; x_wconf 85' lang='lat' dir='ltr'>clesie</span> <span class='ocrx_word' id='word_1_295' title='bbox 556 3981 867 4051; x_wconf 86' lang='lat' dir='ltr'>Albensis</span> <span class='ocrx_word' id='word_1_296' title='bbox 888 4033 907 4069; x_wconf 94' lang='lat'><em>,</em></span> <span class='ocrx_word' id='word_1_297' title='bbox 956 3984 1108 4050; x_wconf 90' lang='lat' dir='ltr'>aule</span> <span class='ocrx_word' id='word_1_298' title='bbox 1160 3988 1375 4050; x_wconf 85' lang='lat' dir='ltr'>nostre</span> <span class='ocrx_word' id='word_1_299' title='bbox 1414 3980 1981 4064; x_wconf 84' lang='lat' dir='ltr'>Vice-Gancellarij</span> <span class='ocrx_word' id='word_1_300' title='bbox 2022 3977 2244 4044; x_wconf 90' lang='lat' dir='ltr'>dilecti</span> <span class='ocrx_word' id='word_1_301' title='bbox 2277 3984 2340 4044; x_wconf 95' lang='lat' dir='ltr'>et</span> <span class='ocrx_word' id='word_1_302' title='bbox 2371 3973 2583 4043; x_wconf 84' lang='lat' dir='ltr'>fidelis</span> 
     </span>
    </p>
   </div>
   <div class='ocr_carea' id='block_1_4' title="bbox 331 4080 2584 4282">
    <p class='ocr_par' dir='ltr' id='par_1_4' title="bbox 331 4080 2584 4282">
     <span class='ocr_line' id='line_1_36' title="bbox 331 4080 2584 4173; baseline -0.005 -19"><span class='ocrx_word' id='word_1_303' title='bbox 331 4088 571 4173; x_wconf 85' lang='lat' dir='ltr'>nostri,</span> <span class='ocrx_word' id='word_1_304' title='bbox 648 4111 820 4156; x_wconf 87' lang='lat' dir='ltr'>anno</span> <span class='ocrx_word' id='word_1_305' title='bbox 869 4089 1133 4156; x_wconf 91' lang='lat' dir='ltr'>Domini</span> <span class='ocrx_word' id='word_1_306' title='bbox 1186 4088 1535 4155; x_wconf 90' lang='lat' dir='ltr'>millesimo</span> <span class='ocrx_word' id='word_1_307' title='bbox 1599 4086 2041 4155; x_wconf 87' lang='lat' dir='ltr'>ducentesimo</span> <span class='ocrx_word' id='word_1_308' title='bbox 2105 4080 2584 4171; x_wconf 85' lang='lat' dir='ltr'>septuagesimo</span> 
     </span>
     <span class='ocr_line' id='line_1_37' title="bbox 332 4195 2432 4282; baseline 0 -24"><span class='ocrx_word' id='word_1_309' title='bbox 332 4214 515 4282; x_wconf 87' lang='lat' dir='ltr'>nono,</span> <span class='ocrx_word' id='word_1_310' title='bbox 570 4196 774 4279; x_wconf 84' lang='lat' dir='ltr'>Regni</span> <span class='ocrx_word' id='word_1_311' title='bbox 811 4201 1026 4262; x_wconf 90' lang='lat' dir='ltr'>autem</span> <span class='ocrx_word' id='word_1_312' title='bbox 1060 4195 1266 4263; x_wconf 86' lang='lat' dir='ltr'>nostri</span> <span class='ocrx_word' id='word_1_313' title='bbox 1308 4214 1479 4262; x_wconf 90' lang='lat' dir='ltr'>anno</span> <span class='ocrx_word' id='word_1_314' title='bbox 1513 4199 1767 4261; x_wconf 85' lang='lat' dir='ltr'>octauo.</span> <span class='ocrx_word' id='word_1_315' title='bbox 2425 4200 2432 4204; x_wconf 81' lang='grc'><em>“</em></span> 
     </span>
    </p>
   </div>
   <div class='ocr_carea' id='block_1_5' title="bbox 336 4442 2586 4603">
    <p class='ocr_par' dir='ltr' id='par_1_5' title="bbox 336 4442 2586 4603">
     <span class='ocr_line' id='line_1_38' title="bbox 336 4442 2583 4517; baseline -0.004 -19"><span class='ocrx_word' id='word_1_316' title='bbox 336 4448 405 4513; x_wconf 88' lang='lat'>(1.</span> <span class='ocrx_word' id='word_1_317' title='bbox 441 4445 603 4514; x_wconf 78' lang='lat' dir='ltr'>Lajos</span> <span class='ocrx_word' id='word_1_318' title='bbox 650 4443 941 4515; x_wconf 58' lang='lat' dir='ltr'>kiralynak</span> <span class='ocrx_word' id='word_1_319' title='bbox 994 4443 1148 4501; x_wconf 72' lang='lat'>1367.</span> <span class='ocrx_word' id='word_1_320' title='bbox 1192 4448 1378 4517; x_wconf 85' lang='lat' dir='ltr'>„Bude</span> <span class='ocrx_word' id='word_1_321' title='bbox 1425 4445 1575 4509; x_wconf 79' lang='lat' dir='ltr'>feria¹</span> <span class='ocrx_word' id='word_1_322' title='bbox 1599 4445 1798 4513; x_wconf 78' lang='lat' dir='ltr'>quarta</span> <span class='ocrx_word' id='word_1_323' title='bbox 1822 4446 2064 4513; x_wconf 82' lang='lat' dir='ltr'>proxima</span> <span class='ocrx_word' id='word_1_324' title='bbox 2089 4451 2215 4495; x_wconf 84' lang='lat' dir='ltr'>ante</span> <span class='ocrx_word' id='word_1_325' title='bbox 2242 4442 2583 4495; x_wconf 80' lang='lat' dir='ltr'>Dominicam</span> 
     </span>
     <span class='ocr_line' id='line_1_39' title="bbox 338 4531 2586 4603; baseline -0.004 -15"><span class='ocrx_word' id='word_1_326' title='bbox 338 4535 527 4589; x_wconf 82' lang='lat' dir='ltr'>Oculi“</span> <span class='ocrx_word' id='word_1_327' title='bbox 572 4539 786 4590; x_wconf 83' lang='lat' dir='ltr'>kiadott</span> <span class='ocrx_word' id='word_1_328' title='bbox 812 4537 1132 4603; x_wconf 72' lang='lat' dir='ltr'>megeriisito&#39;</span> <span class='ocrx_word' id='word_1_329' title='bbox 1161 4534 1543 4601; x_wconf 71' lang='lat' dir='ltr'>okmanyabbl,</span> <span class='ocrx_word' id='word_1_330' title='bbox 1581 4535 1787 4600; x_wconf 77' lang='lat' dir='ltr'>melyet</span> <span class='ocrx_word' id='word_1_331' title='bbox 1824 4533 1946 4587; x_wconf 64' lang='lat' dir='ltr'>kert</span> <span class='ocrx_word' id='word_1_332' title='bbox 1985 4534 2207 4602; x_wconf 83' lang='lat' dir='ltr'>„Comes</span> <span class='ocrx_word' id='word_1_333' title='bbox 2235 4531 2494 4583; x_wconf 72' lang='lat' dir='ltr'>Nicolaus</span> <span class='ocrx_word' id='word_1_334' title='bbox 2520 4531 2586 4581; x_wconf 78' lang='lat' dir='ltr'>de</span> 
     </span>
    </p>
   </div>
  </div>
 </body>
</html>
