3319 5249
1324 440 1373 449 -
1422 353 1553 421 469

1413 954 1567 1021 336.

332 1133 463 1199 JV.
496 1131 738 1198 Ldszld
785 1134 1141 1216 kirdlynak
1198 1135 1383 1199 Zuda
1421 1142 1585 1199 nevil
1623 1136 1842 1221 fo'ldet
1872 1140 2184 1224 tdrqyozd
2231 1138 2606 1224 adomdnya

515 1241 813 1325 Zemple'n
847 1245 1177 1325 va‘rmcqye
1209 1241 1347 1306 tb‘bb
1380 1243 1821 1330 va'rjobbdyya
1853 1249 2179 1312 szdmdra.
2217 1245 2415 1311 12⁷8.

555 1417 905 1485 Ladizlaus
959 1419 1083 1484 Dci
1167 1418 1391 1503 gracia
1441 1420 1794 1505 Hungarie‚
1877 1421 2234 1507 Dalmacie,
2300 1420 2604 1505 Oroacie,

321 1530 557 1611 Rame,
579 1524 841 1603 Sernie,‘
865 1524 1161 1611 Gallicis,
1196 1526 1602 1611 Lodomerie,
1640 1528 1954 1595 Cumanie
1985 1529 2422 1614 Bulgarieque
2454 1530 2595 1595 Rex

309 1635 633 1703 omnibus
663 1631 903 1698 Christi
938 1629 1238 1699 fidelibus
1270 1639 1632 1718 presentem
1665 1634 1976 1719 paginam
2006 1636 2404 1721 inspecturis
2422 1635 2597 1704 salu·

325 1750 461 1809 tem
491 1742 563 1808 in
595 1738 877 1807 omnium
912 1739 1261 1806 saluatore.
1324 1741 1427 1807 Ad
1488 1740 1932 1808 uniuersorum
1993 1742 2300 1809 noticiam
2364 1749 2587 1810 tenore

322 1847 733 1936 presencium
765 1845 1063 1912 uolumus
1095 1849 1476 1932 peruenire;
1513 1848 1689 1932 quod
1719 1848 1952 1917 Comes
1982 1849 2354 1918 Demetrius
2409 1851 2584 1920 filius

321 1957 590 2024 Andree
610 1954 692 2020 de
723 1973 965 2039 genere
994 1953 1178 2020 Rusd
1211 1952 1296 2019 ad
1327 1960 1613 2022 nostram
1635 1956 1960 2025 accedens
1980 1958 2389 2041 presenciam
2410 1980 2452 2025 a
2483 1979 2598 2027 no-

310 2063 423 2131 'bis
461 2063 933 2131 instantissime
966 2061 1398 2147 supplicando
1430 2064 1811 2149 postulauit,
1862 2071 1932 2131 ut
1961 2063 2289 2148 quandam
2340 2071 2588 2132 terram

306 2171 509 2239 Zuda
538 2177 863 2256 vocatam,
895 2170 1106 2236 Castri
1140 2170 1345 2236 nostri
1378 2169 1462 2235 de
1491 2172 1783 2257 Zemlen‚
1818 2191 1946 2255 que
1976 2170 2190 2238 eidem
2226 2193 2343 2257 per
2373 2172 2580 2238 domi-

314 2301 479 2348 num
509 2280 753 2363 Regem
785 2277 1187 2362 Stephanum
1239 2284 1491 2363 patrem
1544 2285 1837 2345 nostrum
1886 2278 2307 2347 karissimum
2341 2280 2585 2347 collata

310 2386 533 2454 fuerat
563 2406 709 2453 cum
743 2385 1096 2471 priuilegio
1121 2403 1240 2451 suo
1285 2384 1674 2469 roborando,
1722 2393 1789 2452 et
1835 2405 1954 2471 per
1997 2405 2120 2453 nos
2169 2384 2585 2474 postmodum

308 2494 526 2580 ipsius
558 2491 892 2565 karissimi
921 2492 1130 2576 patris
1160 2489 1367 2559 nostri
1397 2491 1675 2559 donacio
1705 2494 2105 2579 confirmata,
2152 2490 2491 2561 Lukachio
2520 2499 2589 2560 et

317 2604 496 2669 Ezen
553 2600 711 2686 filijs
776 2600 1036 2669 Andree
1085 2596 1552 2668 dimidietatem
1616 2600 1821 2684 ipsius
1886 2607 2092 2685 terre;
2155 2601 2311 2669 item
2372 2601 2576 2669 aliam

298 2710 785 2778 dimidietatem
814 2708 1094 2780 Johanni
1120 2707 1245 2796 (et)
1291 2708 1595 2776 Michaeli
1629 2709 1779 2794 filijs
1842 2709 2189 2796 Kecchem,
2254 2717 2317 2776 et
2379 2710 2574 2777 Luka

306 2818 598 2903 patrueli
633 2815 1021 2902 eorumdem,
1056 2815 1492 2884 seruientibus
1524 2815 1684 2903 suis,
1713 2817 1873 2883 dare
1904 2824 1971 2884 et
2004 2819 2298 2884 conferre
2331 2814 2413 2881 de
2463 2817 2572 2884 be·

307 2926 633 3011 nignitate
663 2925 868 3008 Regia
897 2924 1339 3008 dignaremur.
1375 2925 1507 2990 Nos
1539 2924 1737 3008 igitur
1785 2924 2217 2992 consideratis
2265 2924 2566 3009 seruicijs
2659 2997 2674 3013 ἱ

309 3042 374 3100 et
403 3032 826 3101 fidelitatibus
856 3032 1254 3115 prefatorum
1291 3033 1570 3098 filiorum
1635 3033 1894 3100 Andree
1941 3039 2010 3099 et
2056 3032 2401 3116 Kecchem,
2450 3052 2580 3115 que

298 3138 512 3223 -ijdem
546 3159 689 3205 cum
722 3138 894 3205 omni
919 3136 1170 3205 feruore
1196 3136 1535 3203 fidelitatis
1566 3137 1634 3201 in
1681 3137 1979 3204 omnibus
2031 3138 2566 3222 expedicionibus

310 3246 521 3330 Regni
550 3244 774 3327 nostri,
809 3264 881 3312 se
912 3245 1188 3311 diuersis
1217 3244 1471 3311 fortune
1504 3246 1766 3311 casibus
1799 3245 2253 3330 submittendo,
2286 3245 2565 3312 fideliter

302 3351 761 3437 inpenderunt,
795 3348 1117 3435 prefatam
1151 3359 1386 3417 terram
1417 3349 1623 3431 Zuda‚
1672 3370 1817 3416 cum
1852 3351 2148 3417 omnibus
2199 3351 2564 3419 vtiltatibus

298 3467 373 3524 et
402 3458 829 3544 pertinencijs
869 3456 1026 3545 suis,
1061 3459 1437 3524 memoratis
1470 3457 1829 3544 Lukachio,
1867 3459 2062 3545 Ezen,
2095 3458 2403 3546 Johanni,
2453 3461 2571 3526 Mi-

292 3567 521 3633 chaeli
553 3572 621 3633 et
635 3566 827 3631 Luka
858 3567 997 3632 iure
1031 3573 1363 3652 perpetuO,
1398 3576 1463 3632 et
1495 3566 1559 3630 in
1594 3565 1907 3632 heredum
1937 3564 2231 3650 heredes,
2263 3566 2567 3636 duximus

302 3674 783 3758 conferendam,
813 3674 934 3741 sub
964 3673 1210 3739 eisdem
1244 3673 1430 3739 metis
1463 3681 1529 3739 et
1559 3673 1852 3739 terminis
1877 3726 1893 3756 ,
1924 3675 2158 3757 quibus
2210 3694 2326 3759 per
2360 3675 2567 3741 Comi-

301 3792 432 3848 tem
465 3780 862 3848 Demetrium
894 3779 1212 3866 prefatum
1246 3780 1523 3845 limitata
1554 3778 1768 3846 fuerat
1801 3787 1867 3844 et
1896 3800 2218 3864 possessa.
2252 3780 2328 3846 In
2375 3781 2566 3847 cuius

294 3890 395 3956 rei
447 3888 821 3954 memoriam
875 3895 1383 3972 perpetuamque
1432 3887 1804 3954 firmitatem
1859 3897 2196 3972 presentes
2246 3891 2565 3957 concessi-

300 4018 442 4064 mus
473 3996 726 4063 litteras
758 3996 1081 4082 dupplicis
1114 3996 1311 4081 sigilli
1363 3996 1566 4063 nostri
1598 3996 1952 4062 munimine
2004 3997 2370 4063 roboratas.
2422 3997 2557 4062 Da-

299 4113 435 4170 tum
467 4125 582 4190 per
612 4123 842 4172 manus
893 4104 1291 4171 venerabilis
1320 4104 1442 4171 viri
1507 4104 1806 4187 Magistri
1837 4103 2152 4170 Johannis
2210 4105 2560 4188 Prepositi.

296 4211 642 4298 Budensis,
671 4210 977 4279 Albensis
1004 4211 1298 4279 Ecclesie
1342 4213 1572 4297 Electi,
1639 4210 1786 4278 aule
1820 4220 2036 4278 nostre
2088 4210 2244 4277 Vice
2288 4212 2556 4278 Cancel-

287 4319 445 4403 larij
481 4319 705 4386 dilecti
734 4326 798 4386 et
829 4318 1041 4386 fidelis
1072 4319 1299 4386 nostri.
1322 4319 1510 4385 Anno
1542 4318 1807 4386 Domini
1830 4316 2288 4385 M⁰CO⁰LXX⁰
2318 4326 2554 4384 octauo

290 4426 508 4510 Regni
541 4432 756 4492 autem
784 4429 990 4494 nostri
1021 4446 1194 4493 anno
1224 4428 1521 4512 septimo.

297 4551 578 4616 (Eredetie
602 4548 950 4617 borhartyan,
978 4566 1011 4603 a
1035 4549 1219 4618 peccet
1242 4553 1543 4615 elveszett3
1570 4566 1603 4603 a
1629 4550 1779 4603 molt.
1826 4547 1956 4602 baro
1979 4546 2214 4615 Pereuyi
2259 4547 2447 4604 csalid
2479 4551 2555 4601 le·

1243 4637 1606 4707 veltiraban.)
