3319 5249
1710 519 1730 527 ω
1807 418 1946 495 420

747 615 881 693 suis
911 624 1280 711 piscaturis,
1312 622 1704 710 Temerken,
1740 626 1928 703 Keer‚
1983 622 2257 708 Paducy
2286 641 2436 688 cum
2466 627 2639 690 terra
2668 621 2852 706 Agar
2890 644 2995 692 vo·

744 738 897 799 cata
929 740 993 800 et
1023 733 1357 819 piscatura
1406 730 1749 816 Agarfoka
1780 739 1844 799 et
1874 730 2165 815 Agartho
2214 731 2504 813 vocatis3
2554 731 2708 799 item
2738 729 2990 817 Chaka,

738 838 977 924 Pasan,
1010 841 1174 905 Zent
1203 838 1457 922 Miklos,
1493 859 1638 904 cum
1671 838 2018 923 piscaturis
2064 837 2412 924 Patoktbo,
2446 836 2743 905 Chakato
2777 845 2843 904 et
2875 840 2993 905 Pa·

741 953 928 1013 santo
990 946 1243 1013 vocatis
1305 945 1373 1010 in
1438 945 1847 1029 longitudine
1899 953 1964 1011 et
2020 943 2367 1013 latitudine
2398 969 2414 1029 ;
2467 945 2623 1012 item
2673 944 2992 1013 medietas

740 1051 1175 1139 possessionis
1209 1050 1405 1134 Beel;
1440 1052 1594 1117 item
1620 1052 1941 1120 medietas
1974 1052 2404 1136 possessionis
2435 1051 2801 1136 Kwkener3
2837 1054 2991 1120 item

742 1159 1054 1227 medietas
1090 1157 1520 1245 possessionis
1540 1158 1739 1244 Pabe,
1763 1164 1829 1223 et
1859 1160 2183 1226 medietas
2214 1159 2646 1245 possessionis
2678 1160 3000 1242 Zambur;

744 1253 893 1333 item
927 1264 1243 1331 medietas
1274 1264 1706 1350 possessionis
1745 1265 2026 1331 Chawas
2059 1286 2206 1331 eum
2237 1266 2379 1331 loco
2411 1263 2804 1349 molendini3
2841 1266 2992 1331 item

751 1373 1069 1440 medietas
1102 1370 1535 1457 possessionis
1566 1370 1967 1440 Kalanteluk
2028 1372 2332 1439 similiter
2381 1393 2527 1439 cum
2575 1372 2721 1438 loco
2754 1371 2989 1438 molen-

754 1479 909 1546 dini.
939 1480 1024 1543 Et
1055 1478 1210 1562 quia
1235 1480 1478 1563 >peticio
1510 1478 1715 1562 ipsius
1747 1479 2016 1545 Comitis
2066 1477 2316 1546 Thome
2360 1478 2498 1545 fore
2529 1479 2704 1545 iusta
2735 1477 2996 1545 videba-

750 1595 855 1651 tur
901 1591 965 1650 et
995 1582 1171 1651 cordi
1201 1589 1422 1650 nostro
1470 1568 1663 1651 valde
1693 1584 2001 1670 placida;
2066 1586 2183 1652 sed
2222 1606 2350 1652 non
2416 1587 2759 1655 constabat
2789 1588 2995 1671 nobis,

737 1700 962 1758 vtrum
996 1692 1139 1777 ipse
1170 1692 1622 1777 possessiones
1655 1708 1774 1756 sue
1824 1690 2084 1779 fuerint,
2151 1699 2216 1758 et
2253 1691 2342 1759 ad
2370 1693 2587 1777 ipsum
2619 1695 2831 1760 solum
2864 1713 2998 1779 per-

756 1798 1072 1880 tinerent,
1137 1797 1284 1862 ideo
1334 1796 1700 1865 venerabili
1748 1799 1814 1863 in
1850 1797 2109 1865 Christo
2157 1800 2333 1885 patri
2396 1799 2657 1866 domino
2690 1800 3002 1884 Gregorio

753 1902 1078 1988 Episcopo
1115 1912 1179 1968 et
1212 1904 1509 1989 Capitnlo
1540 1903 2021 1972 Chanadiensis
2071 1904 2364 1972 Ecclesie
2414 1905 2715 1973 fidelibus
2767 1905 3001 1973 nostris

756 2009 1136 2076 litteratorie
1172 2007 1463 2076 dedimus
1492 2012 1563 2076 in
1602 2011 1967 2095 mandatis;
2022 2012 2194 2095 quod
2224 2014 2603 2079 conuocatis
2657 2018 3002 2079 commeta·

756 2114 896 2181 neis
922 2123 987 2181 et
1015 2115 1252 2182 vicinis
1281 2116 1726 2200 predictarum
1747 2118 2249 2203 possessionum,
2281 2126 2346 2184 et
2378 2119 2658 2186 maxime
2678 2118 3002 2186 nobilibus

749 2222 830 2288 de
862 2242 1099 2305 genere
1138 2224 1427 2291 eiusdem
1476 2224 1747 2290 Comitis
1777 2225 2026 2293 'rhome
2043 2277 2062 2311 ,
2116 2248 2262 2295 cum
2317 2218 2550 2311 quibus
2583 2246 2806 2293 omnes
2841 2225 3003 2293 alias

746 2330 1195 2412 possessiones
1228 2351 1379 2399 suas
1421 2331 1848 2398 communiter
1880 2353 1949 2398 se
1980 2332 2241 2400 dicebat
2301 2332 2662 2420 possidere,
2695 2336 2913 2401 sciant
2943 2337 3005 2400 et

745 2434 1081 2516 inquirant
1110 2433 1553 2503 omnimodam
1588 2435 1951 2523 veritatem,
1995 2445 2205 2504 vtrum
2236 2438 2527 2523 predicte
2559 2440 3005 2525 possessiones

749 2540 835 2605 ad
868 2542 1080 2626 ipsum
1109 2541 1314 2608 solum
1359 2541 1677 2609 Comitem
1730 2542 2045 2608 Thomam
2107 2544 2173 2608 in
2222 2546 2622 2630 proprietate
2670 2552 2738 2611 et
2789 2545 2858 2610 in
2890 2566 3006 2612 vsu

748 2646 1070 2718 fructuum
1100 2649 1464 2734 pertineant
1488 2701 1508 2737 ,
1560 2671 1646 2715 an
1696 2670 1840 2715 cum
1902 2649 2057 2732 alijs
2108 2650 2435 2717 nobilibus
2468 2651 2547 2717 de
2579 2653 3004 2734 generacione

750 2773 909 2836 sua;
943 2760 1008 2820 et
1038 2754 1206 2822 sicut
1238 2756 1331 2821 eis
1360 2755 1609 2824 veritas
1644 2757 1730 2822 de
1762 2756 2095 2842 premissis
2128 2765 2194 2822 et
2224 2757 2506 2840 singulis
2546 2758 3004 2841 premissorum

751 2860 1182 2948 constitisset,
1247 2864 1432 2929 nobis
1483 2863 1772 2933 seriatim
1843 2864 2195 2930 rescribere
2246 2863 2645 2931 debuissent.
2713 2865 3002 2931 Tandem

746 2966 944 3052 ijdem
975 2968 1333 3053 Episcopus
1364 2978 1430 3035 et
1479 2970 1858 3057 Capitulum
1916 2971 2105 3038 nobis
2156 2971 2629 3055 rescripserunt
2711 2972 2780 3037 in
2835 2973 3000 3039 hunc

749 3072 1042 3160 modum;
1092 3076 1264 3159 quod
1326 3097 1471 3143 cum
1520 3097 1640 3144 nos
1697 3080 2247 3146 conuocacionem
2312 3084 2377 3144 et
2427 3080 3001 3163 congregacionem

748 3182 943 3248 trium
992 3181 1430 3251 Comitatuum
1449 3234 1469 3268 ,
1521 3179 1832 3250 videlicet
1884 3183 2413 3250 Themessiensis
2437 3233 2454 3266 ‚
2520 3183 2897 3250 Orodiensis
2944 3188 3004 3248 et

748 3285 1224 3355 Chanadiensis
1257 3309 1375 3373 per
1406 3289 1791 3373 Magistrum
1822 3289 2179 3357 Martinam
2241 3290 2485 3356 dictum
2516 3289 2823 3356 Palacbk
2854 3288 3002 3355 fide·

751 3394 882 3461 lem
910 3402 1202 3460 nostrum
1235 3394 1628 3462 authoritate
1658 3403 1890 3461 nostra
1921 3397 2131 3478 Regia
2182 3416 2297 3480 pro
2333 3395 2718 3479 quibusdam
2770 3396 3000 3463 nostris

752 3501 1041 3586 negocijs
1074 3502 1460 3585 peragendis
1502 3502 1640 3569 fieri
1693 3504 1763 3569 in
1795 3502 2181 3569 Chanadino
2231 3504 2674 3586 iussissemus;
2727 3503 2868 3588 ipse
2897 3503 3002 3569 do.

761 3610 974 3677 minus
1005 3606 1364 3693 Episcopus
1383 3614 1446 3673 et
1465 3608 1833 3693 Capitulum
1861 3609 2334 3675 Chanadiensis
2367 3609 2661 3676 Ecclesie
2694 3609 2775 3676 de
2793 3616 3003 3676 nostro

763 3714 1093 3798 mandato,
1126 3720 1197 3779 vt
1227 3714 1666 3803 premisimus,
1735 3718 1817 3782 ab
1856 3715 2153 3798 omnibus
2185 3715 2420 3782 vicinis
2453 3721 2517 3784 et
2549 3716 3004 3785 commetaneis

759 3819 1172 3909 presentibus
1204 3819 1274 3885 in
1306 3822 1537 3890 eadem
1587 3811 2107 3908 congregacione
2125 3876 2142 3908 ,
2200 3830 2265 3889 et
2295 3823 2677 3910 specialiter
2708 3845 2751 3892 a
2782 3824 3006 3892 nobili·

759 3929 880 3997 bus
913 3935 977 3993 et
1007 3927 1319 3996 fratribus
1347 3931 1750 4013 patruelibus
1776 3931 1859 3999 de
1879 3951 2116 4015 genere
2138 3932 2431 3999 eiusdem
2459 3931 2724 3999 Comitis
2746 3933 3006 4017 Thome,

758 4037 1062 4104 videlicet
1093 4037 1330 4104 Makou
1362 4039 1541 4105 Bano
1574 4040 1710 4106 filio
1742 4042 1909 4125 Isac,
1947 4039 2259 4123 Gregorio
2312 4039 2445 4106 filio
2478 4038 2665 4125 Elek,
2713 4039 3006 4107 Dionisio

764 4151 830 4211 et
861 4145 1175 4230 Gregorio
1208 4145 1361 4231 filijs
1381 4146 1675 4233 Chanad,
1696 4149 2038 4215 Dominico
2073 4147 2377 4214 Barnaba
2409 4153 2471 4212 et
2501 4144 2823 4213 Michaele
2854 4147 3007 4232 filijs

765 4250 1031 4320 Comitis
1061 4252 1378 4337 Barnabe,
1411 4254 1763 4321 Benedicto
1811 4254 1944 4320 filio
1977 4253 2280 4339 Philippi,
2313 4252 2654 4320 Theodoro
2687 4258 2752 4318 et
2781 4250 3005 4320 Ireneo

764 4356 918 4441 filijs
949 4357 1289 4444 Dominici,
1324 4377 1403 4425 ac
1449 4360 1637 4427 Petro
1676 4359 1811 4426 filio
1845 4359 2058 4444 Wgud
2122 4358 2186 4424 in
2218 4356 2448 4434 eadem
2497 4358 3006 4441 congregacione

764 4462 1208 4551 existentibus,
1239 4465 1497 4549 publice
1518 4464 1924 4551 assurgendo
1956 4465 2366 4551 quesiuisset,
2403 4465 2488 4531 de
2517 4462 2828 4548 predictis
2858 4485 3002 4549 pos·

765 4569 1163 4638 sessionibus
1193 4574 1664 4657 proprietatem
1715 4575 2097 4642 attributam
2149 4572 2444 4657 predicto
2495 4570 2731 4638 Comiti
2763 4571 3001 4640 'rhome

764 4674 902 4744 filio
931 4675 1281 4763 Pangracij
1304 4728 1323 4764 ,
1374 4685 1438 4744 et
1466 4700 1701 4750 vsuum
1747 4682 2071 4752 fructuum
2103 4675 2456 4750 earundem
2505 4675 2634 4748 sibi
2664 4677 2790 4750 soli
2818 4676 3003 4764 perti·
