3319 5249
1394 341 1526 407 579

1323 856 1477 926 431.

329 1042 383 1108 A
415 1044 619 1109 budai
650 1044 1103 1129 lca'ptalannak
1118 1045 1424 1128 jelentdse
1457 1043 1646 1106 Peter
1694 1037 2193 1126 oraza‘qbirdhoz,
2232 1042 2395 1129 hoqy
2447 1044 2491 1105 I
2500 1042 2567 1106 V.

326 1153 558 1219 Ldszw
586 1153 812 1239 kircily
834 1135 1256 1237 paranc'scira
1308 1149 1378 1215 V.
1419 1150 1639 1215 [st-vein
1693 1151 2049 1235 kircilynak
2092 1149 2341 1217 Takson
2393 1151 2572 1236 hely-

322 1263 487 1345 θέρει
522 1262 836 1345 tcirqyazd
866 1260 1376 1343 adomcinylevele
1407 1261 1729 1336 dciv-atate,
1765 1281 1806 1320 α
1871 1258 2260 1343 nyzilsziyeti
2293 1263 2570 1343 apdcza·

963 1368 1165 1431 zrirda
1197 1372 1520 1434 szdmdra.
1556 1343 1653 1429 Ευ
1685 1364 1928 1429 πέίῘσίὶΖ.

533 1545 683 1611 Viro
714 1544 913 1611 nobili
946 1551 1007 1609 et
1041 1544 1308 1611 honesto
1341 1546 1535 1611 Petro
1587 1544 1805 1612 Judici
1840 1546 2030 1611 Ourie
2083 1541 2326 1608 domini
2367 1541 2569 1629 Regis

319 1651 689 1738 Capitulum
723 1651 1039 1719 Budeusis
1069 1653 1353 1719 Ecclesie
1386 1661 1686 1738 paratum
1722 1654 2009 1718 animum
2041 1651 2126 1719 ad
2180 1653 2320 1718 eius
2369 1652 2567 1718 bene-

312 1759 625 1845 placitum
660 1767 722 1825 et
753 1760 1085 1826 honorem.
1120 1760 1582 1827 Procuratores
1616 1760 1755 1826 siue
1790 1760 2111 1827 officiales
2146 1780 2430 1825 sororum
2485 1759 2568 1826 de

313 1867 543 1933 Insula
574 1868 812 1934 Sancte
844 1867 1045 1933 Marie
1078 1867 1511 1933 exhibuerunt
1543 1867 1732 1932 nobis
1768 1867 2176 1952 priuilegium
2213 1867 2455 1932 domini
2493 1867 2566 1933 L.

311 1973 589 2040 illustris
641 1975 834 2058 Regis
898 1977 1255 2060 Hungarie‚
1307 1975 1416 2040 ubi
1473 1977 1777 2041 insertum
1833 1985 1930 2041 est
1979 1984 2161 2041 tenor
2207 1975 2564 2041 litterarum

311 2083 718 2150 Serenissimi
752 2084 948 2167 Regis
997 2083 1240 2152 domini
1273 2082 1364 2149 St.
1401 2083 1577 2149 clare
1612 2084 1913 2149 memorie
1964 2103 2158 2168 super
2207 2082 2564 2150 donacione

309 2188 485 2256 facta
519 2190 856 2256 cuiusdam
890 2193 1326 2257 terre-Taxun
1360 2196 1584 2257 uocate
1637 2190 1896 2257 domine
1945 2189 2278 2255 Elisabeth
2331 2197 2393 2256 et
2442 2190 2561 2256 Ec·

307 2296 771 2377 clesieSancte
822 2299 1024 2364 Marie
1075 2298 1154 2364 de
1216 2299 1478 2381 Insula3
1543 2304 1831 2383 petentes
1898 2298 2163 2363 rescribi
2226 2295 2549 2380 quendam

306 2404 659 2471 articulum
692 2408 811 2472 sub
862 2413 1080 2472 nostro
1131 2407 1351 2489 sigillo
1404 2406 1634 2473 Uestre
1693 2406 2025 2471 Nobilitati
2075 2402 2548 2501 destinandum,

304 2532 449 2577 cum
482 2513 909 2598 periculosum
943 2521 1081 2580 erat
1114 2514 1206 2579 eis
1226 2515 1435 2599 ipsum
1462 2513 1874 2599 priuilegium
1895 2520 2158 2599 propter
2177 2512 2552 2580 discrimina

303 2620 551 2687 uiarum
588 2622 949 2707 deportare.
986 2622 1179 2689 Cuius
1214 2622 1475 2706 quidem
1510 2622 1768 2690 articult
1801 2630 1983 2690 tenor
2016 2623 2166 2690 talis
2203 2629 2340 2689 est:

519 2730 656 2796 Nos
706 2730 775 2802 in
843 2733 1285 2797 concambium
1338 2731 1651 2797 uillarum
1706 2731 1966 2798 domine
2019 2728 2375 2817 Elysabeth
2426 2730 2558 2797 filie

303 2844 525 2903 nostre
557 2839 898 2906 karissime
953 2847 1015 2904 et
1069 2840 1395 2904 sororibus
1458 2836 1539 2904 de
1602 2839 1826 2904 Insula
1889 2839 2178 2922 Uirginis
2239 2839 2554 2924 Gloriose,

303 2967 467 3028 quas
502 2948 568 3013 in
619 2948 858 3031 Magna
920 2945 1148 3014 Insula
1211 2947 1609 3012 auferentes.
1640 2945 1722 3010 de
1785 2944 2168 3010 dominabus
2231 2944 2556 3010 sororibus

296 3053 602 3138 predictis
631 3059 695 3119 et
729 3055 995 3120 domina
1030 3055 1360 3120 Elisabeth
1394 3055 1532 3120 filia
1564 3060 1784 3119 nostra
1819 3051 2165 3117 comitatui
2197 3051 2278 3116 de
2331 3051 2542 3135 predi-

301 3169 404 3226 cta
455 3161 695 3243 Magna
748 3162 970 3228 Insula
1019 3163 1470 3243 annexuimus,
1526 3161 1821 3227 dedimus
1873 3165 1935 3226 et
1986 3159 2373 3226 contulimus
2425 3160 2550 3244 ipsi

300 3271 561 3337 domine
593 3270 947 3356 Elysabeth
983 3277 1047 3335 et
1079 3270 1403 3336 sororibus
1440 3269 1750 3354 predictis
1785 3274 2021 3334 terram
2072 3268 2300 3334 Toxon
2353 3287 2542 3333 uoca-

298 3389 431 3445 tam
463 3380 530 3443 in
564 3376 881 3444 Comitatu
916 3375 993 3444 de
1026 3379 1217 3444 Peest
1249 3378 1651 3461 existentem,
1688 3377 1796 3443 ubi
1829 3378 2054 3462 populi
2094 3378 2462 3461 Zulgageur
2483 3388 2546 3445 et

299 3487 525 3574 populi
554 3486 867 3571 Ducatus,
905 3506 1168 3568 quorum
1202 3495 1375 3552 terra
1410 3486 1613 3551 eciam
1669 3485 1801 3551 alio
1852 3486 2107 3551 nomine
2164 3485 2381 3571 Zeych
2433 3507 2544 3570 ap·

296 3594 594 3679 pellatur,
629 3592 1023 3675 residebant,
1059 3615 1198 3659 cum
1233 3594 1449 3659 feneto
1484 3593 1671 3660 Brizo
1705 3601 1936 3659 uocato
1971 3601 2037 3659 et
2067 3593 2221 3678 aliis
2256 3594 2548 3660 utilitati·

294 3703 414 3769 bus
447 3709 762 3786 perpetuo
797 3699 1278 3787 possidendam,
1314 3719 1390 3766 eo
1426 3703 1564 3767 iure
1599 3721 1724 3783 quo
1758 3702 1933 3785 apud
1964 3701 2287 3767 Ducatum
2309 3703 2541 3769 existe-

294 3816 393 3876 rat
424 3806 611 3896 (igy),
649 3810 790 3875 sine
823 3808 982 3875 iuris
1016 3806 1370 3894 preiudicio
1405 3808 1623 3893 alieni,
1659 3815 1725 3873 et
1756 3808 1922 3874 sicut
1952 3808 2155 3876 eciam
2208 3810 2542 3878 Rolandus

291 3918 458 3983 filius
488 3919 675 3983 Mark
709 3937 824 4000 per
857 3914 1275 3983 donacionem
1311 3916 1582 3998 Regiam
1616 3915 1803 3982 saluo
1854 3916 1990 3981 iure
2045 3916 2259 3983 alieno
2311 3918 2536 4001 digno·

290 4028 487 4093 scitur
520 4064 606 4075 —-
636 4063 723 4074 -
757 4025 1148 4113 possedisse,
1182 4032 1244 4090 ct
1278 4031 1512 4091 cetera.

504 4133 806 4198 Kivul:
855 4132 1011 4197 Viro
1038 4131 1240 4197 nobili
1273 4129 1508 4196 Gomiti
1539 4130 1733 4197 Petro
1786 4130 2003 4197 Judici
2055 4131 2247 4199 Curie
2297 4131 2536 4201 domini

288 4243 488 4326 Regis
518 4263 712 4327 super
745 4243 918 4310 facto
951 4249 1121 4309 terre
1152 4241 1375 4328 Zeycb
1408 4245 1657 4306 vocat'e.

286 4438 568 4504 (Eredetio
597 4437 947 4509 bothanyhn,
973 4455 1007 4492 a
1029 4435 1307 4508 zirpecset
1331 4438 1609 4500 elveszctt,
1634 4452 1669 4489 a
1717 4437 1883 4490 budai
1927 4439 2030 4493 kir.
2075 4441 2320 4494 kamarai
2369 4441 2534 4496 lovel-

1290 4523 1524 4593 tbrban.)

2101 4725 2226 4794 37*
