3319 5249
1791 314 1916 383 168

1773 975 1925 1044 112.

716 1179 831 1244 IV.
900 1178 1127 1246 Lcinzld
1174 1180 1529 1264 kirdlyncaek
1577 1180 1830 1245 Bosscin
1885 1179 2187 1264 helysdqet
2246 1183 2558 1265 tdrqyazd
2608 1181 2979 1265 adomcinya

1287 1288 1561 1353 Bam-leus
1592 1299 1812 1352 mester
1841 1292 2162 1353 szcimdra.
2213 1291 2408 1355 1277.

934 1481 1285 1549 Ladizlaus
1347 1482 1474 1548 Dei
1535 1484 1761 1566 gracia
1823 1482 2188 1572 Hungarie,
2254 1483 2617 1570 Dalmacie,
2685 1484 2978 1569 Croacie,

720 1593 945 1676 Rame,
994 1589 1241 1673 Seruie,
1314 1588 1601 1675 Gallicie,
1672 1591 2078 1677 Lodomerie,
2134 1590 2468 1676 Cumanie,
2539 1591 2980 1675 Bulgarieque

723 1702 858 1767 Rex
913 1702 1208 1774 omnibus
1260 1699 1497 1769 Christi
1551 1702 1850 1770 fidelibus
1899 1710 2237 1788 presentes
2288 1702 2539 1770 litteras
2590 1703 2982 1789 inspecturis

721 1807 998 1875 salutem
1051 1810 1119 1874 in
1170 1808 1453 1876 omnium
1510 1811 1856 1891 saluatore.
1905 1808 2063 1876 Cum
2117 1813 2283 1878 benc
2333 1810 2601 1877 meritos
2633 1808 2854 1877 debito
2888 1809 2981 1876 fa-

721 1936 875 1983 uore
905 1917 1372 2002 prosequimur,
1397 1922 1461 1985 et
1482 1917 1884 1985 munificenci
1881 1919 1952 2003 js
1974 1918 2201 2005 Regijs
2223 1917 2583 1985 attollimus
2605 1923 2668 1985 et
2685 1919 2826 1984 Deo
2848 1915 2984 2001 pla-

726 2043 865 2090 cere
900 2023 1239 2108 credimus,
1272 2033 1335 2091 et
1372 2024 1663 2093 homines
1716 2027 1803 2093 ad
1839 2026 2130 2094 virtuosa
2177 2027 2460 2094 accionis
2511 2024 2840 2093 desideria
2876 2046 2983 2092 vo·

728 2152 970 2200 camus.
1018 2132 1185 2198 Hinc
1218 2139 1333 2216 est,
1368 2132 1540 2217 quod
1574 2134 1659 2199 ad
1692 2134 2136 2200 vniuersorum
2177 2146 2311 2201 tam
2344 2133 2753 2220 presencium
2790 2151 2982 2215 quam

731 2240 1093 2307 futurorum
1125 2240 1429 2306 noticiam
1463 2243 1692 2307 harum
1726 2244 1898 2309 serie
1917 2242 2213 2310 volumus
2235 2242 2611 2329 peruenire:
2646 2241 2818 2325 quod
2849 2241 2982 2306 Ma-

725 2349 928 2433 gister
959 2348 1237 2416 Bar-leus
1270 2349 1442 2416 filius
1474 2351 1613 2415 Ban
1650 2350 1734 2417 de
1765 2351 2003 2418 Diwek
2038 2350 2124 2415 ad
2155 2358 2450 2419 nostram
2491 2346 2810 2417 accedens
2841 2368 2985 2433 pre·

728 2458 1014 2525 senciam
1048 2457 1281 2542 petiuit
1313 2479 1354 2522 a
1386 2458 1577 2524 nobis
1611 2458 2104 2543 instantissime,
2149 2466 2217 2526 vt
2251 2466 2517 2544 propter
2555 2457 2838 2525 seruicia
2868 2476 2989 2523 sua

730 2565 958 2632 fidelia
990 2565 1176 2633 nobis
1213 2573 1278 2633 et
1310 2567 1536 2650 Regno
1571 2565 1851 2634 fideliter
1885 2565 2175 2634 exhibita
2196 2616 2217 2653 ,
2261 2586 2378 2633 nec
2429 2587 2558 2634 non
2591 2566 2661 2632 in
2694 2583 2985 2632 concam-

731 2672 908 2739 bium
941 2673 1080 2740 siue
1113 2675 1666 2760 permutacionem
1689 2681 2006 2741 terrarum
2029 2694 2294 2741 suarum
2326 2681 2391 2741 et
2424 2673 2699 2741 fratrum
2732 2693 2991 2740 suorum

730 2781 1119 2851 vterinorum
1151 2802 1229 2849 ac
1262 2781 1468 2848 eciam
1508 2783 1792 2849 filiorum
1843 2783 2070 2851 Cosme
2119 2783 2426 2850 auunculi
2477 2782 2576 2851 sui
2608 2780 2994 2848 hereditari-

730 2911 930 2976 arum,
956 2889 1255 2957 *Sarsz
1290 2888 1594 2958 videlicet
1646 2896 1709 2957 et
1743 2890 2017 2957 aliarum
2067 2889 2153 2956 ad
2207 2897 2441 2958 terram
2495 2877 2815 2973 Visegrad
2846 2908 2991 2974 spe·

731 2999 1054 3064 ctancium
1108 2998 1175 3063 in
1224 2995 1524 3063 Thuruch
1572 2997 2102 3082 constitutarum,
2155 3018 2317 3081 quas
2369 2997 2629 3080 quidem
2669 2997 2992 3062 Dominus

731 3106 898 3172 Bela
929 3104 1399 3171 Serenissimus
1452 3107 1589 3171 Rex
1643 3104 1978 3189 Hungarie
2032 3105 2240 3173 felicis
2290 3104 2770 3173 recordacionis
2822 3124 2991 3171 auus

730 3222 948 3281 noster
1001 3212 1386 3279 karissimus
1444 3215 1528 3279 ab
1561 3212 1721 3300 ipsis
1755 3218 1819 3278 et
1847 3213 2277 3298 generacione
2328 3214 2610 3299 ipsorum
2653 3218 2992 3297 receperat

690 3395 700 3402 ‚
738 3319 1105 3404 adiugendo
1140 3326 1204 3386 et
1238 3319 1630 3406 applicando
1663 3322 1843 3406 ipsas
1877 3328 2094 3387 castro
2115 3341 2231 3388 suo
2252 3321 2331 3387 de
2353 3320 2600 3405 Zolum‚
2633 3321 2744 3403 qui
2779 3321 2989 3388 eciam

739 3428 1127 3514 promiserat
1159 3448 1231 3494 se
1265 3428 1511 3494 eisdem
1563 3428 1631 3493 in
1682 3428 1878 3495 simili
1931 3430 2306 3496 concambio
2340 3429 2772 3515 prouisurum,
2824 3426 2994 3495 sicut

731 3537 797 3604 id
832 3538 896 3602 in
929 3536 1162 3604 litteris
1193 3536 1404 3622 ipsius
1435 3535 1681 3603 domini
1713 3538 1912 3624 Regis
1946 3537 2057 3603 aui
2090 3538 2292 3605 nostri
2332 3538 2614 3604 vidimus
2654 3535 2990 3618 contineri,

735 3646 861 3712 sibi
894 3651 956 3711 et
988 3643 1296 3711 fratribus
1329 3646 1483 3731 suis,
1538 3666 1617 3712 ac
1650 3647 1803 3713 filiis
1835 3646 2068 3713 Cosmc
2120 3646 2398 3732 predicti
2431 3644 2739 3712 auunculi
2793 3644 2893 3712 sni
2924 3644 2993 3709 in

730 3754 1015 3841 quadam
1049 3761 1221 3820 terra
1256 3752 1473 3820 Castri
1509 3755 1715 3821 nostri
1748 3754 2099 3823 Niuiensis
2120 3757 2369 3821 Bossan
2401 3761 2654 3838 vocata,
2689 3773 2899 3820 vacua
2930 3756 2996 3818 et

734 3862 1210 3930 habitatoribus
1246 3862 1577 3947 destituta,
1627 3863 1934 3948 contigua
1967 3864 2168 3929 eciam
2222 3869 2287 3928 et
2337 3868 2781 3930 commetanea
2820 3866 2995 3926 terre

734 3972 1019 4059 ipsorum
1071 3970 1462 4037 hereditarie
1512 3970 1812 4039 similiter
1866 3972 2119 4038 Bossan
2169 3977 2420 4056 vocate,
2472 3968 2553 4036 de
2584 3968 2994 4053 benignitate

733 4080 940 4162 Regia
971 4076 1317 4163 prouidere
1350 4077 1786 4161 dignaremur.
1837 4076 1965 4144 Sed
2006 4080 2160 4162 quia
2192 4075 2271 4144 de
2306 4076 2621 4160 qualitate
2673 4080 2736 4140 et
2788 4094 2990 4160 quan-

732 4187 922 4251 titate
958 4183 1126 4251 dicte
1160 4191 1329 4250 terre
1364 4183 1547 4250 nobis
1583 4204 1712 4249 non
1747 4190 1887 4250 erat
1919 4186 2156 4252 veritas
2199 4186 2284 4250 ad
2319 4183 2584 4268 plenum
2621 4181 2996 4269 manifesta,

735 4292 1037 4359 fidelibus
1072 4292 1303 4359 nostris
1342 4290 1649 4376 Capitulo
1703 4292 2015 4358 Nitriensi
2068 4292 2364 4358 dedimus
2415 4292 2480 4357 in
2533 4290 2877 4377 mandatis,
2925 4298 2997 4356 vt

734 4420 931 4468 vnum
966 4421 1048 4468 ex
1079 4399 1243 4486 ipsis
1277 4399 1788 4467 transmitterent
1819 4399 2232 4486 fidedignum,
2269 4421 2484 4469 coram
2518 4422 2646 4486 quo
2681 4399 2991 4485 Magister

736 4506 964 4575 Mohor
1000 4506 1187 4574 homo
1222 4515 1443 4573 noster
1477 4509 1836 4595 inspiceret
1860 4510 2068 4596 ipsam
2102 4519 2360 4596 terram,
2396 4516 2461 4575 et
2484 4509 2538 4574 si
2562 4528 2704 4574 earn
2723 4528 3000 4576 vacuam

735 4622 799 4682 et
832 4623 1051 4682 nostre
1101 4616 1441 4683 collacioni
1475 4616 1796 4684 inueniret
1844 4618 2298 4706 partinentem,
2351 4623 2668 4685 statueret
2722 4622 2785 4683 et
2833 4614 2995 4681 assi·
