3319 5249
1919 237 2049 304 380

880 432 1035 500 mini
1065 435 1163 501 Μο
1196 433 1332 500 CC⁰
1382 433 1822 517 octuagesimo
1869 441 2096 518 quarto
2148 433 2350 519 Regni
2410 438 2622 500 autem
2688 433 2890 499 nostri
2933 449 3124 495 anno

871 539 1247 610 duodecimo
1279 548 1462 608 sexto
1493 539 1815 608 kalendas
1848 544 2029 631 Maij.

879 757 1156 823 (Eredetie
1181 755 1526 824 bb'rhfirtyfin,
1578 761 1831 825 melynek
1858 759 2133 824 fejer-zold
2157 758 2604 824 selycmzsiuoron
2629 760 2845 823 fuggott
2868 755 3128 824 pcoahtje

877 850 1153 913 elvesaett,
1199 866 1234 900 a
1279 848 1423 903 melt.
1453 848 1585 903 bato
1613 847 1800 918 Nyary
1830 847 2015 902 csalad
2053 851 2319 917 bagonyai
2347 845 2744 901 leveltfiraban.
2774 848 2930 898 Kozli
2956 863 3036 896 m.
3067 848 3123 900 b.

1795 936 1981 1006 Nya'nry
2008 939 2181 1006 3⁶12.)

1775 1249 2189 1258 m

1134 1751 1178 1775 ⁸
1918 1749 2067 1819 271.

884 1970 999 2033 IV.
1055 1970 1282 2035 Lciszld
1334 1970 1688 2055 kira'lynak
1752 1972 1889 2037 uba
1938 1980 2103 2036 nevil
2136 1972 2355 2058 findet
2392 1978 2708 2058 tei-ryyazo'
2736 1976 3117 2062 adomdnya

930 2078 1168 2144 Miklds
1204 2078 1517 2142 Pe'ternek
1537 2080 1640 2162 fia
1678 2082 1740 2144 e's
1781 2081 2035 2164 Mihcily
2067 2082 2360 2145 Imre'mk
2376 2083 2506 2165 fia,
2539 2083 2782 2146 ‘advari
2813 2086 3058 2169 tiszijei

1701 2192 2026 2252 azcimcira.
2078 2191 2269 2256 1284.

1079 2401 1426 2469 Ladizlaus
1477 2402 1600 2468 Dei
1679 2401 1901 2486 gracia
1979 2404 2329 2490 Hungarie‚
2393 2405 2750 2488 Dalmacie,
2816 2405 3094 2485 Croacie,

862 2515 1080 2595 Rame‚
1147 2509 1393 2597 Seruie,
1460 2510 1773 2597 Gallicie,
1837 2511 2234 2598 Lodomerie,
2300 2513 2609 2581 Cumanie
2668 2513 3108 2598 Bulgarieque

863 2623 999 2689 Rex
1032 2620 1332 2689 omnibus
1365 2620 1601 2689 Christi
1635 2620 1932 2688 fidelibus
1981 2632 2345 2708 presentem
2377 2623 2685 2708 paginam
2714 2620 3112 2709 inspecturis

865 2730 1140 2797 salutem
1170 2728 1237 2796 in
1270 2728 1550 2796 omnium
1584 2729 1930 2795 saluatore.
1964 2728 2067 2794 Ad
2099 2730 2542 2796 Vniuersorum
2559 2729 2865 2797 noticiam
2885 2738 3115 2799 tenore

867 2839 1269 2924 presencium
1320 2838 1617 2903 uolumus
1668 2837 2023 2921 peruenire,
2077 2836 2251 2919 quod
2299 2836 2629 2922 Nycolaus
2663 2836 2879 2904 dictus
2909 2840 3114 2905 Fatra

863 2947 1033 3015 filius
1065 2948 1241 3014 Petri
1275 2953 1337 3013 et
1365 2945 1666 3031 Mychael
1700 2945 1868 3011 filius
1902 2946 2167 3011 Emirici
2200 2946 2430 3013 Comes
2464 2950 2840 3030 Agasonum
2862 2955 2927 3014 et
2946 2947 3113 3013 Bac·

863 3057 1268 3124 ciniferorum
1330 3060 1694 3121 nostrorum
1758 3053 1841 3121 ad
1906 3061 2196 3121 nostram
2259 3056 2640 3122 accedentes
2704 3057 3110 3141 presenciam

863 3164 1190 3250 quandam
1242 3164 1469 3230 villam
1526 3168 1810 3231 nostram
1848 3165 2002 3231 Wos
2035 3172 2354 3250 uocatam,
2391 3166 2774 3231 existentem
2802 3164 2867 3229 in
2903 3162 3112 3231 Comi-

862 3281 1003 3340 tatu
1037 3271 1116 3341 dc
1148 3275 1477 3340 Kamarun
1512 3295 1553 3339 a
1585 3272 1767 3339 nobis
1800 3273 1924 3339 sibi
1956 3273 2101 3339 dari
2134 3273 2480 3358 pecierunt.
2502 3272 2631 3338 Sed
2665 3273 2822 3355 quia
2851 3272 2937 3337 de
2968 3290 3110 3357 pre·

863 3382 1031 3449 dicte
1060 3384 1219 3449 ville
1250 3382 1565 3467 qualitate
1597 3382 1784 3447 nobis
1812 3401 1942 3448 non
1999 3382 2337 3449 constabat
2367 3381 2627 3467 ueritas,
2661 3381 2966 3448 fidelibus
2997 3403 3110 3449 no·

863 3491 1013 3558 stris
1045 3490 1347 3576 Capitulo
1383 3489 1710 3558 Jaurieusi
1745 3489 2037 3556 dedimus
2069 3490 2132 3555 in
2170 3489 2517 3576 mandatis,
2550 3497 2621 3554 ut
2653 3507 2837 3557 suum
2875 3488 3112 3556 darent

861 3597 1181 3666 hominem
1230 3618 1344 3684 pro
1395 3598 1785 3685 testimonio,
1839 3618 2051 3664 coram
2098 3620 2224 3683 quo
2258 3599 2552 3665 Bakatur
2584 3599 2963 3664 tauarnicus
2998 3620 3107 3666 no·

863 3714 994 3774 ster
1042 3708 1402 3794 predictam
1458 3708 1688 3774 uillam
1738 3726 1880 3773 cum
1939 3708 2073 3774 suis
2124 3708 2543 3793 pertinencijs
2595 3713 2661 3774 et
2709 3706 3108 3772 Vtilitatibus

862 3822 1175 3884 statueret
1223 3814 1467 3881 eisdem
1498 3814 1774 3882 Nicolao
1826 3822 1891 3881 et
1940 3815 2263 3902 Mychaeli
2303 3814 2658 3882 Comitibus
2690 3836 2768 3881 ac
2798 3815 3107 3881 fratribus

861 3922 1225 4008 eorundem,
1276 3922 1332 3991 si
1382 3944 1509 3990 non
1547 3924 1743 3990 fienet
1773 3924 2256 4010 contradictum,
2287 3922 2880 4003 contradictoribus,
2913 3921 3106 4005 siqui

862 4032 1100 4115 fierent,
1137 4034 1225 4098 ad
1251 4038 1532 4099 nostram
1566 4030 1968 4116 presenciam
2007 4032 2313 4100 euocatis.
2366 4030 2558 4110 Quod
2608 4029 2866 4115 quidem
2921 4030 3107 4117 Capi·

862 4143 1063 4207 tulum
1096 4140 1282 4208 nobis
1315 4140 1650 4226 rescripsit
1684 4139 1748 4205 in
1781 4139 1900 4205 hec
1937 4143 2174 4207 verba:

1072 4249 1641 4317 Excellentissimo
1677 4246 1938 4314 domino
1973 4268 2089 4316 suo
2123 4248 2436 4315 Ladizlao
2455 4245 2580 4314 Dei
2611 4245 2838 4331 gracia
2856 4245 3103 4311 Illustri

859 4355 1022 4439 Regi
1058 4356 1387 4439 Hungarie
1419 4354 1785 4442 Capitulum
1819 4354 2177 4423 Jauriensis
2212 4356 2506 4422 Ecclesie
2529 4353 2858 4420 oraciones
2890 4351 2959 4417 in
2981 4354 3104 4418 Do·

861 4466 1034 4530 mino
1084 4461 1339 4532 debitas
1396 4472 1460 4530 et
1509 4463 1794 4530 denotas.
1828 4466 2131 4549 Receptis
2164 4463 2403 4531 litteris
2444 4463 2857 4530 Excellencie
2889 4472 3105 4529 uestrc

861 4596 1005 4642 cum
1057 4575 1350 4642 Bakatur
1400 4577 1739 4641 tauarnico
1789 4582 2006 4642 uestro
2057 4582 2343 4642 nostrum
2375 4572 2668 4641 misimus
2701 4569 2957 4638 fidelem
2991 4569 3098 4635 bo-
