3319 5249
1439 425 1567 490 217
1618 510 1661 519 „

367 619 543 708 (igy)
576 627 640 689 et
669 621 1086 705 indaginibus
1116 620 1422 706 antiquis,
1455 628 1646 707 prout
1677 620 1892 690 iacent
1921 641 2128 707 usque
2146 640 2453 706 magnam
2479 638 2618 705 por·

367 736 502 794 tam
535 728 725 795 sitam
759 728 946 795 iuxta
976 749 1281 813 magnam
1314 729 1487 797 viam
1507 781 1523 813 ,
1572 727 2004 797 uendiderunt
2050 750 2170 815 pro
2203 730 2425 797 decem
2459 746 2625 793 mar·

368 835 463 901 cis
495 836 748 903 Rubino
781 837 1250 923 Uiceuoyuada
1281 837 1417 903 filio
1452 838 1726 905 Comitis
1755 838 2069 905 Hermani
2100 837 2239 905 iure
2272 833 2629 904 herditario

368 940 831 1025 possidendum
888 944 1190 1010 heredum
1222 943 1291 1009 in
1326 943 1616 1010 heredes.
1669 941 1859 1021 Quod
1891 950 1962 1010 ut
1994 950 2202 1010 ratum
2237 944 2325 1011 sit
2357 963 2627 1030 presens

366 1047 673 1133 scriptum
737 1050 1132 1118 contulimus
1195 1058 1417 1119 nostro
1482 1051 1703 1136 sigillo
1766 1054 2241 1120 communitum.
2309 1051 2624 1136 Magistro

367 1155 620 1222 Thoma
650 1158 988 1244 Preposito
1041 1160 1338 1227 Ecclesie
1386 1167 1645 1246 nostre,
1697 1162 2009 1244 Magistro
2059 1161 2291 1244 Eguke
2330 1159 2629 1241 Cantore,

372 1264 638 1330 Andrea
669 1266 988 1353 Custode,
1036 1268 1267 1336 Cosma
1307 1270 1572 1337 Decano
1625 1269 2078 1337 existentibus.
2124 1270 2316 1335 Anno
2367 1265 2626 1333 Domini

370 1371 716 1439 millesimo
749 1372 1189 1443 ducentesimo
1219 1376 1702 1461 septuagesimo
1737 1386 1991 1444 octauo.

587 1501 831 1567 Kivuz:
898 1499 1096 1568 Carta
1132 1501 1370 1569 Rubini
1403 1521 1597 1587 super
1630 1504 1965 1589 empcione
1995 1500 2120 1570 loci
2155 1503 2354 1570 castri
2388 1500 2622 1568 Zalak.

372 1678 475 1739 (Az
516 1678 719 1731 eredeti
765 1677 897 1732 utein
941 1678 1135 1733 Romer
1158 1682 1355 1746 Horis,
1395 1683 1562 1748 Gyb'ri
1607 1680 1939 1735 Tortenelmi
1978 1680 2033 1735 68
2059 1681 2342 1752 Regeszeti
2369 1682 2631 1744 Fiizetek,

1263 1772 1338 1825 11.
1365 1772 1480 1824 hot.
1520 1774 1645 1824 305.
1675 1771 1736 1839 1.)

1425 2502 1575 2571 154.

373 2702 434 2767 A
470 2705 808 2790 vazprdmi
844 2704 1294 2790 kdptalavmak
1332 2704 1855 2792 bizonysciqlevele
1876 2757 1896 2789 ,
1965 2709 2133 2794 hoyy
2165 2708 2384 2794 Eykai
2416 2708 2632 2790 Gund,

374 2811 700 2898 Nempty-vl
748 2812 1119 2899 Madeynak
1170 2823 1428 2900 b'zveqye
1477 2816 1948 2900 hozomdnycira
2004 2817 2066 2882 63
2117 2817 2418 2882 hitbe're're
2450 2824 2630 2883 ne'zve

1153 2921 1595 3008 kieldqittetett.
1661 2925 1853 2990 1278.

590 3100 725 3166 Nos
781 3097 1146 3184 Capitulum
1196 3099 1701 3185 vesprimiensis
1753 3099 2047 3168 Ecclesie
2088 3101 2319 3169 damus
2353 3123 2467 3189 pro
2501 3124 2627 3171 me·

375 3208 598 3290 moria,
643 3205 817 3289 quod
847 3204 1114 3273 domina
1147 3206 1338 3273 Gund
1371 3207 1507 3274 filia
1538 3208 1717 3275 Petri
1751 3208 1834 3274 de
1868 3207 2081 3296 Eyka‚
2130 3209 2360 3277 relicta
2389 3210 2626 3296 Madey

374 3313 459 3378 de
489 3311 728 3397 Nemty
750 3363 767 3398 ,
834 3333 994 3379 vxor
1041 3334 1195 3381 vero
1247 3314 1545 3400 Fabyani
1599 3315 1680 3382 de
1732 3315 1867 3382 Ech
1902 3336 2044 3382 cum
2078 3318 2307 3385 eodem
2339 3318 2629 3386 Fabiano

376 3420 609 3485 marito
665 3438 783 3485 suo
835 3420 1187 3487 constituta
1219 3422 1647 3505 personaliter
1681 3440 1896 3489 coram
1929 3423 2137 3508 nobis,
2197 3426 2495 3493 confessa
2525 3448 2630 3494 ex·

374 3527 530 3611 titit,
578 3546 649 3593 se
682 3545 724 3592 a
755 3528 947 3594 Petro
977 3527 1111 3594 filio
1141 3529 1380 3614 Madye
1414 3529 1739 3613 prenotati
1773 3529 1987 3597 mariti
2022 3531 2120 3597 sui
2153 3531 2282 3598 iam
2318 3533 2624 3620 defuncti,

375 3643 439 3702 et
473 3655 514 3700 a
538 3633 787 3701 Comite
821 3633 1125 3721 Gylyano
1156 3653 1396 3720 genero
1447 3636 1738 3703 eiusdem
1773 3638 1968 3722 Petri,
2017 3639 2319 3706 vndecim
2371 3662 2628 3709 marcas

373 3762 492 3827 pro
539 3739 966 3827 expedicione
1021 3743 1190 3810 dotis
1245 3748 1308 3809 et
1355 3763 1566 3810 rerum
1611 3763 1877 3813 suarum
1911 3746 2420 3830 parafarnalium
2451 3748 2633 3817 iuxta

378 3850 652 3916 formam
687 3850 1181 3936 composicionis
1232 3849 1520 3919 habitam
1560 3851 1728 3923 inter
1760 3853 1938 3940 ipsos
1968 3857 2329 3943 recepisse,
2373 3858 2632 3944 sibique

374 3978 578 4043 super
605 3956 940 4042 premissis
990 3958 1142 4025 dote
1175 3966 1240 4026 et
1270 3960 1461 4028 rebus
1493 3980 1714 4028 secum
1747 3961 1985 4030 delatis
2020 3963 2161 4031 fore
2193 3964 2490 4049 plenarie
2522 3986 2628 4034 sa-

371 4063 725 4132 tisfactum.
772 4066 963 4134 Vnde
1012 4066 1237 4136 eadem
1289 4067 1554 4135 domina
1603 4069 1867 4136 Petrum
1918 4078 1983 4138 et
2032 4072 2351 4139 Comitem
2383 4073 2629 4161 Ccylya·

374 4192 528 4239 num
561 4180 934 4258 prenotatos
966 4176 1034 4241 iu
1068 4194 1264 4243 causa
1295 4177 1588 4262 predicta
1620 4176 1909 4245 reddidit
1927 4181 2268 4267 expeditos
2292 4189 2357 4249 et
2376 4183 2632 4268 penitus

374 4279 711 4347 absolutos
733 4329 753 4361 ,
800 4288 1027 4366 petens
1078 4303 1219 4349 cum
1261 4285 1605 4369 instancia,
1651 4287 1827 4369 quod
1862 4285 1993 4353 filio
2025 4288 2266 4374 Madye
2297 4291 2627 4376 sepedicto

369 4396 629 4455 nostras
679 4387 1132 4475 priuilegiales
1185 4390 1342 4459 dare
1391 4392 1645 4461 litteras
1693 4413 1888 4480 super
1938 4399 2260 4482 premissa
2300 4398 2628 4486 expedici-

374 4518 499 4565 one
529 4495 960 4582 dignaremur.
1006 4497 1197 4577 Quod
1227 4520 1350 4568 nos
1382 4500 1669 4569 facturos
1698 4503 2111 4586 promisimus
2131 4554 2147 4586 ,
2199 4506 2257 4573 si
2289 4515 2630 4593 presentes

373 4604 563 4672 nobis
615 4605 685 4672 in
737 4606 857 4672 hoc
905 4627 1077 4676 anno
1127 4615 1549 4694 reportentur.
1599 4611 1839 4678 Datum
1891 4631 2066 4681 anno
2100 4614 2367 4682 Domini
2404 4615 2630 4684 M⁰CC⁹

374 4714 857 4798 septuagesimo
897 4718 1141 4782 octauo·
