3319 5249
1898 381 2027 452 308

841 577 1070 645 Comes
1120 575 1471 646 Nicholaus
1520 578 1693 646 filius
1737 579 2004 647 Comitis
2035 580 2339 649 Nieholai
2370 582 2624 668 nepotis
2656 577 2830 647 Veeh
2861 600 2933 645 ex
2960 575 3035 669 al·

839 692 996 770 tera,
1049 686 1135 752 ad
1183 691 1465 752 nostram
1517 687 1916 771 presenciam
1967 691 2395 774 personaliter
2443 690 2847 775 accedentes,
2878 704 3043 768 super

842 791 1092 859 duabus
1125 793 1638 878 possessionibus
1675 796 1810 861 suis
1842 795 2025 860 terris
2044 797 2352 862 Munuros
2384 804 2450 864 et
2480 793 2773 862 Munkad
2803 793 3043 878 vocatis,

845 919 1037 985 super
1070 901 1302 984 quibus
1325 903 1820 988 contendebant,
1845 924 1967 986 que
1993 903 2224 968 Comiti
2243 903 2589 970 Benedicto
2612 924 2726 992 per
2746 902 3045 970 dominam

841 1006 1110 1074 Mariam
1163 1007 1481 1093 quondam
1531 1011 1851 1077 illustrem
1908 1011 2191 1095 Vngarie
2240 1013 2554 1094 Reginam
2616 1032 2733 1097 pro
2796 1009 3050 1077 diuersis

843 1113 1265 1183 fidelitatibus
1298 1125 1361 1182 et
1394 1117 1694 1203 seruicijs
1727 1118 1958 1202 prefati
2013 1118 2254 1184 domini
2288 1118 2594 1204 Episcopi
2628 1119 2845 1187 fratris
2876 1117 2967 1185 sui
2996 1123 3051 1180 et

843 1224 976 1292 suis
1025 1225 1304 1311 proprijs
1353 1226 1587 1292 collate
1637 1229 1916 1309 fuerant,
1954 1247 2217 1309 quarum
2251 1226 2457 1293 eciam
2490 1228 2766 1294 collacio
2798 1235 3052 1314 postmo-

844 1330 993 1400 dum
1026 1353 1142 1418 per
1175 1332 1501 1399 dominum
1534 1340 1819 1400 nostrum
1870 1334 2244 1401 Ladizlaum
2277 1357 2447 1402 nunc
2477 1335 2766 1402 inclitum
2798 1333 3054 1418 Vngarie

839 1444 1099 1527 Regem,
1124 1449 1189 1510 et
1211 1441 1532 1509 dominam
1554 1442 1908 1510 Isabellam
1929 1443 2237 1526 Reginam
2261 1452 2617 1511 consortem
2648 1465 2836 1511 suam
2857 1440 3047 1510 extitit

842 1552 1236 1637 confirmata,
1262 1559 1446 1636 prout
1487 1552 1550 1615 in
1573 1551 1815 1618 eisdem
1837 1551 2078 1618 domini
2096 1552 2293 1636 Regis
2328 1561 2390 1619 et
2421 1554 2815 1636 Reginarum
2835 1550 3056 1640 predic·

844 1666 1049 1724 tarum
1087 1658 1453 1744 priuilegijs
1475 1679 1587 1743 per
1619 1659 1925 1725 Comitem
1961 1658 2374 1725 Benedictum
2405 1660 2588 1727 nobis
2624 1661 2885 1727 exibitis
2915 1654 3056 1725 vidi-

844 1784 989 1830 mus
1011 1765 1323 1834 contineri
1347 1795 1361 1851 ;
1388 1788 1550 1851 quas
1573 1768 1774 1834 eciam
1797 1776 1995 1835 terras
2016 1768 2305 1853 prefatus
2329 1770 2553 1836 Comes
2573 1769 2928 1836 Nicholaus
2945 1786 3048 1852 per

843 1872 1117 1940 eundem
1186 1873 1513 1944 dominum
1562 1882 1851 1943 nostrum
1905 1878 2281 1943 Ladizlaum
2331 1880 2570 1962 Regem
2623 1877 2750 1943 sibi
2803 1875 3055 1943 collatas

846 2000 1011 2069 esse,
1067 1988 1133 2049 et
1182 2003 1373 2069 super
1425 1984 1543 2050 hoc
1595 1981 1879 2052 eiusdem
1930 1985 2344 2069 priuilegium
2395 2006 2464 2052 se
2513 1985 2754 2053 habere
2788 1984 3064 2069 dicebat3

845 2090 1058 2158 taliter
1112 2092 1279 2160 inter
1331 2112 1402 2158 se
1452 2093 1941 2179 concordarunt,
1992 2092 2164 2178 quod
2204 2094 2432 2160 Comes
2462 2092 2856 2160 Benedictus
2888 2092 3067 2158 cessit

845 2208 907 2264 et
957 2203 1368 2269 renunciauit
1415 2203 1586 2269 omni
1637 2203 1735 2268 liti
1771 2211 1834 2269 et
1864 2203 2135 2290 accioni,
2200 2224 2322 2287 que
2355 2223 2552 2288 super
2584 2202 2797 2268 altera
2832 2196 3063 2286 predic-

844 2315 1050 2374 tarum
1101 2315 1414 2377 terrarum
1464 2313 1769 2377 Munuros
1816 2320 2068 2394 uocata,
2091 2311 2217 2377 sibi
2252 2322 2615 2396 competere
2646 2311 2988 2397 potuisset,
3015 2313 3071 2373 et

847 2417 1054 2500 ipsam
1107 2423 1342 2483 terram
1393 2421 1700 2486 Munuros
1753 2420 2146 2486 nominatam
2178 2441 2322 2486 cum
2357 2419 2654 2487 omnibus
2688 2419 3070 2487 utilitatibus

848 2533 913 2589 et
960 2526 1374 2612 pertineneijs
1426 2526 1579 2613 suis,
1632 2535 1697 2595 et
1744 2530 1861 2595 sub
1913 2528 2156 2596 eisdem
2187 2515 2377 2595 metis
2409 2535 2472 2593 et
2503 2527 2817 2612 terminis,
2854 2526 3075 2612 quibus

850 2635 989 2718 ipse
1023 2655 1164 2701 eam
1199 2636 1401 2703 tenuit
1432 2645 1494 2703 et
1525 2638 1833 2723 possedit,
1868 2635 2121 2722 prefato
2154 2637 2357 2703 Paulo
2388 2637 2525 2703 filio
2556 2657 2673 2705 suo
2700 2642 3000 2723 presente
3022 2636 3079 2697 et

849 2743 1302 2813 consenciente
1351 2743 1613 2828 reliquit
1658 2753 1722 2811 et
1752 2744 2047 2812 uendidit
2081 2743 2368 2829 predicto
2400 2743 2634 2811 Comiti
2667 2744 2991 2810 Nicholao
3022 2746 3079 2806 et

849 2851 1051 2937 ipsius
1101 2852 1445 2921 heredibus
1497 2854 1932 2940 heredumque
1974 2875 2234 2921 suorum
2268 2854 2750 2921 successoribus
2782 2874 2905 2939 pro
2936 2869 3076 2935 qua·

849 2960 1129 3044 traginta
1173 2959 1409 3028 marcis
1447 2961 1512 3028 in
1547 2969 1930 3047 perpetuum
1962 2961 2232 3049 pacifice
2264 2960 2743 3048 possidendam,
2778 2967 2848 3029 et
2878 2960 3077 3046 ipsam

850 3090 1210 3156 sumpmam
1260 3069 1531 3154 pecunie
1580 3069 1779 3155 ijdem
1833 3070 2059 3138 Comes
2109 3068 2494 3137 Benedictus
2549 3075 2613 3134 et
2640 3070 2891 3135 Paulus
2918 3066 3079 3133 filius

848 3178 987 3245 eius
1017 3179 1104 3244 ab
1136 3176 1361 3242 eodem
1392 3176 1710 3244 Nicholao
1756 3176 2005 3243 Comite
2038 3178 2105 3244 in
2137 3185 2400 3264 argento
2436 3185 2501 3244 et
2533 3174 2827 3259 denarijs
2860 3195 2933 3241 se
2962 3172 3082 3258 ple·

850 3287 1031 3352 narie
1062 3286 1392 3372 recepisse
1425 3293 1807 3374 asserentes,
1832 3287 2264 3372 promiserunt
2285 3293 2348 3353 et
2366 3291 2854 3370 assumpserunt
2875 3298 3079 3351 coram

851 3397 1057 3482 nobis,
1111 3393 1286 3478 quod
1338 3395 1395 3460 si
1431 3394 1657 3461 Comes
1688 3392 2043 3463 Nicholaus
2075 3395 2184 3462 uel
2216 3396 2317 3462 sui
2350 3395 2618 3462 heredes
2653 3392 2915 3459 racione
2950 3406 3081 3474 pre-

852 3504 1023 3570 dicte
1056 3510 1226 3571 terre
1245 3505 1550 3570 Munoros
1584 3524 1700 3588 per
1733 3503 2049 3571 Barrones
2081 3510 2194 3570 aut
2225 3502 2478 3587 aliquos
2509 3501 2676 3570 alios
2707 3501 3083 3586 impeteren-

851 3620 953 3679 tur
1007 3611 1114 3679 vel
1147 3611 1692 3699 perturbarentur,
1752 3620 1986 3678 extunc
2020 3609 2249 3678 Comes
2281 3610 2671 3678 Benedictus
2704 3615 2767 3675 et
2800 3608 2943 3675 eius
2974 3602 3082 3687 filij

850 3719 1139 3806 predicta
1169 3720 1536 3807 priuilegia,
1571 3739 1842 3803 quorum
1872 3719 2253 3787 auctoritate
2286 3721 2493 3804 ipsam
2527 3725 2764 3785 terram
2798 3714 3085 3805 posside·

850 3833 1029 3917 bant,
1063 3849 1187 3915 que
1218 3849 1420 3914 penes
1454 3846 1525 3894 se
1556 3834 1987 3913 reseruarunt,
2018 3846 2097 3894 ea
2128 3826 2211 3893 de
2241 3847 2458 3913 causa,
2494 3826 2665 3911 quod
2696 3826 2926 3892 titulus
2957 3822 3093 3891 siue

855 3937 1121 4005 collacio
1171 3936 1442 4004 alterins
1490 3943 1659 4003 terre
1709 3938 1994 4021 ipsorum
2048 3936 2323 4002 habetur
2365 3936 2432 4002 in
2466 3932 2725 4017 eisdem,
2756 3933 3001 4000 debent
3030 3932 3098 3995 in

855 4044 1299 4114 defensionem
1358 4049 1423 4111 et
1482 4042 1968 4127 expedicionem
2033 4042 2300 4109 Comitis
2360 4040 2666 4109 Nicholai
2717 4046 2781 4108 et
2834 4058 3095 4107 suorum

850 4153 1164 4223 heredum
1215 4172 1427 4220 coram
1480 4149 1737 4218 domino
1767 4153 1945 4234 Rege
1982 4151 2087 4239 uel
2121 4150 2387 4216 domina
2413 4151 2686 4235 Regina,
2720 4154 2839 4214 aut
2874 4165 3095 4214 eorum

851 4262 1189 4332 Judicibus
1244 4259 1562 4345 exhibere,
1611 4266 1675 4325 et
1727 4259 1782 4325 si
1831 4257 2100 4326 forsitan
2151 4256 2449 4324 dominus
2503 4258 2639 4324 Rex
2689 4256 2795 4324 uel
2832 4254 3100 4322 demina

853 4372 1063 4457 ipsam
1142 4377 1374 4436 terram
1442 4368 1749 4434 Munoros
1801 4367 2031 4434 Comiti
2080 4366 2352 4433 Nicolao
2408 4367 2512 4433 uel
2562 4365 2694 4435 suis
2744 4361 3095 4430 heredibus

850 4481 1101 4548 auferre
1149 4481 1626 4563 attemptarent,
1680 4478 1910 4544 Comes
1959 4475 2349 4543 Benedictus
2400 4481 2462 4541 et
2515 4475 2653 4543 eius
2702 4472 2818 4558 filij
2856 4471 3095 4539 debent

849 4591 1057 4658 eciam
1109 4584 1333 4654 eadem
1382 4585 1730 4669 priuilegia
1779 4584 1848 4649 in
1900 4604 2117 4651 eorum
2173 4584 2484 4651 auxilium
2535 4588 2599 4648 et
2647 4577 3094 4649 defensionem

852 4697 1108 4764 domino
1141 4695 1306 4781 Regi
1348 4699 1416 4761 et
1447 4692 1708 4761 domine
1738 4693 1987 4778 Regine
2019 4692 2313 4777 exibere3
2354 4694 2473 4761 sed
2506 4711 2619 4760 eos
2649 4695 2875 4759 contra
2906 4688 3109 4757 Maie-
