3319 5249
1334 283 1462 347 477

266 476 506 564 prefati
569 475 872 561 Episcopi
935 474 1178 542 obitum
1239 481 1498 561 pastore
1560 477 1763 543 multo
1829 481 2112 561 tempore
2148 478 2566 567 vacavisset,⁴

269 582 545 670 prefatis
578 582 875 670 Capitulo
906 584 1030 670 ipsi
1051 583 1344 651 Ecelesie
1365 583 1706 671 providere
1726 603 1857 649 non
1886 582 2261 651 curantibus
2282 583 2364 651 de
2384 586 2536 653 Pre-

268 690 426 776 lato,
460 689 678 756 clerici
709 689 961 778 prefate
991 691 1149 758 ville
1181 691 1633 775 Traguriensis
1683 689 2139 777 pretendentes
2169 692 2273 757 ius
2324 690 2410 757 ad
2460 712 2532 760 se

269 797 559 884 eligendi
579 817 1015 865 successorem
1035 797 1192 864 dicti
1210 797 1518 885 Episcopi
1539 799 1879 883 pertinere,
1899 817 1979 864 ac
1997 797 2054 866 si
2075 798 2536 882 Traguriensis

278 906 583 973 Ecclesia
613 906 919 973 existeret
951 905 1380 992 Cathedralis,
1416 906 1742 990 quendam
1792 907 1858 971 in
1892 904 2413 991 Traguriensem,
2466 913 2538 974 ut

269 1014 601 1103 dicebant,
633 1014 1028 1101 Episcopum
1061 1015 1412 1099 elegerunt.
1465 1016 1742 1081 Demum
1791 1021 2002 1080 autem
2053 1013 2324 1080 diversis
2379 1020 2534 1081 tem-

269 1124 536 1211 poribus
566 1122 897 1190 succesive
929 1121 1165 1189 diversi
1190 1144 1231 1189 a
1252 1122 1622 1190 memoratis
1642 1122 1992 1189 Moriueusi
2015 1120 2314 1209 Capitulo
2344 1120 2536 1189 electi

271 1231 555 1316 fuerunt,
589 1236 652 1297 et
684 1250 879 1317 super
911 1228 1503 1297 confirmationibus
1535 1230 2322 1296 electionum‘huiusmodi
2356 1230 2536 1295 varie

273 1358 316 1405 a
346 1338 524 1404 Sede
550 1336 924 1423 Apostolica
950 1336 1166 1405 littere
1197 1335 1559 1422 impetrate,
1620 1338 1690 1401 in
1721 1336 1953 1421 quibus
1984 1337 2112 1423 ipsi
2144 1357 2214 1405 se
2265 1337 2539 1423 Capitu-

275 1447 414 1514 lum
446 1445 694 1532 prefate
727 1444 1154 1513 Sibinicensis
1184 1446 1475 1513 Ecelesie
1504 1445 1968 1533 nominabant3
2003 1446 2315 1529 dicentes,
2367 1443 2538 1528 quod

273 1555 346 1621 in
379 1554 609 1621 eadem
641 1553 1027 1621 Sibinicensi
1061 1555 1372 1639 Ecclesia,
1404 1558 1668 1639 pastore
1699 1560 1996 1639 vacante,
2048 1551 2222 1618 dicte
2271 1552 2535 1620 electio·

277 1680 398 1727 nes
427 1662 514 1727 ab
546 1661 640 1727 eis
672 1659 927 1728 fuerant
957 1660 1295 1744 celebrate,
1350 1660 1502 1726 licet
1550 1660 1736 1726 nulla
1786 1660 2168 1728 electionum
2219 1661 2534 1748 ipsarum,

276 1768 478 1835 variis
499 1767 1070 1835 intervenientibus
1091 1767 1373 1855 casibus,
1394 1768 1677 1834 extiterit
1696 1769 2091 1834 confirmata.
2115 1766 2234 1834 Ille
2255 1769 2535 1855 quidem,

280 1875 390 1960 qui
411 1875 775 1959 ‚penultimo
805 1874 924 1940 fuit
954 1896 995 1941 a
1028 1875 1327 1960 Capitulo
1348 1875 1654 1962 predictis
1675 1877 1936 1963 electus,
1957 1874 2331 1942 electionem
2353 1896 2537 1943 suam

281 2001 402 2068 per
432 1982 998 2069 Metropolitanum
1049 1983 1173 2050 loci
1225 1983 1503 2050 obtinuit
1566 1981 1968 2071 confirmari,
2033 1989 2096 2048 et
2127 2002 2243 2067 per
2277 1983 2539 2067 aliquod

280 2089 589 2175 temporis
618 2089 896 2176 spatium
928 2090 1196 2174 pacifice
1215 2088 1851 2159 administracionem
1868 2091 2255 2159 Morineusis
2273 2090 2538 2177 Episco-

282 2206 475 2283 patus
509 2199 745 2282 gessit3
779 2199 1052 2283 prefatis
1089 2198 1340 2266 clericis
1371 2198 1545 2266 dicte
1576 2197 1732 2265 ville
1763 2198 2221 2283 Traguriensis
2254 2218 2370 2283 per
2401 2219 2539 2285 pre·

284 2306 530 2391 scripta
559 2310 851 2392 tempora
882 2304 1202 2388 quosdam
1232 2306 1399 2372 alios
1432 2307 1678 2390 eligere
1728 2305 2263 2393 presumentibus,
2314 2307 2425 2392 qui
2457 2306 2543 2372 ab

274 2413 380 2480 eis
410 2412 815 2480 vocabantur
845 2412 1316 2497 Tragurienses
1350 2413 1579 2501 Electi,
1612 2433 1881 2496 quorum
1934 2413 2282 2483 electiones
2331 2413 2543 2482 dictus

286 2520 826 2605 Metropolitanus
860 2521 942 2588 de
975 2520 1146 2588 facto
1179 2520 1414 2588 dicitur
1446 2523 1881 2609 confirmasse,
1934 2528 1998 2588 et
2047 2523 2578 2590 consecrationis-

287 2649 519 2696 manus
550 2649 769 2696 eorum
801 2629 1126 2713 aliquibus
1159 2627 1577 2716 impendisse.
1609 2631 1888 2696 Demum
1918 2637 2136 2696 autem
2178 2631 2334 2697 dicti
2356 2630 2544 2715 Capi·

288 2737 494 2805 tulum
529 2736 893 2804 Morinense
924 2757 995 2803 se
1024 2743 1374 2804 memorate
1407 2737 1835 2805 Sibinicensis
1871 2739 2162 2806 Ecelesie
2210 2740 2545 2806 nominan-

290 2852 410 2933 tes,
446 2845 752 2912 dilectum
802 2844 1005 2911 filium
1059 2846 1469 2912 Leonardum
1517 2846 1799 2935 Faletro,
1850 2847 2210 2913 Plebanum
2256 2846 2549 2914 Ecelesie

283 2952 506 3023 Sancti
534 2951 771 3036 Angeli
802 2950 885 3018 de
914 2951 1227 3039 Venetiis,
1256 2953 1464 3018 virum
1498 2953 1832 3039 providum
1868 2961 1934 3020 et
1968 2953 2324 3040 honestum,
2357 2974 2437 3020 ac
2467 2954 2536 3020 in

292 3057 740 3145 spiritualibus
771 3064 836 3124 et
885 3053 1349 3145 temporalibus
1401 3060 1950 3147 circumspectum,
1989 3062 2057 3127 in
2078 3058 2547 3126 Sibinicensem

292 3166 687 3251 Episcopum
706 3164 1110 3232 concorditer
1129 3167 1466 3249 elegerunt
1482 3190 1499 3249 ς
1518 3165 1633 3233 sed
1657 3167 2025 3253 Gregorius,
2045 3165 2155 3250 qui
2173 3165 2399 3231 ultimo
2429 3164 2552 3234 fuit

297 3293 338 3339 a
361 3272 622 3339 clericis
652 3273 1024 3340 memoratis
1055 3272 1323 3360 electus,
1358 3280 1421 3340 et
1472 3294 1586 3359 per
1616 3276 1933 3361 prefatum
1986 3273 2550 3359 Metropolitanum

295 3381 708 3450 confirmatus
738 3387 805 3446 et
835 3387 1265 3468 consecratus,
1298 3381 1839 3450 administrationi
1903 3381 2059 3449 dicti
2109 3382 2545 3469 Episcopatus

198 3551 203 3552 γ
298 3496 534 3556 temere
597 3507 670 3556 se
700 3488 999 3575 ingessit,
1033 3496 1100 3555 et
1127 3488 1429 3572 ingerere
1457 3509 1588 3557 non
1619 3496 1896 3555 veretur.
1950 3487 2346 3557 Occassione
2394 3509 2549 3557 vero

298 3594 753 3682 contentionis,
816 3615 940 3679 que
991 3613 1185 3680 super
1217 3594 1582 3662 huiusmodi
1629 3596 1770 3662 iure
1820 3594 2551 3682 eligendi-Episcopum

296 3706 464 3771 inter
481 3702 766 3789 prefatos
798 3702 1167 3786 Capitulum
1188 3708 1252 3768 et
1283 3701 1553 3769 clericos
1582 3709 1683 3769 est
1712 3704 1926 3769 taliter
1959 3702 2205 3787 habita,
2238 3703 2410 3769 inter
2443 3703 2557 3769 ha·

297 3811 608 3877 bitatores
640 3807 954 3876 dictorum
984 3810 1268 3876 locorum
1301 3808 1730 3876 Sibiniccnsis
1762 3815 1826 3876 et
1875 3810 2332 3894 Traguriensis
2382 3808 2550 3878 adeo

296 3918 519 4003 gravis
549 3916 873 3984 discordia
904 3924 1006 3983 est
1035 3922 1276 4004 exorta,
1330 3916 1502 4001 quod
1553 3937 1634 3983 ex
1684 3937 1763 3984 ea
1822 3926 2073 4002 strages
2123 3918 2433 3985 boninum
2485 3925 2553 3984 et

300 4025 440 4095 alia
470 4025 673 4090 multa
703 4024 1003 4110 pericula·
1026 4026 1403 4110 provenisse
1434 4025 1752 4091 dicuntur.
1786 4024 2003 4102 Quare
2052 4025 2387 4092 memorati
2440 4026 2586 4092 Oa»

301 4130 580 4220 pitulum
640 4132 827 4198 nobis
887 4130 1218 4199 humiliter
1267 4131 1755 4220 supplicarunt,
1831 4140 1899 4200 ut
1947 4134 2141 4199 finem
2193 4131 2560 4200 huiusmodi

303 4238 750 4323 questionibus
800 4240 1222 4327 imponentes,
1273 4240 1630 4326 predictum
1658 4240 1760 4310 ius
1797 4240 2082 4325 eligendi
2131 4240 2560 4307 Morinensem

304 4348 702 4434 Episcopum
735 4345 1057 4414 declarari
1089 4346 1175 4413 ad
1226 4347 1404 4432 ipsos
1437 4346 1806 4432 Capitulum
1839 4349 2184 4436 pertinere,
2244 4347 2564 4430 dictisque

304 4454 560 4522 clericis
586 4453 831 4538 imponi
860 4461 1242 4539 perpetuum
1274 4454 1610 4522 silencium
1690 4475 1885 4541 super
1942 4455 2076 4542 illo,
2140 4461 2205 4520 et
2265 4453 2430 4521 alias
2490 4454 2566 4520 in

305 4558 676 4630 huiusmodi
709 4560 976 4646 procedi
1012 4561 1297 4648 negotio,
1329 4568 1522 4648 prout
1570 4563 1672 4628 ius
1723 4561 1946 4648 exigit,
2000 4562 2375 4629 faceremus.
2426 4562 2582 4629 Nos-
