3319 5249
1464 419 1549 485 69

380 621 680 686 omnibus
744 618 1136 686 vtilitatibus
1202 625 1265 685 et
1319 620 1741 703 pertinencijs
1804 615 1937 682 suis
2008 612 2325 680 vniuersis
2390 612 2637 682 eisdem

376 727 690 796 Ladizlao
743 737 808 794 et
850 729 1146 814 Nycolao
1165 778 1185 812 ,
1239 747 1314 793 ae
1363 748 1479 812 per
1529 746 1640 793 eos
1694 725 2002 810 Magistro
2054 722 2394 790 Theodoro
2446 721 2630 786 fratri

377 836 685 923 ipsorum,
726 843 789 900 et
822 837 1170 902 eorundem
1205 834 1569 921 heredibus,
1607 833 1925 920 dedimuS,
1978 831 2358 900 donauimus
2394 836 2459 896 ct
2491 851 2639 896 con·

380 944 640 1011 tulimus
704 942 844 1009 iure
906 948 1216 1029 perpetuo
1281 950 1344 1008 et
1406 943 1676 1029 pacifice
1741 941 2226 1028 possidendam.
2291 941 2374 1007 Vt
2438 940 2638 1025 igitur

379 1051 572 1119 huius
605 1054 699 1118 rei
731 1051 933 1118 series
969 1052 1162 1117 robur
1193 1051 1481 1137 optineat
1518 1057 1834 1136 perpetue
1870 1049 2231 1134 firmitatis,
2281 1057 2343 1115 et
2374 1070 2456 1116 ne
2488 1070 2636 1136 pro-

378 1180 559 1227 cessu
612 1168 969 1246 temporum
1021 1180 1139 1243 per
1189 1162 1557 1245 quempiam
1608 1159 1821 1243 possit
1871 1158 1974 1224 vel
2007 1157 2243 1224 debeat
2283 1159 2348 1224 in
2384 1158 2632 1226 irritum

376 1268 731 1351 retractari,
753 1276 1080 1354 presentes
1109 1266 1544 1334 concessimus
1571 1266 1823 1332 litteras
1858 1265 2184 1351 dupplicis
2207 1267 2406 1351 sigilli
2430 1267 2635 1335 nostri

375 1377 723 1443 munimine
776 1375 1127 1442 roboratas.
1207 1377 1450 1440 Datum
1504 1395 1619 1459 per
1673 1395 1901 1440 manus
1951 1375 2246 1460 Magistri
2299 1374 2633 1442 Benedicti

374 1483 612 1552 Sancte
663 1484 1124 1569 Strigoniensis
1176 1483 1465 1549 Ecclesie
1516 1483 1758 1570 Electi,
1838 1482 2122 1551 eiusdem
2184 1484 2310 1551 loci
2364 1484 2632 1552 Comitis

378 1597 760 1681 perpetuui,
815 1596 965 1661 aule
998 1601 1213 1661 nostre
1268 1591 1864 1676 Vico-Cancella-rij,
1918 1592 2238 1677 Prepesiti
2286 1592 2629 1681 Budensis,

375 1704 593 1772 dilecti
647 1711 711 1770 et
758 1701 967 1771 fidelis
1037 1704 1240 1770 nostri
1308 1723 1479 1770 anno
1539 1700 1804 1767 Domini
1855 1701 2323 1768 M⁰GC⁰LXX⁰
2375 1712 2623 1789 quarto,

373 1813 576 1896 Regni
609 1821 827 1879 autem
863 1813 1069 1879 nostri
1102 1834 1274 1879 anno
1309 1812 1593 1879 secundo
1649 1811 1785 1876 I[-o
1813 1812 2038 1877 Nonas
2074 1808 2373 1899 Augusti,
2416 1811 2627 1879 Indic-

375 1923 552 1988 cione
586 1922 896 1989 secunda.
935 1921 1438 1987 Venerabilibus
1472 1920 1768 2005 patribus
1802 1919 2135 2004 Stephano
2169 1917 2534 2008 colocensi,
2567 1927 2630 1986 et

374 2031 669 2097 Johanne
702 2030 1074 2116 Spalatensi
1107 2029 1647 2115 Archiepiseop²s,
1686 2030 2026 2113 Lamperto
2060 2030 2389 2114 Agriensi,
2422 2028 2627 2096 Paulo

374 2137 863 2225 wesprimiensi
908 2140 1058 2204 aule
1107 2146 1327 2205 nostre
1364 2136 1772 2205 Cancellario
1795 2189 1813 2223 ,
1861 2137 2111 2205 Briccio
2169 2135 2624 2223 Chanadiensi,

371 2247 676 2333 Philippo
707 2246 1038 2314 Waciensi
1073 2247 1223 2312 aule
1246 2246 1502 2313 domine
1535 2245 1780 2332 Regine
1815 2247 2129 2313 consortis
2163 2255 2383 2313 nostre
2416 2246 2623 2312 karis-

372 2357 528 2422 sime
563 2354 997 2437 Cancellario,
1029 2353 1409 2421 Lodomerio
1443 2354 1882 2440 waradiensi,
1915 2353 2041 2420 Job
2061 2351 2621 2439 Quinque-Eccle-

371 2463 587 2547 siensi,
636 2463 999 2549 Tymotheo
1051 2461 1496 2547 Zagrabiensi‚
1558 2462 1872 2548 Dyonisio
1922 2463 2274 2545 ‚lauriensi‚
2329 2468 2395 2529 et
2427 2463 2620 2530 Petro

368 2572 834 2641 Transsiluano
871 2572 1214 2660 Episcopis
1248 2571 1578 2639 Ecclesias
1600 2573 1725 2639 Dei
1758 2570 2036 2639 feliciter
2067 2571 2621 2657 gubernantibus;

371 2682 684 2771 Dyonisio
734 2682 1038 2749 Palatino
1087 2681 1335 2747 Comite
1387 2681 1467 2746 de
1501 2680 1754 2747 Okluch
1790 2688 1852 2748 ct
1903 2679 2135 2748 Judice
2169 2682 2620 2767 Cumanorum,

373 2792 635 2859 Heri-ico
679 2792 861 2857 Bano
912 2792 1121 2858 tocius
1156 2792 1548 2877 Sclauonie,
1597 2792 1891 2877 Nycolao
1946 2792 2333 2875 Woyauoda
2383 2791 2620 2856 Trans·

370 2901 621 2967 siluano
656 2901 907 2968 Comite
944 2902 1026 2969 de
1056 2899 1329 2993 Zounuk
1351 2953 1367 2985 ,
1413 2900 1733 2968 Joacbino
1766 2901 2079 2987 Magistro
2113 2898 2619 2966 Tauarnicorum

364 3016 764 3096 nostrorum,
813 3009 1151 3095 Reynoldo
1203 3010 1519 3093 Magistro
1575 3009 2038 3093 Dapiferorum
2091 3015 2452 3075 nostrorum
2505 3007 2618 3072 Co-

366 3119 514 3184 mite
545 3116 1094 3200 Zulgageuriensi,
1135 3116 1465 3182 Hei-bordo
1498 3117 1809 3200 Magistro
1848 3118 2223 3199 Agasonum
2258 3123 2620 3183 nostrorum

362 3227 609 3294 Comite
643 3226 722 3292 de
756 3227 1038 3312 Barana,
1075 3226 1369 3308 Nycolao
1401 3226 1712 3310 Magistro
1733 3225 2196 3292 Pincernarum
2231 3234 2617 3310 nostrorum,

366 3337 566 3402 Paulo
598 3335 782 3401 Bano
833 3334 914 3400 de
943 3334 1242 3419 zeni-inc,
1287 3333 1582 3420 Nycolao
1619 3333 1852 3401 Judice
1886 3333 2075 3401 Curie
2124 3340 2342 3401 nostre
2373 3333 2621 3402 Comite

364 3445 442 3510 de
477 3442 829 3524 Guechke,
880 3444 1064 3528 Moys
1097 3442 1408 3524 Magistro
1458 3442 1964 3511 Tauarnicorum
2019 3442 2305 3509 eiusdem
2358 3443 2619 3509 domine

363 3553 605 3637 Regino
647 3550 896 3617 Comitc
942 3549 1373 3634 symigiensi,
1421 3549 1725 3617 Johanne
1777 3549 2026 3618 Comitc
2076 3553 2502 3639 Suprunicnsi
2555 3562 2620 3621 et

363 3661 504 3744 alijs
539 3680 734 3743 quam
785 3658 1082 3745 pluribus
1116 3658 1472 3726 Comitatus
1505 3660 1715 3743 Regni
1757 3660 1962 3727 nostri
2012 3663 2380 3728 tenentibus
2413 3669 2478 3729 et
2510 3662 2616 3727 ho-

365 3789 569 3837 ΠΟΥΕΒ.

363 3947 478 4013 (111.
519 3950 702 4000 Endre
728 3946 912 4014 kiraly
943 3952 1163 4001 1291-ki
1200 3948 1672 4017 niegero'sitesebdl
1720 3966 1751 4001 a
1790 3953 1968 4017 Rumy
1996 3949 2180 4003 csalad
2208 3947 2614 4013 leveltsiraeibam

785 4036 1048 4093 misolata
1069 4057 1103 4092 a
1140 4056 1367 4107 magyar
1393 4043 1679 4094 akademia
1706 4041 2181 4104 kezirattaraban.)
