3319 5249
1400 286 1488 354 93

307 496 381 555 et
415 490 615 553 Detre
668 508 784 572 pro
816 484 1021 551 tribus
1053 483 1290 550 marcis
1323 483 1482 550 finiti
1527 482 1783 567 argenti
1815 482 1939 549 sibi
1974 483 2038 547 in
2072 481 2237 549 festo
2272 480 2576 549 Omnium

306 596 696 662 Sanctorum
763 594 1103 659 annuatim
1169 590 1659 679 persoluendis3
1730 592 1825 658 ita
1888 591 2061 676 quod
2127 592 2184 658 si
2236 592 2575 658 terminum

307 708 528 789 ipsum
567 703 971 784 omitterent3
1020 709 1255 768 extunc
1302 701 1706 767 incurrerent
1754 699 2051 768 similiter
2099 701 2283 784 dupli
2338 720 2573 784 penam

306 819 379 877 et
408 811 872 900 nichilominus
904 808 1213 877 caderent
1248 830 1291 874 a
1325 809 1658 876 locacione
1689 813 1862 874 terre
1892 807 2288 893 supradicte.
2335 810 2575 874 Datum

308 920 378 983 in
412 926 651 985 octaua
702 919 926 985 Sancti
959 916 1296 985 Michaelis
1348 937 1518 984 anno
1551 915 1812 982 Domini
1848 916 2284 983 M⁰CC⁰LXX⁰
2317 924 2569 999 quarto.

486 1084 587 1146 (Az
616 1083 819 1134 eredeti
847 1078 981 1132 utan
1007 1083 1199 1132 Knauz
1228 1079 1474 1142 Nandor,
1500 1082 1728 1146 Msgyar
1753 1081 1881 1131 Sion
1910 1081 2013 1133 111.
2043 1080 2155 1133 kot.
2181 1081 2305 1131 226.
2334 1079 2396 1145 l.)

1395 1492 1504 1559 55.

314 1693 378 1759 A
411 1693 618 1758 baulai
666 1693 1108 1779 kdptalamtak
1158 1692 1709 1778 bizonysdqlevele,
1761 1695 1922 1778 hoqy
1957 1691 2141 1775 Moys
2192 1716 2233 1755 a
2265 1692 2583 1776 kim-dlyne'-

315 1804 449 1866 mk
481 1802 961 1865 tcirnokmestere
996 1800 1217 1868 Chaba
1231 1800 1419 1886 salut
1472 1803 1532 1864 6⁸
1563 1822 1680 1885 eqy
1710 1799 2072 1885 rabszolth
2126 1825 2166 1863 a
2200 1801 2585 1886 oryzilsziqeti

415 1909 420 1914 ’
785 1910 1368 1996 apciczazdrdcinak
1398 1910 1883 1995 adomdnyozta.
1937 1913 2128 1975 1274.

541 2105 859 2173 Omnibus
890 2104 1129 2173 Christi
1183 2105 1483 2172 fidelibus
1520 2125 1792 2190 presens
1832 2106 2145 2192 scriptum
2190 2103 2583 2188 inspecturis

321 2217 694 2303 Capitulum
744 2214 1066 2281 Budensis
1120 2216 1414 2282 Ecclesie
1467 2215 1749 2280 salutem
1802 2214 1868 2278 in
1920 2214 2199 2280 Domino
2252 2213 2584 2296 sempiter-

319 2347 501 2391 nam.
567 2320 672 2386 Ad
726 2323 1166 2389 uniuersorum
1220 2322 1527 2389 noticiam
1580 2328 1802 2388 tenore
1835 2320 2237 2406 presencium
2290 2319 2586 2385 uolumus

321 2430 689 2518 peruenire,
722 2429 894 2512 quod
930 2430 1028 2496 vir
1060 2429 1301 2495 nobilis
1333 2430 1520 2513 Moys
1553 2428 1864 2513 Magister
1900 2427 2450 2494 Thanarnicorum
2485 2425 2586 2491 In·

324 2542 486 2607 clite
534 2538 781 2620 Regiue
815 2537 1171 2619 Hungarie‚
1223 2535 1451 2602 Comes
1500 2536 1583 2602 dc
1615 2534 1881 2619 Scepus,
1918 2535 1983 2600 in
2019 2540 2244 2600 nostra
2276 2553 2585 2617 persona·

324 2648 476 2714 liter
509 2645 893 2713 constitutus
945 2645 1302 2730 presencia,
1350 2643 1684 2727 quandam
1739 2644 1966 2709 uillam
2007 2664 2191 2709 suam
2228 2642 2453 2708 Chaba
2483 2662 2588 2706 vo·

324 2763 543 2820 catam
577 2772 722 2819 cum
773 2752 1068 2820 omnibus
1100 2752 1493 2819 vtilitatibus
1546 2758 1609 2817 et
1659 2750 2082 2836 pertineneijs
2134 2753 2290 2834 suis,
2343 2758 2409 2816 et
2440 2770 2584 2816 cum

327 2860 657 2946 mancipio
687 2860 962 2927 Tenkus
1010 2861 1305 2944 nomine,
1360 2880 1438 2925 ac
1491 2858 1646 2942 filijs
1699 2857 1988 2925 eiusdem
2042 2858 2105 2922 in
2161 2858 2385 2923 eadem
2428 2856 2591 2922 villa

332 2965 810 3049 existentibus,
861 2967 1157 3033 Ecclesie
1219 2968 1421 3032 Beate
1484 2966 1686 3032 Mar-ie
1748 2964 2036 3048 Virginis
2097 2964 2179 3030 de
2231 2965 2476 3046 Insula,
2529 2971 2592 3030 et

324 3074 660 3142 sororibus
713 3075 780 3139 in
833 3074 1060 3141 eadem
1112 3074 1414 3141 Ecclesia
1464 3076 1604 3139 Deo
1656 3073 1894 3157 iugiter
1954 3073 2422 3139 famulantibus
2474 3092 2589 3158 pro

327 3180 622 3249 remedio
656 3183 875 3247 anime
927 3201 1062 3262 sue,
1112 3188 1185 3247 ut
1238 3180 1626 3267 temporalia
1657 3180 2000 3263 largiendo
2033 3201 2150 3266 pro
2183 3180 2418 3246 eternis
2451 3200 2590 3263 per-

325 3297 529 3375 petue
562 3289 1115 3355 remuneracionis
1166 3290 1485 3373 premium
1541 3287 1851 3372 consequi
1903 3293 2269 3371 mereretur,
2320 3286 2594 3352 contulit
2722 3358 2731 3367 ,

328 3396 780 3485 perennaliter
835 3394 1315 3480 possidendam.
1396 3398 1482 3462 Vt
1529 3396 1731 3479 igitur
1783 3395 2162 3463 donacionis
2214 3395 2383 3461 dicte
2430 3394 2591 3461 ville

328 3525 454 3592 per
508 3507 979 3572 mencionatum
1030 3488 1409 3588 Magistrum
1448 3505 1634 3590 Moys
1669 3523 1885 3571 coram
1921 3503 2105 3571 nobis
2142 3501 2320 3567 facta
2352 3502 2589 3566 irreuo·

329 3612 571 3679 cabilis
605 3619 995 3696 perseueret,
1040 3632 1164 3678 nec
1214 3613 1631 3697 aliquatenus
1681 3612 2075 3698 inposterum
2125 3610 2344 3676 valeat
2384 3615 2589 3673 retra-

327 3719 537 3805 ctari,
587 3719 676 3784 ad
726 3718 1114 3803 peticionem
1163 3727 1228 3785 et
1276 3720 1668 3787 instanciam
1718 3717 2006 3786 eiusdem
2060 3716 2357 3800 Magistri
2409 3717 2591 3802 Moys

326 3835 672 3914 presentes
722 3826 976 3895 litteras
1026 3828 1406 3914 supradicte
1458 3828 1757 3895 Ecclesie
1803 3829 2004 3896 Beate
2027 3826 2262 3892 Mario
2312 3830 2376 3891 et
2422 3842 2594 3890 soro·

332 3937 522 4002 ribus
573 3936 1014 4003 concessimus
1049 3936 1249 4003 nostri
1303 3934 1500 4020 sigilli
1536 3936 1892 4002 munimine
1942 3936 2301 4000 roboratas.
2349 3931 2593 3997 Datum

332 4065 455 4128 per
519 4064 754 4109 manus
818 4044 1117 4127 Magistri
1178 4044 1507 4128 Ambrosij
1577 4042 1964 4111 Scholastici
2024 4040 2366 4125 Budensis,
2425 4058 2594 4104 anno

329 4151 601 4217 Domini
648 4140 991 4218 millesimo
1045 4150 1485 4218 ducentesimo
1535 4149 2015 4239 septuagesimo
2072 4155 2325 4232 quarto.
2388 4148 2592 4230 Magi-

329 4270 470 4326 stro
505 4258 806 4325 Johanne
838 4259 1139 4344 Cantore,
1172 4261 1365 4328 Petro
1399 4257 1711 4343 Custode,
1736 4258 2086 4326 Benedicto
2119 4259 2405 4339 Decano,
2442 4255 2596 4320 Zele

333 4366 704 4453 sacerdote,
739 4366 1080 4451 Damiano‚
1132 4367 1301 4453 Elia,
1351 4375 1418 4434 et
1464 4365 1797 4452 Stephano
1830 4364 2185 4449 Magistris,
2237 4364 2596 4447 ceterisque

331 4474 695 4541 Canonieis
728 4475 1175 4542 existentibus».
1231 4512 1238 4523 ·

615 4600 684 4664 (A
711 4601 875 4651 budai
902 4602 1005 4659 kir.
1033 4602 1278 4653 kamarai
1309 4591 1646 4654 leveltarban
1690 4602 1865 4653 iirzott
1889 4597 2120 4652 masolat
2148 4593 2321 4665 titan.)
