3319 5249
1489 294 1575 358 23

1377 383 1696 391 ———-

400 511 529 575 que
585 486 874 555 eiusdem
905 486 1205 572 Magistri
1238 486 1414 554 Petri
1463 487 1688 553 fideles
1737 487 2130 573 famulatus,
2178 507 2304 570 que
2354 486 2420 552 in
2474 505 2667 572 expu-

400 599 730 684 gnacione
766 596 967 662 castri
997 593 1363 664 Jauriensis
1396 615 1512 680 per
1552 594 1846 660 homines
1880 594 2078 680 Regis
2112 593 2396 680 Boemie,
2432 593 2676 660 inimici

395 706 610 773 nostri
644 704 973 788 capitalis,
1019 701 1549 788 prodicionaliter
1581 702 1909 790 occupati,
1958 702 2047 768 ad
2080 702 2255 788 quod
2287 722 2668 788 recuperan-

398 814 558 879 dum
592 812 886 879 collectis
918 811 1158 879 nostris
1192 809 1438 878 uiribus
1470 830 1973 895 accesseramus,
2008 810 2118 877 ubi
2152 810 2326 877 idem
2358 809 2672 894 Magister

399 922 639 988 Petrus
689 920 929 986 imbres
976 919 1355 1005 missilium,
1403 918 1571 987 ictus
1603 918 1916 1004 lapidum,
1963 928 2025 986 et
2076 919 2290 986 iactus
2339 919 2669 984 machina-

396 1050 544 1095 rum
595 1048 728 1094 non
780 1025 1160 1113 formidans,
1196 1027 1529 1093 indefesse
1579 1026 1830 1093 studuit
1879 1025 2217 1113 exhibere,
2264 1027 2541 1093 uulnera
2585 1026 2678 1093 le-

399 1137 569 1202 talia
619 1156 757 1201 una
808 1155 951 1200 cum
1002 1137 1139 1201 suis
1211 1134 1645 1203 seruientibus
1711 1134 1992 1201 uiriliter
2042 1133 2360 1200 dimicans
2412 1136 2677 1219 subpor-

399 1242 645 1327 tando‚
697 1243 781 1309 de
842 1242 1072 1326 quibus
1136 1242 1542 1328 postmodum
1589 1249 1720 1309 tres
1772 1242 1854 1308 de
1917 1241 2132 1308 medio
2195 1247 2348 1309 sunt
2408 1241 2682 1309 sublati,

399 1354 721 1419 volentes
767 1352 992 1435 itaque
1039 1356 1303 1436 propter
1353 1349 1473 1417 hoc
1523 1350 1735 1417 eidem
1768 1349 2078 1435 Magistro
2112 1351 2308 1416 Petro
2358 1359 2550 1434 grata
2581 1353 2672 1416 ui·

404 1460 794 1526 eissitudine
843 1457 1253 1543 respondere,
1301 1457 1630 1541 quandam
1687 1467 1929 1527 terram
1960 1466 2249 1525 nostram
2285 1458 2672 1544 populosam

403 1567 574 1635 Jurk
607 1571 911 1633 uocatam
945 1567 1011 1631 in
1046 1565 1371 1632 Comitatu
1405 1565 1578 1634 Noui
1600 1566 1817 1633 Casti-i
1848 1566 2284 1653 adiacentem,
2317 1565 2683 1633 auferendo

407 1696 452 1740 a
483 1673 879 1742 Sebastiano
932 1674 1239 1756 kenezi0‚
1289 1674 1393 1740 cui
1426 1673 1696 1739 domina
1743 1680 1952 1741 mater
1998 1682 2226 1741 nostra
2266 1674 2677 1742 dinossceba·

405 1790 517 1847 tur
568 1779 964 1865 contulisse,
1012 1780 1351 1867 dedimus,
1404 1780 1792 1847 donauimus
1862 1787 2062 1864 atque
2113 1781 2495 1847 tradidimus
2547 1780 2677 1865 ipsi

404 1887 726 1972 Magistro
762 1886 955 1955 Petro
1008 1895 1073 1954 et
1121 1887 1259 1955 suis
1308 1887 1656 1954 heredibus
1709 1886 2151 1969 heredumque
2202 1887 2681 1956 successoribus

408 2001 724 2082 perpetuo
777 2001 842 2060 et
891 1992 1424 2061 inreuocabiliter
1474 2015 1617 2061 cum
1670 1994 1968 2060 omnibus
2019 1996 2154 2062 suis
2186 1995 2576 2060 utilitatibus
2612 1999 2678 2058 et

406 2102 837 2189 pertinencijs
888 2100 1372 2185 possidendam.
1421 2103 1507 2167 Vt
1535 2103 1730 2185 igitur
1784 2101 1972 2168 huius
2021 2111 2239 2169 nostre
2291 2101 2674 2168 collacionis

409 2230 527 2277 sev
559 2206 940 2274 donacionis
995 2208 1197 2274 series
1233 2209 1427 2274 robur
1480 2209 1773 2294 optineat
1823 2217 2132 2293 perpetue
2165 2209 2510 2296 firmitatis,
2557 2227 2678 2273 nec

408 2337 530 2403 per
562 2315 933 2400 quempiam
966 2316 1179 2399 possit
1224 2315 1292 2380 in
1325 2315 1574 2382 irritum
1606 2317 1984 2399 retractari3
2034 2324 2368 2401 presentes
2420 2334 2679 2382 conces-

408 2425 614 2491 simus
681 2422 936 2489 litteras
1006 2421 1336 2508 dupplicis
1401 2422 1611 2506 sigilli
1658 2422 1862 2490 nostri
1912 2424 2270 2490 munimine
2319 2425 2678 2490 roboratas.

407 2533 656 2596 Datum
719 2547 839 2612 per
899 2548 1132 2594 manus
1194 2528 1493 2612 Magistri
1559 2529 1898 2597 Benedicti
1950 2528 2335 2597 Orodiensis
2384 2527 2678 2596 Ecclesie

409 2636 745 2719 Prepositi
797 2635 949 2701 aule
998 2642 1220 2704 nostre
1257 2636 1799 2723 Uicecancellarij
1856 2638 2079 2705 dilecti
2133 2648 2196 2705 et
2230 2637 2438 2704 fidelis
2473 2636 2677 2704 nostri

408 2764 587 2810 anno
635 2740 899 2808 Domini
946 2743 1381 2809 M⁰CC⁰LXX⁰
1431 2743 1656 2830 tercio,
1708 2744 1854 2811 VII.
1903 2745 2229 2811 kalendas
2283 2743 2681 2827 NouembriS‚

411 2850 631 2935 Regni
663 2855 883 2916 autem
913 2849 1117 2915 nostri
1151 2870 1323 2917 anno
1354 2851 1662 2918 secundo,
1693 2851 1986 2918 Vacante
2021 2852 2192 2918 Sede
2223 2851 2682 2934 Strigoniensi;

406 2955 911 3027 venerabilibus
953 2955 1248 3040 patribus
1281 2955 1615 3042 Stephano
1649 2957 1988 3025 Colocensi
2019 2966 2084 3025 et
2114 2957 2418 3025 Johanne
2451 2959 2682 3043 Spala-

408 3064 583 3130 tensi
633 3062 1202 3149 Archiepiscopis;
1282 3064 1630 3150 Lamperto
1691 3065 2042 3153 Agriensi,
2121 3066 2377 3132 Briccio
2429 3063 2680 3132 Chana-

410 3169 669 3254 diensi,
717 3170 1027 3255 Philippo
1057 3171 1388 3238 Waciensi
1443 3172 1591 3238 aule
1642 3172 1903 3239 domine
1953 3172 2200 3255 Regine
2250 3172 2678 3258 Cancellari0‚

404 3276 618 3344 Paulo
650 3274 1121 3360 Vesprimiensi
1172 3278 1323 3343 aule
1372 3285 1591 3344 nostre
1645 3277 2060 3346 Cancellario
2084 3329 2101 3362 ,
2171 3279 2530 3364 Tymotheo
2561 3280 2678 3345 Za·

409 3383 767 3470 grabiensi‚
800 3384 1187 3452 Lodomerio
1208 3385 1644 3470 Waradiensi,
1677 3385 1998 3471 Dyonisio
2028 3387 2362 3454 Jauriensi
2395 3395 2458 3453 et
2487 3387 2680 3454 Petro

411 3490 888 3559 Ttanssiluano
920 3490 1269 3575 Episcopis
1300 3491 1636 3559 Ecclesias
1673 3492 1795 3559 Dei
1834 3492 2110 3560 feliciter
2145 3493 2679 3577 gubernantibus.

407 3599 712 3668 Rolando
759 3598 1106 3685 Palatino,
1156 3598 1429 3667 Herrico
1469 3600 1652 3668 Bano
1705 3601 1912 3667 tocius
1949 3601 2333 3688 Sclauonie,
2381 3601 2677 3688 Nycolao

406 3706 730 3792 Voyuoda
780 3705 1256 3773 Transsiluano
1310 3706 1560 3774 Comite
1611 3706 1692 3772 de
1745 3708 2023 3775 Zounuk
2046 3761 2062 3793 ,
2108 3708 2427 3777 Joachino
2478 3708 2680 3791 Magi·

408 3823 547 3882 stro
597 3812 1113 3879 Tauarnicorum
1158 3820 1523 3880 nostrorum
1546 3866 1564 3901 ,
1611 3814 1947 3900 Reynoldo
1995 3814 2308 3898 Magistro
2339 3812 2681 3898 Dapifero·

407 3943 549 3989 rum
584 3927 952 3988 nostrorum
1004 3921 1254 3989 Comite
1286 3921 1822 4005 Zolgageuriensi
1844 3974 1861 4005 ‚
1923 3923 2130 3988 Paulo
2165 3924 2350 3987 Bano
2404 3920 2485 3986 de
2518 3920 2681 3987 Zeu-

409 4032 597 4113 rino,
643 4028 830 4110 Moys
866 4025 1114 4095 Comite
1165 4026 1600 4114 Symigiensi,
1649 4027 1955 4095 Deudalo
1993 4021 2675 4115 Comite'Zaladiensi,

408 4135 717 4204 Johanne
766 4134 1015 4201 Comite
1048 4133 1471 4218 Svpruniensi
1491 4185 1512 4221 ,
1570 4140 1635 4201 et
1677 4133 1829 4218 alijs
1868 4136 2363 4218 quampluribus
2397 4134 2676 4202 Comita-

409 4254 518 4310 tus
552 4239 767 4325 Regni
798 4239 1166 4306 tenentibus
1200 4247 1264 4306 et
1295 4240 1591 4307 honores.

410 4389 686 4456 (Eredetie
728 4381 1075 4452 bflrhartyan,
1121 4386 1348 4452 melyrdl
1392 4403 1427 4438 a
1470 4383 1679 4451 kiralyi
1724 4383 2019 4452 pensetnek
2064 4384 2322 4439 toreddke
2358 4384 2675 4456 voro-sarga

687 4474 1145 4541 selyemzsindron
1172 4477 1321 4543 fflgg,
1363 4492 1398 4527 a
1422 4478 1585 4528 budai
1618 4478 1724 4527 kir.
1753 4477 1997 4527 kamarai
2023 4473 2404 4544 leveltarban.)
