<?xml version="1.0" encoding="UTF-8"?>
<!DOCTYPE html PUBLIC "-//W3C//DTD XHTML 1.0 Transitional//EN"
    "http://www.w3.org/TR/xhtml1/DTD/xhtml1-transitional.dtd">
<html xmlns="http://www.w3.org/1999/xhtml" xml:lang="en" lang="en">
 <head>
  <title>
</title>
<meta http-equiv="Content-Type" content="text/html;charset=utf-8" />
  <meta name='ocr-system' content='tesseract 3.04.00' />
  <meta name='ocr-capabilities' content='ocr_page ocr_carea ocr_par ocr_line ocrx_word'/>
</head>
<body>
  <div class='ocr_page' id='page_1' title='image "./rpdkorijokmnytr00wenzgoog_0150.png"; bbox 0 0 3319 5249; ppageno 0'>
   <div class='ocr_carea' id='block_1_1' title="bbox 1798 262 1883 326">
    <p class='ocr_par' dir='ltr' id='par_1_1' title="bbox 1798 262 1883 326">
     <span class='ocr_line' id='line_1_1' title="bbox 1798 262 1883 326; baseline 0 0"><span class='ocrx_word' id='word_1_1' title='bbox 1798 262 1883 326; x_wconf 87' lang='lat'><strong>96</strong></span> 
     </span>
    </p>
   </div>
   <div class='ocr_carea' id='block_1_2' title="bbox 1658 355 1977 363">
    <p class='ocr_par' dir='ltr' id='par_1_2' title="bbox 1658 355 1977 363">
     <span class='ocr_line' id='line_1_2' title="bbox 1658 355 1977 363; baseline 0 4886"><span class='ocrx_word' id='word_1_2' title='bbox 1658 355 1977 363; x_wconf 95' lang='lat' dir='ltr'><strong> </strong></span> 
     </span>
    </p>
   </div>
   <div class='ocr_carea' id='block_1_3' title="bbox 1764 691 1869 758">
    <p class='ocr_par' dir='ltr' id='par_1_3' title="bbox 1764 691 1869 758">
     <span class='ocr_line' id='line_1_3' title="bbox 1764 691 1869 758; baseline 0 -1"><span class='ocrx_word' id='word_1_3' title='bbox 1764 691 1869 758; x_wconf 79' lang='lat'><strong>57.</strong></span> 
     </span>
    </p>
   </div>
   <div class='ocr_carea' id='block_1_4' title="bbox 689 890 2948 1190">
    <p class='ocr_par' dir='ltr' id='par_1_4' title="bbox 689 890 2948 1190">
     <span class='ocr_line' id='line_1_4' title="bbox 689 890 2947 978; baseline -0.001 -19"><span class='ocrx_word' id='word_1_4' title='bbox 689 894 749 959; x_wconf 91' lang='lat' dir='ltr'><strong><em>A</em></strong></span> <span class='ocrx_word' id='word_1_5' title='bbox 782 896 1044 959; x_wconf 74' lang='lat' dir='ltr'><strong>vasvdri</strong></span> <span class='ocrx_word' id='word_1_6' title='bbox 1091 891 1535 977; x_wconf 73' lang='lat' dir='ltr'><strong>kdptalannak</strong></span> <span class='ocrx_word' id='word_1_7' title='bbox 1585 890 2133 976; x_wconf 73' lang='lat' dir='ltr'><strong>bizonysa&#39;qlevele,</strong></span> <span class='ocrx_word' id='word_1_8' title='bbox 2182 895 2347 978; x_wconf 73' lang='lat' dir='ltr'><strong>hoqy</strong></span> <span class='ocrx_word' id='word_1_9' title='bbox 2388 895 2685 959; x_wconf 56' lang='lat' dir='ltr'><strong>Dav-uz&amp;</strong></span> <span class='ocrx_word' id='word_1_10' title='bbox 2721 904 2947 958; x_wconf 75' lang='lat' dir='ltr'><strong>mester</strong></span> 
     </span>
     <span class='ocr_line' id='line_1_5' title="bbox 689 998 2948 1088; baseline -0 -21"><span class='ocrx_word' id='word_1_11' title='bbox 689 1001 826 1067; x_wconf 66' lang='lat' dir='ltr'><strong>tbbb</strong></span> <span class='ocrx_word' id='word_1_12' title='bbox 865 998 1373 1088; x_wconf 58' lang='lat' dir='ltr'><strong>Apathu¹nkayai</strong></span> <span class='ocrx_word' id='word_1_13' title='bbox 1420 999 1735 1062; x_wconf 71' lang='lat' dir='ltr'><strong>wmanek</strong></span> <span class='ocrx_word' id='word_1_14' title='bbox 1788 999 1962 1061; x_wconf 81' lang='lat' dir='ltr'><strong>Rum</strong></span> <span class='ocrx_word' id='word_1_15' title='bbox 2010 1007 2167 1061; x_wconf 70' lang='lat' dir='ltr'><strong>nevil</strong></span> <span class='ocrx_word' id='word_1_16' title='bbox 2217 998 2596 1065; x_wconf 75' lang='lat' dir='ltr'><strong>birtokdban</strong></span> <span class='ocrx_word' id='word_1_17' title='bbox 2648 1002 2948 1086; x_wconf 77' lang='lat' dir='ltr'><strong>bizonyos</strong></span> 
     </span>
     <span class='ocr_line' id='line_1_6' title="bbox 1313 1105 2326 1190; baseline 0.001 -21"><span class='ocrx_word' id='word_1_18' title='bbox 1313 1105 1683 1170; x_wconf 63' lang='lat' dir='ltr'><strong>birtokreszt</strong></span> <span class='ocrx_word' id='word_1_19' title='bbox 1716 1108 2077 1190; x_wconf 75' lang='lat' dir='ltr'><strong>dtenqedett.</strong></span> <span class='ocrx_word' id='word_1_20' title='bbox 2132 1111 2326 1173; x_wconf 84' lang='lat'><em>1274.</em></span> 
     </span>
    </p>
   </div>
   <div class='ocr_carea' id='block_1_5' title="bbox 691 1301 3038 4301">
    <p class='ocr_par' dir='ltr' id='par_1_5' title="bbox 691 1301 3038 4301">
     <span class='ocr_line' id='line_1_7' title="bbox 905 1301 2951 1386; baseline -0 -16"><span class='ocrx_word' id='word_1_21' title='bbox 905 1305 1041 1370; x_wconf 86' lang='lat' dir='ltr'><strong>Nos</strong></span> <span class='ocrx_word' id='word_1_22' title='bbox 1062 1302 1431 1386; x_wconf 82' lang='lat' dir='ltr'>Capitulum</span> <span class='ocrx_word' id='word_1_23' title='bbox 1462 1301 1757 1369; x_wconf 87' lang='lat' dir='ltr'><strong>Ecclesie</strong></span> <span class='ocrx_word' id='word_1_24' title='bbox 1788 1303 2013 1370; x_wconf 79' lang='lat' dir='ltr'><strong>Sancti</strong></span> <span class='ocrx_word' id='word_1_25' title='bbox 2045 1301 2386 1369; x_wconf 75' lang='lat' dir='ltr'><strong>Michaelis</strong></span> <span class='ocrx_word' id='word_1_26' title='bbox 2420 1302 2502 1369; x_wconf 90' lang='lat' dir='ltr'><strong>de</strong></span> <span class='ocrx_word' id='word_1_27' title='bbox 2536 1303 2767 1371; x_wconf 86' lang='lat' dir='ltr'><strong>Castro</strong></span> <span class='ocrx_word' id='word_1_28' title='bbox 2793 1304 2951 1371; x_wconf 85' lang='lat' dir='ltr'><strong>Fer-</strong></span> 
     </span>
     <span class='ocr_line' id='line_1_8' title="bbox 694 1410 2950 1497; baseline 0 -18"><span class='ocrx_word' id='word_1_29' title='bbox 694 1435 802 1481; x_wconf 88' lang='lat' dir='ltr'><strong>reo</strong></span> <span class='ocrx_word' id='word_1_30' title='bbox 836 1433 951 1497; x_wconf 91' lang='lat' dir='ltr'><strong>per</strong></span> <span class='ocrx_word' id='word_1_31' title='bbox 982 1418 1320 1496; x_wconf 79' lang='lat' dir='ltr'>presentes</span> <span class='ocrx_word' id='word_1_32' title='bbox 1354 1410 1610 1478; x_wconf 82' lang='lat' dir='ltr'><strong>litteras</strong></span> <span class='ocrx_word' id='word_1_33' title='bbox 1643 1410 1874 1476; x_wconf 89' lang='lat' dir='ltr'><strong>damus</strong></span> <span class='ocrx_word' id='word_1_34' title='bbox 1907 1431 2027 1494; x_wconf 91' lang='lat' dir='ltr'><strong>pro</strong></span> <span class='ocrx_word' id='word_1_35' title='bbox 2058 1412 2392 1494; x_wconf 89' lang='lat' dir='ltr'><strong>memoria,</strong></span> <span class='ocrx_word' id='word_1_36' title='bbox 2427 1412 2600 1494; x_wconf 87' lang='lat' dir='ltr'><strong>quod</strong></span> <span class='ocrx_word' id='word_1_37' title='bbox 2634 1413 2950 1496; x_wconf 82' lang='lat' dir='ltr'><strong>Magister</strong></span> 
     </span>
     <span class='ocr_line' id='line_1_9' title="bbox 691 1519 3038 1611; baseline -0.001 -22"><span class='ocrx_word' id='word_1_38' title='bbox 691 1522 987 1589; x_wconf 89' lang='lat' dir='ltr'><strong>Druzlou</strong></span> <span class='ocrx_word' id='word_1_39' title='bbox 1038 1520 1210 1587; x_wconf 89' lang='lat' dir='ltr'><strong>filius</strong></span> <span class='ocrx_word' id='word_1_40' title='bbox 1260 1519 1529 1587; x_wconf 84' lang='lat' dir='ltr'><strong>Druzlai</strong></span> <span class='ocrx_word' id='word_1_41' title='bbox 1578 1540 1661 1586; x_wconf 83' lang='lat' dir='ltr'><strong>ex</strong></span> <span class='ocrx_word' id='word_1_42' title='bbox 1698 1541 1826 1586; x_wconf 88' lang='lat' dir='ltr'><strong>vna</strong></span> <span class='ocrx_word' id='word_1_43' title='bbox 1874 1527 2086 1607; x_wconf 90' lang='lat' dir='ltr'><strong>parte,</strong></span> <span class='ocrx_word' id='word_1_44' title='bbox 2135 1522 2386 1587; x_wconf 85' lang='lat' dir='ltr'><strong>Roman</strong></span> <span class='ocrx_word' id='word_1_45' title='bbox 2424 1521 2600 1588; x_wconf 89' lang='lat' dir='ltr'><strong>filius</strong></span> <span class='ocrx_word' id='word_1_46' title='bbox 2643 1521 2950 1608; x_wconf 87' lang='lat' dir='ltr'><strong>Hungud,</strong></span> <span class='ocrx_word' id='word_1_47' title='bbox 3030 1605 3038 1611; x_wconf 22' lang='grc' dir='ltr'>ι</span> 
     </span>
     <span class='ocr_line' id='line_1_10' title="bbox 695 1627 2951 1714; baseline -0.002 -18"><span class='ocrx_word' id='word_1_48' title='bbox 695 1629 965 1714; x_wconf 88' lang='lat' dir='ltr'><strong>Egidius</strong></span> <span class='ocrx_word' id='word_1_49' title='bbox 1026 1627 1197 1695; x_wconf 82' lang='lat' dir='ltr'><strong>filius</strong></span> <span class='ocrx_word' id='word_1_50' title='bbox 1257 1630 1475 1712; x_wconf 87' lang='lat' dir='ltr'><strong>Emsa,</strong></span> <span class='ocrx_word' id='word_1_51' title='bbox 1537 1628 1784 1693; x_wconf 85' lang='lat' dir='ltr'><strong>Paulus</strong></span> <span class='ocrx_word' id='word_1_52' title='bbox 1848 1628 2021 1695; x_wconf 89' lang='lat' dir='ltr'><strong>filius</strong></span> <span class='ocrx_word' id='word_1_53' title='bbox 2084 1628 2415 1713; x_wconf 79' lang='lat' dir='ltr'><strong>Stephani,</strong></span> <span class='ocrx_word' id='word_1_54' title='bbox 2479 1629 2710 1694; x_wconf 89' lang='lat' dir='ltr'><strong>Petrus</strong></span> <span class='ocrx_word' id='word_1_55' title='bbox 2773 1629 2951 1694; x_wconf 82' lang='lat' dir='ltr'><strong>filins</strong></span> 
     </span>
     <span class='ocr_line' id='line_1_11' title="bbox 693 1734 2954 1823; baseline 0.001 -22"><span class='ocrx_word' id='word_1_56' title='bbox 693 1738 931 1823; x_wconf 89' lang='lat' dir='ltr'><strong>Bensa,</strong></span> <span class='ocrx_word' id='word_1_57' title='bbox 979 1735 1360 1803; x_wconf 87' lang='lat' dir='ltr'><strong>Ambrosius</strong></span> <span class='ocrx_word' id='word_1_58' title='bbox 1395 1736 1565 1802; x_wconf 88' lang='lat' dir='ltr'><strong>filius</strong></span> <span class='ocrx_word' id='word_1_59' title='bbox 1597 1736 1874 1821; x_wconf 83' lang='lat' dir='ltr'><strong>Tywan,</strong></span> <span class='ocrx_word' id='word_1_60' title='bbox 1923 1735 2216 1820; x_wconf 87' lang='lat' dir='ltr'><strong>Loprech</strong></span> <span class='ocrx_word' id='word_1_61' title='bbox 2270 1734 2444 1803; x_wconf 88' lang='lat' dir='ltr'><strong>filius</strong></span> <span class='ocrx_word' id='word_1_62' title='bbox 2478 1735 2849 1818; x_wconf 86' lang='lat' dir='ltr'><strong>Clementis,</strong></span> <span class='ocrx_word' id='word_1_63' title='bbox 2885 1744 2954 1803; x_wconf 89' lang='lat' dir='ltr'><strong>et</strong></span> 
     </span>
     <span class='ocr_line' id='line_1_12' title="bbox 694 1833 2951 1928; baseline 0 -19"><span class='ocrx_word' id='word_1_64' title='bbox 694 1843 946 1927; x_wconf 86' lang='lat' dir='ltr'><strong>Sycusd</strong></span> <span class='ocrx_word' id='word_1_65' title='bbox 996 1843 1166 1908; x_wconf 91' lang='lat' dir='ltr'><strong>filius</strong></span> <span class='ocrx_word' id='word_1_66' title='bbox 1219 1843 1445 1910; x_wconf 85' lang='lat' dir='ltr'><strong>Theke</strong></span> <span class='ocrx_word' id='word_1_67' title='bbox 1483 1833 1744 1909; x_wconf 80' lang='lat' dir='ltr'><strong>&#39;nobiles</strong></span> <span class='ocrx_word' id='word_1_68' title='bbox 1794 1843 1876 1908; x_wconf 90' lang='lat' dir='ltr'><strong>de</strong></span> <span class='ocrx_word' id='word_1_69' title='bbox 1928 1841 2417 1928; x_wconf 87' lang='lat' dir='ltr'><strong>Apatbunkaya</strong></span> <span class='ocrx_word' id='word_1_70' title='bbox 2464 1863 2582 1928; x_wconf 84' lang='lat' dir='ltr'><strong>pro</strong></span> <span class='ocrx_word' id='word_1_71' title='bbox 2615 1864 2687 1910; x_wconf 90' lang='lat' dir='ltr'><strong>se</strong></span> <span class='ocrx_word' id='word_1_72' title='bbox 2737 1852 2802 1910; x_wconf 90' lang='lat' dir='ltr'><strong>ct</strong></span> <span class='ocrx_word' id='word_1_73' title='bbox 2833 1865 2951 1928; x_wconf 91' lang='lat' dir='ltr'><strong>pro</strong></span> 
     </span>
     <span class='ocr_line' id='line_1_13' title="bbox 693 1949 2954 2036; baseline 0 -19"><span class='ocrx_word' id='word_1_74' title='bbox 693 1960 832 2018; x_wconf 81' lang='lat' dir='ltr'><strong>tota</strong></span> <span class='ocrx_word' id='word_1_75' title='bbox 863 1949 1289 2034; x_wconf 81' lang='lat' dir='ltr'><strong>generacione</strong></span> <span class='ocrx_word' id='word_1_76' title='bbox 1341 1971 1464 2017; x_wconf 88' lang='lat' dir='ltr'><strong>sua</strong></span> <span class='ocrx_word' id='word_1_77' title='bbox 1483 2002 1501 2035; x_wconf 94' lang='lat'><strong>,</strong></span> <span class='ocrx_word' id='word_1_78' title='bbox 1548 1957 1819 2036; x_wconf 87' lang='lat' dir='ltr'><strong>excepto</strong></span> <span class='ocrx_word' id='word_1_79' title='bbox 1852 1950 2126 2017; x_wconf 88' lang='lat' dir='ltr'><strong>Nicolao</strong></span> <span class='ocrx_word' id='word_1_80' title='bbox 2164 1950 2292 2018; x_wconf 85' lang='lat' dir='ltr'><strong>filio</strong></span> <span class='ocrx_word' id='word_1_81' title='bbox 2325 1950 2648 2017; x_wconf 87' lang='lat' dir='ltr'><strong>Theodori</strong></span> <span class='ocrx_word' id='word_1_82' title='bbox 2698 1960 2763 2017; x_wconf 91' lang='lat' dir='ltr'><strong>et</strong></span> <span class='ocrx_word' id='word_1_83' title='bbox 2795 1952 2954 2017; x_wconf 91' lang='lat' dir='ltr'><strong>filiis</strong></span> 
     </span>
     <span class='ocr_line' id='line_1_14' title="bbox 693 2043 2955 2142; baseline 0.001 -19"><span class='ocrx_word' id='word_1_84' title='bbox 693 2059 830 2124; x_wconf 88' lang='lat' dir='ltr'><strong>suis</strong></span> <span class='ocrx_word' id='word_1_85' title='bbox 864 2043 944 2124; x_wconf 84' lang='lat' dir='ltr'><strong>ex</strong></span> <span class='ocrx_word' id='word_1_86' title='bbox 976 2059 1205 2138; x_wconf 87' lang='lat' dir='ltr'><strong>altera,</strong></span> <span class='ocrx_word' id='word_1_87' title='bbox 1236 2078 1453 2124; x_wconf 90' lang='lat' dir='ltr'><strong>coram</strong></span> <span class='ocrx_word' id='word_1_88' title='bbox 1485 2057 1674 2123; x_wconf 89' lang='lat' dir='ltr'><strong>nobis</strong></span> <span class='ocrx_word' id='word_1_89' title='bbox 1707 2058 2057 2141; x_wconf 87' lang='lat' dir='ltr'><strong>constituti,</strong></span> <span class='ocrx_word' id='word_1_90' title='bbox 2086 2057 2269 2124; x_wconf 62' lang='lat' dir='ltr'><strong>idem,</strong></span> <span class='ocrx_word' id='word_1_91' title='bbox 2289 2059 2600 2142; x_wconf 84' lang='lat' dir='ltr'><strong>Magister</strong></span> <span class='ocrx_word' id='word_1_92' title='bbox 2623 2061 2955 2125; x_wconf 89' lang='lat' dir='ltr'><strong>Durnzlou</strong></span> 
     </span>
     <span class='ocr_line' id='line_1_15' title="bbox 693 2164 2953 2234; baseline 0 -3"><span class='ocrx_word' id='word_1_93' title='bbox 693 2174 931 2232; x_wconf 87' lang='lat' dir='ltr'><strong>terram</strong></span> <span class='ocrx_word' id='word_1_94' title='bbox 982 2164 1068 2230; x_wconf 92' lang='lat' dir='ltr'><strong>ad</strong></span> <span class='ocrx_word' id='word_1_95' title='bbox 1102 2185 1256 2232; x_wconf 89' lang='lat' dir='ltr'><strong>usus</strong></span> <span class='ocrx_word' id='word_1_96' title='bbox 1307 2165 1582 2232; x_wconf 90' lang='lat' dir='ltr'><strong>duorum</strong></span> <span class='ocrx_word' id='word_1_97' title='bbox 1613 2172 1976 2230; x_wconf 86' lang='lat' dir='ltr'><strong>aratrorum</strong></span> <span class='ocrx_word' id='word_1_98' title='bbox 2015 2164 2446 2232; x_wconf 86' lang='lat' dir='ltr'><strong>sufficientem</strong></span> <span class='ocrx_word' id='word_1_99' title='bbox 2483 2169 2669 2234; x_wconf 84' lang='lat' dir='ltr'><strong>iuxta</strong></span> <span class='ocrx_word' id='word_1_100' title='bbox 2701 2186 2953 2234; x_wconf 91' lang='lat' dir='ltr'><strong>mensu-</strong></span> 
     </span>
     <span class='ocr_line' id='line_1_16' title="bbox 699 2273 2954 2360; baseline 0 -20"><span class='ocrx_word' id='word_1_101' title='bbox 699 2294 838 2340; x_wconf 89' lang='lat' dir='ltr'><strong>ram</strong></span> <span class='ocrx_word' id='word_1_102' title='bbox 867 2273 1077 2356; x_wconf 83' lang='lat' dir='ltr'><strong>Regni</strong></span> <span class='ocrx_word' id='word_1_103' title='bbox 1125 2275 1555 2358; x_wconf 84' lang='lat' dir='ltr'><strong>approbatam</strong></span> <span class='ocrx_word' id='word_1_104' title='bbox 1596 2273 1659 2338; x_wconf 88' lang='lat' dir='ltr'><strong>in</strong></span> <span class='ocrx_word' id='word_1_105' title='bbox 1696 2281 1868 2339; x_wconf 89' lang='lat' dir='ltr'><strong>terra</strong></span> <span class='ocrx_word' id='word_1_106' title='bbox 1911 2294 2030 2340; x_wconf 92' lang='lat' dir='ltr'><strong>sua</strong></span> <span class='ocrx_word' id='word_1_107' title='bbox 2070 2275 2227 2340; x_wconf 82' lang='lat' dir='ltr'><strong>Rum</strong></span> <span class='ocrx_word' id='word_1_108' title='bbox 2264 2283 2514 2360; x_wconf 84' lang='lat' dir='ltr'><strong>vocata,</strong></span> <span class='ocrx_word' id='word_1_109' title='bbox 2552 2276 2796 2342; x_wconf 88' lang='lat' dir='ltr'><strong>collata</strong></span> <span class='ocrx_word' id='word_1_110' title='bbox 2829 2276 2954 2341; x_wconf 89' lang='lat' dir='ltr'><strong>sibi</strong></span> 
     </span>
     <span class='ocr_line' id='line_1_17' title="bbox 698 2381 2952 2467; baseline 0 -19"><span class='ocrx_word' id='word_1_111' title='bbox 698 2404 741 2449; x_wconf 88' lang='lat' dir='ltr'><strong>a</strong></span> <span class='ocrx_word' id='word_1_112' title='bbox 772 2382 1029 2448; x_wconf 89' lang='lat' dir='ltr'><strong>domino</strong></span> <span class='ocrx_word' id='word_1_113' title='bbox 1062 2388 1281 2447; x_wconf 88' lang='lat' dir='ltr'><strong>nostro</strong></span> <span class='ocrx_word' id='word_1_114' title='bbox 1331 2381 1568 2448; x_wconf 89' lang='lat' dir='ltr'><strong>illustri</strong></span> <span class='ocrx_word' id='word_1_115' title='bbox 1618 2383 1795 2463; x_wconf 90' lang='lat' dir='ltr'><strong>Rege</strong></span> <span class='ocrx_word' id='word_1_116' title='bbox 1836 2381 2164 2467; x_wconf 85' lang='lat' dir='ltr'><strong>Ladizlao,</strong></span> <span class='ocrx_word' id='word_1_117' title='bbox 2219 2389 2288 2448; x_wconf 88' lang='lat' dir='ltr'><strong>vt</strong></span> <span class='ocrx_word' id='word_1_118' title='bbox 2320 2383 2637 2466; x_wconf 83' lang='lat' dir='ltr'><strong>dicebant,</strong></span> <span class='ocrx_word' id='word_1_119' title='bbox 2695 2383 2952 2449; x_wconf 86' lang='lat' dir='ltr'><strong>racione</strong></span> 
     </span>
     <span class='ocr_line' id='line_1_18' title="bbox 698 2488 2952 2575; baseline 0 -20"><span class='ocrx_word' id='word_1_120' title='bbox 698 2490 1133 2575; x_wconf 87' lang='lat' dir='ltr'><strong>cognacionis,</strong></span> <span class='ocrx_word' id='word_1_121' title='bbox 1185 2489 1769 2571; x_wconf 82' lang='lat' dir='ltr'><strong>consanguinitatis</strong></span> <span class='ocrx_word' id='word_1_122' title='bbox 1803 2495 1867 2554; x_wconf 94' lang='lat' dir='ltr'><strong>et</strong></span> <span class='ocrx_word' id='word_1_123' title='bbox 1899 2489 2243 2558; x_wconf 85' lang='lat' dir='ltr'><strong>affinitatis</strong></span> <span class='ocrx_word' id='word_1_124' title='bbox 2275 2489 2456 2558; x_wconf 87' lang='lat' dir='ltr'><strong>dedit</strong></span> <span class='ocrx_word' id='word_1_125' title='bbox 2488 2488 2736 2557; x_wconf 86' lang='lat' dir='ltr'><strong>eisdem</strong></span> <span class='ocrx_word' id='word_1_126' title='bbox 2770 2492 2952 2557; x_wconf 91' lang='lat' dir='ltr'><strong>nobi-</strong></span> 
     </span>
     <span class='ocr_line' id='line_1_19' title="bbox 699 2596 2951 2685; baseline 0 -21"><span class='ocrx_word' id='word_1_127' title='bbox 699 2598 871 2665; x_wconf 90' lang='lat' dir='ltr'><strong>libus</strong></span> <span class='ocrx_word' id='word_1_128' title='bbox 940 2619 982 2664; x_wconf 90' lang='lat' dir='ltr'><strong>a</strong></span> <span class='ocrx_word' id='word_1_129' title='bbox 1027 2604 1211 2683; x_wconf 92' lang='lat' dir='ltr'><strong>parte</strong></span> <span class='ocrx_word' id='word_1_130' title='bbox 1263 2603 1433 2665; x_wconf 84' lang='lat' dir='ltr'><strong>terre</strong></span> <span class='ocrx_word' id='word_1_131' title='bbox 1502 2596 1853 2666; x_wconf 89' lang='lat' dir='ltr'><strong>eorundem</strong></span> <span class='ocrx_word' id='word_1_132' title='bbox 1909 2599 1991 2665; x_wconf 89' lang='lat' dir='ltr'><strong>ab</strong></span> <span class='ocrx_word' id='word_1_133' title='bbox 2044 2597 2375 2665; x_wconf 88' lang='lat' dir='ltr'><strong>occidente</strong></span> <span class='ocrx_word' id='word_1_134' title='bbox 2447 2597 2951 2685; x_wconf 79' lang='lat' dir='ltr'><strong>progrediendO,</strong></span> 
     </span>
     <span class='ocr_line' id='line_1_20' title="bbox 698 2705 2948 2793; baseline 0.001 -22"><span class='ocrx_word' id='word_1_135' title='bbox 698 2726 898 2789; x_wconf 89' lang='lat' dir='ltr'><strong>penes</strong></span> <span class='ocrx_word' id='word_1_136' title='bbox 931 2712 1168 2772; x_wconf 90' lang='lat' dir='ltr'><strong>terram</strong></span> <span class='ocrx_word' id='word_1_137' title='bbox 1205 2706 1523 2774; x_wconf 83' lang='lat' dir='ltr'><strong>Gothardi</strong></span> <span class='ocrx_word' id='word_1_138' title='bbox 1551 2705 1668 2791; x_wconf 85' lang='lat' dir='ltr'><strong>filij</strong></span> <span class='ocrx_word' id='word_1_139' title='bbox 1691 2707 1877 2773; x_wconf 89' lang='lat' dir='ltr'><strong>Pauli</strong></span> <span class='ocrx_word' id='word_1_140' title='bbox 1912 2707 2296 2792; x_wconf 90' lang='lat' dir='ltr'><strong>complendo</strong></span> <span class='ocrx_word' id='word_1_141' title='bbox 2331 2728 2447 2793; x_wconf 89' lang='lat' dir='ltr'><strong>per</strong></span> <span class='ocrx_word' id='word_1_142' title='bbox 2480 2707 2948 2792; x_wconf 86' lang='lat' dir='ltr'><strong>longitudinem</strong></span> 
     </span>
     <span class='ocr_line' id='line_1_21' title="bbox 698 2814 2952 2901; baseline 0.001 -19"><span class='ocrx_word' id='word_1_143' title='bbox 698 2834 902 2896; x_wconf 88' lang='lat' dir='ltr'><strong>vsque</strong></span> <span class='ocrx_word' id='word_1_144' title='bbox 935 2835 1235 2899; x_wconf 90' lang='lat' dir='ltr'><strong>magnam</strong></span> <span class='ocrx_word' id='word_1_145' title='bbox 1290 2820 1561 2880; x_wconf 85' lang='lat' dir='ltr'><strong>stratam</strong></span> <span class='ocrx_word' id='word_1_146' title='bbox 1613 2834 1842 2881; x_wconf 86' lang='lat' dir='ltr'><strong>versus</strong></span> <span class='ocrx_word' id='word_1_147' title='bbox 1891 2814 2202 2881; x_wconf 88' lang='lat' dir='ltr'><strong>orientem</strong></span> <span class='ocrx_word' id='word_1_148' title='bbox 2256 2818 2391 2881; x_wconf 87' lang='lat' dir='ltr'><strong>iure</strong></span> <span class='ocrx_word' id='word_1_149' title='bbox 2442 2823 2755 2901; x_wconf 87' lang='lat' dir='ltr'><strong>perpetuo</strong></span> <span class='ocrx_word' id='word_1_150' title='bbox 2807 2839 2952 2901; x_wconf 86' lang='lat' dir='ltr'><strong>pos-</strong></span> 
     </span>
     <span class='ocr_line' id='line_1_22' title="bbox 698 2921 2950 3006; baseline -0.001 -16"><span class='ocrx_word' id='word_1_151' title='bbox 698 2922 1036 2990; x_wconf 89' lang='lat' dir='ltr'><strong>sidendam</strong></span> <span class='ocrx_word' id='word_1_152' title='bbox 1071 2923 1186 3005; x_wconf 90' lang='lat' dir='ltr'><strong>ita,</strong></span> <span class='ocrx_word' id='word_1_153' title='bbox 1218 2928 1288 2987; x_wconf 86' lang='lat' dir='ltr'><strong>vt</strong></span> <span class='ocrx_word' id='word_1_154' title='bbox 1322 2921 1510 3006; x_wconf 90' lang='lat' dir='ltr'><strong>lapsu</strong></span> <span class='ocrx_word' id='word_1_155' title='bbox 1545 2922 1853 3006; x_wconf 88' lang='lat' dir='ltr'><strong>temporis</strong></span> <span class='ocrx_word' id='word_1_156' title='bbox 1886 2941 2006 2989; x_wconf 88' lang='lat' dir='ltr'><strong>nec</strong></span> <span class='ocrx_word' id='word_1_157' title='bbox 2038 2923 2254 2988; x_wconf 87' lang='lat' dir='ltr'><strong>dictus</strong></span> <span class='ocrx_word' id='word_1_158' title='bbox 2288 2922 2596 3006; x_wconf 89' lang='lat' dir='ltr'><strong>Magister</strong></span> <span class='ocrx_word' id='word_1_159' title='bbox 2627 2925 2950 2990; x_wconf 85' lang='lat' dir='ltr'><strong>Druzlaus</strong></span> 
     </span>
     <span class='ocr_line' id='line_1_23' title="bbox 699 3027 2950 3114; baseline 0.001 -17"><span class='ocrx_word' id='word_1_160' title='bbox 699 3051 813 3097; x_wconf 86' lang='lat' dir='ltr'><strong>seu</strong></span> <span class='ocrx_word' id='word_1_161' title='bbox 864 3028 1130 3113; x_wconf 85' lang='lat' dir='ltr'><strong>cognati</strong></span> <span class='ocrx_word' id='word_1_162' title='bbox 1180 3029 1263 3094; x_wconf 90' lang='lat' dir='ltr'><strong>de</strong></span> <span class='ocrx_word' id='word_1_163' title='bbox 1295 3049 1416 3094; x_wconf 90' lang='lat' dir='ltr'><strong>sua</strong></span> <span class='ocrx_word' id='word_1_164' title='bbox 1447 3028 1626 3094; x_wconf 90' lang='lat' dir='ltr'><strong>linea</strong></span> <span class='ocrx_word' id='word_1_165' title='bbox 1675 3027 2263 3096; x_wconf 87' lang='lat' dir='ltr'><strong>condescendentes</strong></span> <span class='ocrx_word' id='word_1_166' title='bbox 2315 3029 2667 3114; x_wconf 88' lang='lat' dir='ltr'><strong>predictam</strong></span> <span class='ocrx_word' id='word_1_167' title='bbox 2709 3040 2950 3098; x_wconf 89' lang='lat' dir='ltr'><strong>terram</strong></span> 
     </span>
     <span class='ocr_line' id='line_1_24' title="bbox 700 3136 2951 3223; baseline 0.002 -20"><span class='ocrx_word' id='word_1_168' title='bbox 700 3138 967 3204; x_wconf 86' lang='lat' dir='ltr'><strong>duorum</strong></span> <span class='ocrx_word' id='word_1_169' title='bbox 1003 3145 1362 3202; x_wconf 87' lang='lat' dir='ltr'><strong>aratrorum</strong></span> <span class='ocrx_word' id='word_1_170' title='bbox 1395 3136 1616 3202; x_wconf 88' lang='lat' dir='ltr'><strong>datam</strong></span> <span class='ocrx_word' id='word_1_171' title='bbox 1659 3137 1851 3203; x_wconf 89' lang='lat' dir='ltr'><strong>dictis</strong></span> <span class='ocrx_word' id='word_1_172' title='bbox 1901 3137 2228 3204; x_wconf 89' lang='lat' dir='ltr'><strong>nobilibus</strong></span> <span class='ocrx_word' id='word_1_173' title='bbox 2272 3143 2570 3223; x_wconf 90' lang='lat' dir='ltr'><strong>poterunt</strong></span> <span class='ocrx_word' id='word_1_174' title='bbox 2606 3158 2951 3223; x_wconf 88' lang='lat' dir='ltr'><strong>reuocare;</strong></span> 
     </span>
     <span class='ocr_line' id='line_1_25' title="bbox 703 3243 2952 3328; baseline 0 -16"><span class='ocrx_word' id='word_1_175' title='bbox 703 3267 738 3312; x_wconf 93' lang='lat' dir='ltr'><strong>e</strong></span> <span class='ocrx_word' id='word_1_176' title='bbox 789 3263 1103 3311; x_wconf 85' lang='lat' dir='ltr'><strong>conuerso</strong></span> <span class='ocrx_word' id='word_1_177' title='bbox 1138 3264 1260 3309; x_wconf 89' lang='lat' dir='ltr'><strong>nec</strong></span> <span class='ocrx_word' id='word_1_178' title='bbox 1309 3243 1503 3328; x_wconf 88' lang='lat' dir='ltr'><strong>ijdem</strong></span> <span class='ocrx_word' id='word_1_179' title='bbox 1555 3243 1814 3311; x_wconf 88' lang='lat' dir='ltr'><strong>nobiles</strong></span> <span class='ocrx_word' id='word_1_180' title='bbox 1848 3245 2025 3311; x_wconf 79' lang='lat' dir='ltr'><strong>ultra</strong></span> <span class='ocrx_word' id='word_1_181' title='bbox 2074 3245 2222 3327; x_wconf 91' lang='lat' dir='ltr'><strong>ipsa</strong></span> <span class='ocrx_word' id='word_1_182' title='bbox 2253 3243 2379 3310; x_wconf 90' lang='lat' dir='ltr'><strong>duo</strong></span> <span class='ocrx_word' id='word_1_183' title='bbox 2433 3252 2653 3311; x_wconf 81' lang='lat' dir='ltr'><strong>aratra</strong></span> <span class='ocrx_word' id='word_1_184' title='bbox 2710 3247 2952 3312; x_wconf 89' lang='lat' dir='ltr'><strong>dictum</strong></span> 
     </span>
     <span class='ocr_line' id='line_1_26' title="bbox 702 3350 2944 3436; baseline 0.001 -18"><span class='ocrx_word' id='word_1_185' title='bbox 702 3353 1083 3435; x_wconf 88' lang='lat' dir='ltr'><strong>magistrum</strong></span> <span class='ocrx_word' id='word_1_186' title='bbox 1105 3350 1456 3417; x_wconf 90' lang='lat' dir='ltr'><strong>Druzlaum</strong></span> <span class='ocrx_word' id='word_1_187' title='bbox 1486 3358 1599 3416; x_wconf 88' lang='lat' dir='ltr'><strong>aut</strong></span> <span class='ocrx_word' id='word_1_188' title='bbox 1634 3368 1786 3419; x_wconf 88' lang='lat' dir='ltr'><strong>suos</strong></span> <span class='ocrx_word' id='word_1_189' title='bbox 1812 3351 2208 3436; x_wconf 88' lang='lat' dir='ltr'><strong>propinguos</strong></span> <span class='ocrx_word' id='word_1_190' title='bbox 2240 3358 2539 3436; x_wconf 88' lang='lat' dir='ltr'><strong>poterunt</strong></span> <span class='ocrx_word' id='word_1_191' title='bbox 2572 3354 2944 3435; x_wconf 88' lang='lat' dir='ltr'><strong>molestare;</strong></span> 
     </span>
     <span class='ocr_line' id='line_1_27' title="bbox 702 3460 2958 3545; baseline 0 -18"><span class='ocrx_word' id='word_1_192' title='bbox 702 3470 765 3527; x_wconf 90' lang='lat' dir='ltr'><strong>et</strong></span> <span class='ocrx_word' id='word_1_193' title='bbox 797 3462 852 3527; x_wconf 92' lang='lat' dir='ltr'><strong>si</strong></span> <span class='ocrx_word' id='word_1_194' title='bbox 885 3481 1078 3545; x_wconf 87' lang='lat' dir='ltr'><strong>quam</strong></span> <span class='ocrx_word' id='word_1_195' title='bbox 1109 3460 1404 3545; x_wconf 88' lang='lat' dir='ltr'><strong>parcium</strong></span> <span class='ocrx_word' id='word_1_196' title='bbox 1437 3462 1784 3526; x_wconf 86' lang='lat' dir='ltr'><strong>molestare</strong></span> <span class='ocrx_word' id='word_1_197' title='bbox 1826 3463 2303 3545; x_wconf 86' lang='lat' dir='ltr'><strong>attemptarent,</strong></span> <span class='ocrx_word' id='word_1_198' title='bbox 2354 3467 2506 3525; x_wconf 90' lang='lat' dir='ltr'><strong>ante</strong></span> <span class='ocrx_word' id='word_1_199' title='bbox 2537 3461 2671 3527; x_wconf 89' lang='lat' dir='ltr'><strong>litis</strong></span> <span class='ocrx_word' id='word_1_200' title='bbox 2705 3463 2958 3544; x_wconf 84' lang='lat' dir='ltr'><strong>ingres·</strong></span> 
     </span>
     <span class='ocr_line' id='line_1_28' title="bbox 700 3566 2950 3653; baseline -0.001 -17"><span class='ocrx_word' id='word_1_201' title='bbox 700 3592 842 3636; x_wconf 91' lang='lat' dir='ltr'><strong>sum</strong></span> <span class='ocrx_word' id='word_1_202' title='bbox 876 3569 1044 3652; x_wconf 85' lang='lat' dir='ltr'><strong>parti</strong></span> <span class='ocrx_word' id='word_1_203' title='bbox 1077 3568 1263 3634; x_wconf 85' lang='lat' dir='ltr'><strong>alteri</strong></span> <span class='ocrx_word' id='word_1_204' title='bbox 1298 3568 1362 3633; x_wconf 91' lang='lat' dir='ltr'><strong>in</strong></span> <span class='ocrx_word' id='word_1_205' title='bbox 1395 3568 1601 3634; x_wconf 87' lang='lat' dir='ltr'><strong>tribus</strong></span> <span class='ocrx_word' id='word_1_206' title='bbox 1634 3567 1869 3632; x_wconf 89' lang='lat' dir='ltr'><strong>marcis</strong></span> <span class='ocrx_word' id='word_1_207' title='bbox 1905 3567 2255 3650; x_wconf 82' lang='lat' dir='ltr'><strong>tenebitur3</strong></span> <span class='ocrx_word' id='word_1_208' title='bbox 2298 3566 2417 3633; x_wconf 87' lang='lat' dir='ltr'><strong>boc</strong></span> <span class='ocrx_word' id='word_1_209' title='bbox 2452 3577 2517 3634; x_wconf 90' lang='lat' dir='ltr'><strong>et</strong></span> <span class='ocrx_word' id='word_1_210' title='bbox 2547 3569 2950 3653; x_wconf 70' lang='lat' dir='ltr'><strong>intel-posim,</strong></span> 
     </span>
     <span class='ocr_line' id='line_1_29' title="bbox 700 3674 2952 3764; baseline -0.001 -19"><span class='ocrx_word' id='word_1_211' title='bbox 700 3676 871 3761; x_wconf 87' lang='lat' dir='ltr'><strong>quod</strong></span> <span class='ocrx_word' id='word_1_212' title='bbox 932 3678 986 3743; x_wconf 92' lang='lat' dir='ltr'><strong>si</strong></span> <span class='ocrx_word' id='word_1_213' title='bbox 1050 3675 1565 3760; x_wconf 88' lang='lat' dir='ltr'><strong>quandocunque</strong></span> <span class='ocrx_word' id='word_1_214' title='bbox 1647 3682 1780 3741; x_wconf 88' lang='lat' dir='ltr'><strong>tam</strong></span> <span class='ocrx_word' id='word_1_215' title='bbox 1842 3674 2052 3760; x_wconf 89' lang='lat' dir='ltr'><strong>ipsum</strong></span> <span class='ocrx_word' id='word_1_216' title='bbox 2123 3676 2506 3761; x_wconf 88' lang='lat' dir='ltr'><strong>Magistrum</strong></span> <span class='ocrx_word' id='word_1_217' title='bbox 2571 3678 2952 3764; x_wconf 89' lang='lat' dir='ltr'><strong>Druzlaum,</strong></span> 
     </span>
     <span class='ocr_line' id='line_1_30' title="bbox 701 3784 2955 3872; baseline -0.001 -19"><span class='ocrx_word' id='word_1_218' title='bbox 701 3807 892 3872; x_wconf 88' lang='lat' dir='ltr'><strong>quam</strong></span> <span class='ocrx_word' id='word_1_219' title='bbox 946 3786 1229 3871; x_wconf 85' lang='lat' dir='ltr'><strong>prefatos</strong></span> <span class='ocrx_word' id='word_1_220' title='bbox 1281 3784 1534 3851; x_wconf 90' lang='lat' dir='ltr'><strong>nobiles</strong></span> <span class='ocrx_word' id='word_1_221' title='bbox 1586 3803 1788 3851; x_wconf 88' lang='lat' dir='ltr'><strong>causa</strong></span> <span class='ocrx_word' id='word_1_222' title='bbox 1844 3804 2038 3868; x_wconf 87' lang='lat' dir='ltr'><strong>super</strong></span> <span class='ocrx_word' id='word_1_223' title='bbox 2089 3784 2262 3851; x_wconf 89' lang='lat' dir='ltr'><strong>facto</strong></span> <span class='ocrx_word' id='word_1_224' title='bbox 2307 3791 2474 3850; x_wconf 84' lang='lat' dir='ltr'><strong>terre</strong></span> <span class='ocrx_word' id='word_1_225' title='bbox 2508 3787 2669 3850; x_wconf 91' lang='lat' dir='ltr'><strong>Rum</strong></span> <span class='ocrx_word' id='word_1_226' title='bbox 2704 3787 2955 3852; x_wconf 86' lang='lat' dir='ltr'><strong>inueni-</strong></span> 
     </span>
     <span class='ocr_line' id='line_1_31' title="bbox 700 3891 2959 3979; baseline 0 -20"><span class='ocrx_word' id='word_1_227' title='bbox 700 3901 859 3977; x_wconf 90' lang='lat' dir='ltr'><strong>rent,</strong></span> <span class='ocrx_word' id='word_1_228' title='bbox 890 3901 1185 3959; x_wconf 89' lang='lat' dir='ltr'><strong>tenerent</strong></span> <span class='ocrx_word' id='word_1_229' title='bbox 1217 3913 1286 3959; x_wconf 91' lang='lat' dir='ltr'><strong>se</strong></span> <span class='ocrx_word' id='word_1_230' title='bbox 1316 3891 1386 3958; x_wconf 94' lang='lat' dir='ltr'><strong>in</strong></span> <span class='ocrx_word' id='word_1_231' title='bbox 1419 3894 1800 3959; x_wconf 89' lang='lat' dir='ltr'><strong>alterutrum</strong></span> <span class='ocrx_word' id='word_1_232' title='bbox 1840 3893 2047 3959; x_wconf 89' lang='lat' dir='ltr'><strong>modis</strong></span> <span class='ocrx_word' id='word_1_233' title='bbox 2084 3894 2379 3959; x_wconf 89' lang='lat' dir='ltr'><strong>omnibus</strong></span> <span class='ocrx_word' id='word_1_234' title='bbox 2414 3894 2755 3978; x_wconf 82' lang='lat' dir='ltr'><strong>adiuuare3</strong></span> <span class='ocrx_word' id='word_1_235' title='bbox 2804 3914 2959 3979; x_wconf 88' lang='lat' dir='ltr'><strong>pars</strong></span> 
     </span>
     <span class='ocr_line' id='line_1_32' title="bbox 702 4000 2959 4087; baseline -0 -19"><span class='ocrx_word' id='word_1_236' title='bbox 702 4023 873 4084; x_wconf 85' lang='lat' dir='ltr'><strong>vero,</strong></span> <span class='ocrx_word' id='word_1_237' title='bbox 925 4021 1049 4084; x_wconf 90' lang='lat' dir='ltr'><strong>que</strong></span> <span class='ocrx_word' id='word_1_238' title='bbox 1099 4004 1161 4066; x_wconf 89' lang='lat' dir='ltr'><strong>in</strong></span> <span class='ocrx_word' id='word_1_239' title='bbox 1217 4000 1338 4067; x_wconf 88' lang='lat' dir='ltr'><strong>boc</strong></span> <span class='ocrx_word' id='word_1_240' title='bbox 1395 4001 1734 4083; x_wconf 83' lang='lat' dir='ltr'><strong>negligens</strong></span> <span class='ocrx_word' id='word_1_241' title='bbox 1789 4001 2075 4067; x_wconf 85' lang='lat' dir='ltr'><strong>extiterit</strong></span> <span class='ocrx_word' id='word_1_242' title='bbox 2135 4002 2200 4068; x_wconf 91' lang='lat' dir='ltr'><strong>in</strong></span> <span class='ocrx_word' id='word_1_243' title='bbox 2236 4003 2444 4069; x_wconf 81' lang='lat' dir='ltr'><strong>tribus</strong></span> <span class='ocrx_word' id='word_1_244' title='bbox 2494 4004 2736 4069; x_wconf 89' lang='lat' dir='ltr'><strong>marcis</strong></span> <span class='ocrx_word' id='word_1_245' title='bbox 2785 4004 2959 4087; x_wconf 89' lang='lat' dir='ltr'><strong>parti</strong></span> 
     </span>
     <span class='ocr_line' id='line_1_33' title="bbox 704 4108 2961 4193; baseline 0.002 -20"><span class='ocrx_word' id='word_1_246' title='bbox 704 4108 893 4176; x_wconf 86' lang='lat' dir='ltr'><strong>alteri</strong></span> <span class='ocrx_word' id='word_1_247' title='bbox 925 4109 1305 4174; x_wconf 89' lang='lat' dir='ltr'><strong>subiacebit.</strong></span> <span class='ocrx_word' id='word_1_248' title='bbox 1373 4110 1618 4176; x_wconf 90' lang='lat' dir='ltr'><strong>Datum</strong></span> <span class='ocrx_word' id='word_1_249' title='bbox 1651 4108 1717 4174; x_wconf 91' lang='lat' dir='ltr'><strong>in</strong></span> <span class='ocrx_word' id='word_1_250' title='bbox 1751 4109 2082 4192; x_wconf 90' lang='lat' dir='ltr'><strong>quindena</strong></span> <span class='ocrx_word' id='word_1_251' title='bbox 2112 4111 2575 4177; x_wconf 83' lang='lat' dir='ltr'><strong>Penthecostes</strong></span> <span class='ocrx_word' id='word_1_252' title='bbox 2611 4130 2781 4177; x_wconf 89' lang='lat' dir='ltr'><strong>anno</strong></span> <span class='ocrx_word' id='word_1_253' title='bbox 2816 4131 2961 4193; x_wconf 84' lang='lat' dir='ltr'><strong>gra-</strong></span> 
     </span>
     <span class='ocr_line' id='line_1_34' title="bbox 702 4215 1851 4301; baseline 0.001 -19"><span class='ocrx_word' id='word_1_254' title='bbox 702 4216 801 4283; x_wconf 88' lang='lat' dir='ltr'><strong>cie</strong></span> <span class='ocrx_word' id='word_1_255' title='bbox 839 4215 1179 4282; x_wconf 84' lang='lat' dir='ltr'><strong>millesimo</strong></span> <span class='ocrx_word' id='word_1_256' title='bbox 1220 4215 1562 4283; x_wconf 85' lang='lat' dir='ltr'>CC⁰LXX⁰</span> <span class='ocrx_word' id='word_1_257' title='bbox 1599 4226 1851 4301; x_wconf 78' lang='lat' dir='ltr'><strong>quarto,</strong></span> 
     </span>
    </p>
   </div>
   <div class='ocr_carea' id='block_1_6' title="bbox 700 4374 2962 4626">
    <p class='ocr_par' dir='ltr' id='par_1_6' title="bbox 700 4374 2962 4626">
     <span class='ocr_line' id='line_1_35' title="bbox 703 4374 2962 4447; baseline 0 -19"><span class='ocrx_word' id='word_1_258' title='bbox 703 4378 925 4444; x_wconf 63' lang='lat' dir='ltr'><strong>(Ugyan</strong></span> <span class='ocrx_word' id='word_1_259' title='bbox 971 4395 1005 4429; x_wconf 84' lang='lat' dir='ltr'><strong>a</strong></span> <span class='ocrx_word' id='word_1_260' title='bbox 1031 4375 1244 4429; x_wconf 67' lang='lat' dir='ltr'><strong>vasvari</strong></span> <span class='ocrx_word' id='word_1_261' title='bbox 1291 4374 1549 4444; x_wconf 65' lang='lat' dir='ltr'><strong>kliptalan</strong></span> <span class='ocrx_word' id='word_1_262' title='bbox 1581 4380 1738 4429; x_wconf 81' lang='lat'><strong>1328.</strong></span> <span class='ocrx_word' id='word_1_263' title='bbox 1788 4381 1877 4447; x_wconf 82' lang='lat' dir='ltr'><strong>„in</strong></span> <span class='ocrx_word' id='word_1_264' title='bbox 1905 4382 2116 4431; x_wconf 80' lang='lat' dir='ltr'><strong>octavis</strong></span> <span class='ocrx_word' id='word_1_265' title='bbox 2164 4378 2406 4430; x_wconf 57' lang='lat' dir='ltr'><strong>pasch&amp;</strong></span> <span class='ocrx_word' id='word_1_266' title='bbox 2463 4381 2773 4443; x_wconf 67' lang='lat' dir='ltr'><strong>„Jolrannos</strong></span> <span class='ocrx_word' id='word_1_267' title='bbox 2814 4380 2962 4430; x_wconf 81' lang='lat' dir='ltr'><strong>filius</strong></span> 
     </span>
     <span class='ocr_line' id='line_1_36' title="bbox 702 4465 2962 4534; baseline 0.001 -17"><span class='ocrx_word' id='word_1_268' title='bbox 702 4468 862 4517; x_wconf 84' lang='lat' dir='ltr'><strong>Pauli</strong></span> <span class='ocrx_word' id='word_1_269' title='bbox 889 4468 955 4517; x_wconf 82' lang='lat' dir='ltr'><strong>de</strong></span> <span class='ocrx_word' id='word_1_270' title='bbox 982 4467 1252 4517; x_wconf 68' lang='lat' dir='ltr'><strong>&#39;l&#39;heutus‘⁸</strong></span> <span class='ocrx_word' id='word_1_271' title='bbox 1281 4465 1579 4517; x_wconf 59' lang='lat' dir='ltr'><strong>kerelmere</strong></span> <span class='ocrx_word' id='word_1_272' title='bbox 1603 4466 1818 4519; x_wconf 65' lang='lat' dir='ltr'><strong>keszillt</strong></span> <span class='ocrx_word' id='word_1_273' title='bbox 1848 4465 2161 4529; x_wconf 63' lang='lat' dir='ltr'><strong>sititataibffl,</strong></span> <span class='ocrx_word' id='word_1_274' title='bbox 2183 4470 2433 4533; x_wconf 81' lang='lat' dir='ltr'><strong>melynek</strong></span> <span class='ocrx_word' id='word_1_275' title='bbox 2460 4471 2701 4520; x_wconf 83' lang='lat' dir='ltr'><strong>eredetie</strong></span> <span class='ocrx_word' id='word_1_276' title='bbox 2730 4487 2762 4519; x_wconf 83' lang='lat' dir='ltr'><strong>a</strong></span> <span class='ocrx_word' id='word_1_277' title='bbox 2783 4471 2962 4534; x_wconf 76' lang='lat' dir='ltr'><strong>any</strong></span> 
     </span>
     <span class='ocr_line' id='line_1_37' title="bbox 700 4553 2959 4626; baseline -0.001 -16"><span class='ocrx_word' id='word_1_278' title='bbox 700 4554 885 4610; x_wconf 70' lang='lat' dir='ltr'><strong>csalad</strong></span> <span class='ocrx_word' id='word_1_279' title='bbox 911 4553 1312 4615; x_wconf 70' lang='lat' dir='ltr'><strong>leveltaraban,</strong></span> <span class='ocrx_word' id='word_1_280' title='bbox 1360 4554 1620 4607; x_wconf 71' lang='lat' dir='ltr'><strong>masolata</strong></span> <span class='ocrx_word' id='word_1_281' title='bbox 1665 4573 1698 4607; x_wconf 84' lang='lat' dir='ltr'><strong>a</strong></span> <span class='ocrx_word' id='word_1_282' title='bbox 1725 4574 1954 4623; x_wconf 84' lang='lat' dir='ltr'><strong>magyar</strong></span> <span class='ocrx_word' id='word_1_283' title='bbox 1978 4559 2256 4610; x_wconf 84' lang='lat' dir='ltr'><strong>academia</strong></span> <span class='ocrx_word' id='word_1_284' title='bbox 2287 4556 2623 4611; x_wconf 66' lang='lat' dir='ltr'><strong>iratta&#39;traban</strong></span> <span class='ocrx_word' id='word_1_285' title='bbox 2652 4557 2959 4626; x_wconf 79' lang='lat' dir='ltr'><strong>6riztetik.)</strong></span> 
     </span>
    </p>
   </div>
   <div class='ocr_carea' id='block_1_7' title="bbox 1614 4712 2043 4723">
    <p class='ocr_par' dir='ltr' id='par_1_7' title="bbox 1614 4712 2043 4723">
     <span class='ocr_line' id='line_1_38' title="bbox 1614 4712 2043 4723; baseline 0 0"><span class='ocrx_word' id='word_1_286' title='bbox 1614 4712 2043 4723; x_wconf 95' lang='lat' dir='ltr'><strong> </strong></span> 
     </span>
    </p>
   </div>
  </div>
 </body>
</html>
