3319 5249
1426 332 1495 392 17

320 532 503 616 gruis
534 533 891 616 petentium
932 526 1287 595 dedideriis
1318 526 1699 593 donacionis
1740 523 2029 593 antidoto
2068 542 2406 593 occurrere
2438 542 2580 589 cum

323 642 568 727 fauore,
603 645 678 706 ut
714 658 829 725 per
865 638 991 705 hoc
1019 636 1247 704 fideles
1297 633 1384 702 ad
1423 655 1624 721 opera
1675 632 2011 700 fidelitatis
2062 632 2409 701 ardencius
2443 650 2590 697 con·

321 754 658 817 nocentur.
739 745 1015 813 Proinde
1064 745 1151 810 ad
1200 744 1644 811 vniuersorum
1701 740 2008 810 noticiam
2057 748 2278 809 tenore
2328 762 2588 829 presen-

323 856 497 923 cium
529 854 832 921 volumus
862 851 1205 939 peruenire
1225 904 1242 935 ,
1282 849 1455 935 quod
1489 850 1722 917 Comes
1752 848 2177 934 Bogomerius
2209 851 2384 919 filius
2417 852 2590 918 Lau·

320 963 525 1048 rencij
583 984 627 1029 a
658 964 847 1031 nobis
897 960 1230 1028 humiliter
1280 958 1669 1045 suplicando
1700 957 2090 1044 postulauit,
2142 963 2212 1023 vt
2243 958 2590 1042 quamdam

323 1080 561 1143 terram
592 1068 939 1153 Palugiam
973 1073 1297 1148 vocatam,
1350 1086 1543 1149 quam
1587 1065 1746 1132 olim
1787 1063 2096 1132 Salomon
2150 1065 2323 1131 filius
2356 1068 2519 1131 Borz
2550 1087 2594 1132 a

325 1189 503 1246 terra
556 1199 795 1262 magne
841 1177 1001 1244 ville
1051 1175 1331 1260 Palugia
1382 1172 1756 1241 distinctam
1808 1174 2111 1256 tenebat,
2176 1172 2304 1259 ipsi
2357 1172 2592 1238 Comiti

324 1286 723 1371 Bogomerio
746 1283 1040 1352 conferre
1062 1285 1129 1350 in
1152 1288 1355 1366 tanto,
1378 1289 1443 1348 et
1477 1281 1782 1367 ampliori
1803 1280 2150 1367 prouidere
2183 1280 2585 1346 deberemus.

325 1396 501 1473 Quia
551 1401 772 1460 tamen
822 1392 1066 1460 factum
1117 1399 1287 1458 terre
1334 1388 1510 1457 illius
1542 1389 1732 1456 nobis
1784 1386 1996 1454 adhuc
2046 1388 2111 1453 in
2146 1393 2317 1454 etate
2368 1395 2594 1456 tenera

327 1501 700 1568 constitutis
750 1500 837 1566 ad
887 1500 1151 1586 plenum
1184 1519 1315 1566 non
1365 1499 1748 1584 constabat,
1798 1496 2101 1564 Michaeli
2153 1504 2304 1562 tunc
2359 1494 2594 1564 Comiti

329 1609 410 1674 de
440 1609 668 1675 Zolom
705 1608 944 1675 nostris
997 1607 1385 1675 dederamus
1423 1604 1661 1674 litteris
1695 1604 1761 1671 in
1796 1603 2143 1684 mandatis,
2196 1610 2266 1668 vt
2297 1603 2353 1669 si
2385 1605 2593 1689 ipsam

332 1717 528 1783 sciret
558 1722 673 1782 aut
704 1714 1029 1782 inueniret
1077 1714 1216 1782 sine
1250 1712 1527 1780 alicuius
1558 1710 1919 1798 preiudicio
1951 1711 2036 1778 ad
2072 1716 2360 1776 nostram
2399 1710 2593 1775 colla-

332 1826 586 1889 cionem
618 1823 968 1909 pertinere,
1018 1829 1083 1888 et
1130 1820 1351 1889 nullus
1382 1840 1579 1905 super
1627 1841 1710 1888 ea
1751 1818 2186 1886 contradictor
2225 1826 2596 1904 appareret,

332 1929 549 1996 eidem
578 1931 970 2012 Bogomerio
1001 1929 1390 2012 assignaret.
1441 1929 1523 1993 Et
1556 1931 1713 2012 quia
1746 1926 2156 2013 postmodum
2189 1947 2307 2012 per
2339 1926 2598 1993 litteras

334 2037 625 2104 eiusdem
680 2036 950 2104 Comitis
1020 2036 1361 2105 Michaelis
1411 2036 1741 2121 constitit,
1808 2042 2043 2102 terram
2094 2034 2457 2103 huiusmodi
2508 2033 2595 2099 ad

328 2154 623 2211 nostram
656 2146 1081 2212 collacionem
1115 2144 1491 2211 immediate
1530 2146 1875 2230 pertinere,
1925 2164 2046 2210 nec
2081 2144 2366 2227 aliquem
2400 2162 2597 2228 super

332 2253 456 2319 hoc
510 2252 1046 2321 contradictorem
1099 2252 1521 2338 apparuisse;
1573 2272 1692 2318 nos
1725 2250 2105 2317 fidelitatem
2158 2260 2224 2317 et
2261 2257 2455 2335 grata
2485 2253 2595 2317 ob-

334 2360 571 2443 sequia
601 2360 877 2444 predicti
907 2360 1253 2445 Bogomeri
1286 2358 1719 2444 attendentes,
1768 2361 1899 2425 iam
1935 2359 2172 2425 dictam
2206 2366 2447 2425 terram
2481 2360 2587 2425 Sa·

329 2468 613 2534 lomonis
645 2468 985 2553 Palugiam
1037 2474 1334 2535 vocatam
1385 2466 1551 2552 sibi,
1602 2475 1667 2533 et
1721 2486 1833 2550 per
1884 2486 2031 2532 eum
2083 2466 2216 2533 suis
2253 2466 2600 2534 heredibus

330 2574 724 2642 contulimus
777 2568 940 2643 iure'
966 2581 1281 2662 perpetuo
1349 2572 1623 2662 pacifice
1688 2582 1750 2641 et
1799 2573 2015 2658 quiete
2076 2573 2592 2642 irreuocabiliter

327 2681 814 2766 possidendam.
879 2683 1053 2750 Mete
1085 2690 1303 2750 autem
1356 2682 1684 2765 eiusdem,
1731 2690 1922 2766 prout
1950 2684 2017 2749 in
2051 2683 2288 2750 litteris
2324 2681 2594 2748 Comitis

326 2788 667 2856 Michaelis
692 2789 1140 2873 continentur,
1194 2790 1312 2855 hoc
1353 2789 1583 2857 ordine
1634 2789 2117 2874 distinguntur:
2164 2790 2385 2856 Prima
2421 2797 2595 2857 meta

326 2896 566 2981 incipit
616 2915 656 2960 a
686 2902 877 2982 parte
926 2896 1332 2964 meridionali
1383 2898 1506 2963 sub
1545 2897 1805 2983 alpibus
1855 2898 1921 2962 in
1955 2897 2151 2963 fluuio
2188 2897 2476 2979 Lubelle,
2531 2906 2600 2962 et

329 3002 671 3070 descendit
726 3022 843 3087 per
873 3022 1129 3071 cursum
1179 3003 1388 3090 ipsius
1419 3004 1600 3088 fluuij
1650 3025 1855 3088 vsque
1888 3004 2147 3072 domum
2181 3004 2442 3071 Andree
2472 3003 2591 3086 filij

330 3111 628 3192 Alberti·,
682 3111 836 3176 inde
887 3111 1023 3178 exit
1074 3112 1154 3179 de
1206 3112 1351 3198 ipso
1392 3113 1588 3179 fluuio
1640 3113 1727 3178 ad
1779 3117 2030 3197 partem
2081 3112 2457 3180 orientalem
2510 3111 2595 3176 ad

330 3226 535 3302 caput
566 3215 758 3282 vuius
792 3216 1024 3303 sontis3
1071 3218 1306 3285 exhinc
1339 3217 1637 3286 ascendit
1686 3239 1881 3304 super
1913 3219 2255 3302 quemdam
2287 3219 2599 3286 monticu-

331 3328 466 3391 lum
500 3325 587 3391 ad
618 3328 916 3391 arborem
948 3328 1149 3413 tullfa
1180 3334 1498 3410 vocatam,
1532 3331 1596 3393 et
1629 3326 2087 3412 continguntur
2118 3333 2287 3395 terre
2319 3327 2599 3394 filiorum

338 3434 616 3499 Chaban
668 3433 755 3498 de
783 3431 1015 3498 Minori
1046 3433 1360 3519 Palugia;
1408 3433 1559 3500 inde
1609 3454 1804 3520 super
1852 3432 2125 3501 eundem
2177 3435 2598 3502 monticulum

336 3541 529 3606 vadit
558 3537 646 3605 ad
678 3547 812 3605 tres
843 3543 1108 3608 arbores
1139 3543 1336 3630 tullfa
1368 3551 1666 3619 vocatam
1715 3547 1781 3611 et
1813 3540 2048 3609 exhinc
2080 3543 2147 3607 in
2182 3543 2385 3610 latere
2417 3564 2596 3610 mon-

338 3651 429 3715 tis
462 3647 807 3715 descendit
837 3647 925 3714 ad
955 3668 1260 3733 magnam
1292 3649 1531 3716 siluam
1570 3649 1657 3715 ad
1689 3657 1938 3736 partem
1971 3648 2497 3735 meridionalem3
2533 3659 2600 3719 et

337 3756 495 3823 inde
547 3776 665 3840 per
695 3753 931 3822 siluam
983 3756 1166 3824 vadit
1213 3758 1301 3823 ad
1333 3759 1560 3844 alpes,
1611 3766 1677 3825 et
1727 3761 1820 3825 sic
1852 3759 2252 3826 terminatur.
2304 3761 2379 3825 In
2414 3759 2599 3826 cuius

338 3864 438 3930 rei
489 3863 868 3929 memoriam
919 3871 1430 3949 perpetuamque
1483 3866 1850 3932 firmitatem
1901 3873 2234 3950 presentes
2286 3867 2600 3932 concessi-

335 3994 485 4040 mus
516 3972 773 4038 litteras
809 3969 1133 4057 dupplicis
1183 3971 1382 4056 sigilli
1431 3975 1635 4040 nostri
1669 3974 2023 4040 munimine
2056 3977 2416 4041 roboratas.
2466 3976 2600 4041 Da·

339 4091 477 4145 tum
510 4099 630 4164 per
661 4099 890 4146 manus
921 4080 1215 4164 Magistri
1249 4081 1585 4148 Benedicti
1628 4080 2008 4149 Orodiensis
2041 4082 2332 4149 Ecclesie
2365 4085 2600 4171 Prepo·

336 4187 448 4254 siti
482 4187 632 4254 aule
663 4194 881 4254 nostre
911 4185 1492 4276 vice-cancellarii
1530 4189 1751 4258 dilecti
1794 4196 1860 4258 et
1891 4189 2104 4257 fidelis
2141 4193 2367 4274 nostri,
2415 4201 2599 4259 sexto

338 4294 667 4363 kalendas
697 4295 878 4382 Junij
931 4314 1103 4362 anno
1141 4296 1406 4364 Domini
1447 4297 1793 4366 millesimo
1843 4297 2290 4366 ducentesimo
2341 4306 2599 4384 septua-

336 4403 591 4486 gesimo
642 4401 832 4470 tertio
854 4452 871 4486 ,
935 4403 1145 4487 Regni
1196 4410 1413 4472 autem
1463 4407 1667 4474 nostri
1719 4425 1888 4473 anno
1938 4409 2164 4492 primo.
2234 4407 2600 4475 Venerabili

336 4510 481 4575 viro
533 4508 846 4594 Magistro
897 4510 1172 4579 Nicolao
1225 4513 1462 4580 Sancte
1512 4513 1979 4599 Strigoniensis
2029 4515 2324 4583 Ecclesie
2373 4515 2599 4583 Electo

340 4620 497 4685 aule
530 4625 752 4686 nostre
784 4617 1215 4708 cancellario,
1245 4628 1576 4708 —perpetuo
1611 4621 1858 4692 Comite
1889 4621 2011 4690 loci
2045 4622 2334 4692 eiusdem
2367 4642 2446 4690 ac
2479 4622 2596 4691 Co·

436 4756 686 4791 mesra
716 4754 881 4790 nuso.
912 4755 1053 4791 msr.
1090 4765 1168 4776 —-
1206 4757 1348 4792 mrt..
1384 4752 1459 4796 17.
2235 4734 2275 4796 2
