3319 5249
1890 312 2017 381 164

622 479 641 495 ·
722 575 740 588 .
810 519 911 586 bis
948 514 1247 584 studeant
1278 490 1517 578 referre
1548 509 1703 575 viua
1732 528 1908 576 voce.
1958 509 2189 592 Itaque
2238 507 2437 593 iidem
2488 505 2643 593 socij
2696 510 2897 575 nostri
2929 509 3064 575 Ste-

807 626 1061 713 phanus
1092 620 1607 688 Archidiaconus
1639 625 1703 684 et
1735 618 2045 701 Magister
2079 618 2340 703 Mykov,
2390 618 2624 700 quibus
2662 617 2726 683 in
2766 619 3060 685 omnibus

806 742 871 802 et
901 754 1018 819 per
1051 732 1266 799 omnia
1315 727 1721 812 confidimus,
1772 727 1856 791 ad
1907 747 2025 793 nos
2080 724 2424 794 redeuntes
2457 726 2646 793 nobis
2680 726 2750 792 in
2782 746 3064 812 persona

806 844 1163 911 retulerunt
1195 841 1347 905 viua
1397 857 1591 922 voce3
1642 836 1815 921 quod
1879 834 2207 921 predictus
2257 836 2634 904 Hemericus
2694 834 2869 902 filius
2923 833 3059 899 Ste-

802 950 1001 1036 phani
1034 947 1199 1014 Bani
1233 965 1448 1011 coram
1481 943 1739 1010 Abbatc
1777 948 1842 1008 et
1872 944 2214 1009 Conuentu
2233 941 2673 1027 Waradyensi
2710 943 2778 1008 in
2801 942 3060 1028 propria

800 1078 1079 1144 persona
1111 1049 1560 1139 comparendo,
1594 1052 1856 1117 totalem
1880 1051 2353 1137 possessionem
2387 1071 2572 1118 suam
2597 1049 3057 1118 hereditariam

797 1168 1167 1233 Kurumzov
1198 1167 1494 1229 uocatam
1535 1159 1599 1225 in
1634 1160 1958 1226 Comitatu
2010 1157 2091 1227 de
2140 1160 2399 1227 Barana
2438 1160 2840 1246 existentem,
2906 1180 3055 1227 con-

796 1275 1040 1358 tiguam
1091 1280 1155 1340 et
1185 1270 1469 1338 vicinam
1536 1268 2051 1351 possessionibus
2113 1269 2711 1352 prenominatorum
2777 1268 3051 1335 filiorum

799 1381 1065 1448 Comitis
1096 1378 1338 1464 Klethy
1368 1399 1406 1443 a
1438 1384 1625 1461 parte
1657 1376 2186 1463 septemtrionali,
2238 1377 2627 1444 occidentali
2658 1384 2721 1444 et
2754 1377 3049 1446 meridio-

793 1489 929 1555 nali
963 1487 1433 1571 adiacentibuS,
1483 1486 1561 1550 (le
1593 1491 1778 1570 parte
1814 1503 1964 1551 vero
2014 1484 2315 1551 orientali
2365 1486 2555 1552 terris
2606 1485 3052 1554 Ecclesiarum

794 1598 875 1662 ‹lc
908 1596 1153 1683 Bacba,
1204 1594 1283 1660 de
1319 1591 1674 1679 Cykathor,
1725 1592 2036 1679 Thythyl,
2086 1593 2482 1680 Zebeguyna
2530 1600 2596 1662 et
2651 1590 2731 1660 de
2790 1594 3045 1681 Wachy

790 1704 1256 1781 uicinantibus,
1305 1722 1449 1767 cum
1512 1702 1811 1767 omnibus
1875 1701 2257 1768 Vtilitatibus
2321 1702 2459 1768 suis
2511 1709 2575 1767 et
2621 1702 3048 1789 pertinencijs

786 1811 1124 1897 minersis,
1168 1808 1568 1876 uendidisset
1618 1828 1776 1893 pure
1823 1808 2133 1896 predictis
2185 1810 2418 1877 Comiti
2480 1807 2838 1895 Ladyzlao‚
2905 1812 3040 1877 Ma-

787 1921 991 2005 gistro
1030 1918 1365 2005 Phylpus,
1419 1925 1482 1984 ct
1534 1918 1847 2000 Gregorio
1899 1917 2052 1984 filiis
2105 1903 2372 1984 Comitis
2426 1917 2677 2004 Chetby
2734 1917 2911 2007 (igy)
2964 1941 3046 1987 ac

786 2028 934 2095 filiis
967 2028 1240 2102 filiorum
1276 2046 1537 2093 suorum
1577 2048 1693 2111 pro
1746 2034 2002 2093 centum
2053 2028 2288 2093 marcis
2340 2025 2449 2092 fini
2499 2027 2754 2110 argenti
2803 2026 3042 2093 ibidem

783 2135 962 2221 prius
994 2135 1350 2201 numeratis
1403 2142 1467 2201 et
1521 2135 1794 2220 receptis
1845 2133 1928 2201 ab
1962 2133 2224 2219 eisdem,
2272 2134 2780 2203 irreuocabiliter
2810 2143 2874 2202 et
2905 2136 3046 2203 iure

781 2249 1100 2328 perpetuo
1163 2242 1649 2328 possidendam.
1700 2241 2084 2327 Quicunque
2135 2250 2352 2310 autem
2404 2251 2468 2310 ct
2522 2230 3045 2327 quandocunque

789 2351 968 2435 ipsos
1002 2351 1316 2417 Comitem
1348 2351 1767 2437 Ladyzlaum‚
1818 2351 2198 2435 Magistrum
2231 2352 2524 2438 Phylpus
2558 2359 2622 2417 et
2657 2350 3044 2434 Gregorium

782 2456 1047 2523 racione
1109 2457 1280 2524 dicte
1331 2458 1760 2542 possessionis
1810 2460 2182 2527 Kurumzov
2230 2458 2574 2527 molestare
2637 2457 3037 2546 intenderet;

782 2562 950 2631 idem
986 2566 1399 2654 Hemcrykus
1449 2573 1512 2632 et
1549 2566 1650 2632 sui
1684 2585 2092 2634 successores
2144 2568 2319 2653 ipsos
2368 2566 2535 2634 filios
2588 2567 2861 2635 Comitis
2894 2567 3037 2636 Ole-

775 2672 892 2758 tby
924 2673 1240 2740 tenebitur
1275 2673 1579 2759 expedire
1612 2681 1675 2740 et
1709 2695 1824 2760 per
1874 2676 2095 2742 omnia
2143 2676 2484 2742 defensare
2535 2676 2820 2762 propriJs
2851 2677 3034 2743 labo·

775 2780 953 2847 ribus
1010 2788 1075 2849 et
1125 2784 1445 2867 expensis.
1495 2784 1573 2848 Et
1626 2784 2138 2869 quandocunque
2198 2783 2339 2868 ipse
2397 2783 2794 2869 Hemerycus
2856 2784 3036 2852 filius

770 2889 1087 2974 Stephani
1119 2890 1281 2956 Rani
1316 2890 1745 2976 personaliter
1806 2891 1870 2957 in
1920 2899 2148 2959 nostra
2201 2891 2543 2977 presencia
2575 2893 3033 2977 comparuerit,

770 2995 1070 3066 dabimus
1105 3000 1359 3066 litteras
1410 3006 1671 3066 nostras
1720 3000 2164 3085 priuilegialcs
2214 3000 2570 3067 secundum
2619 3003 3032 3086 presencium

770 3102 1126 3171 litterarum
1159 3105 1311 3192 filijs
1346 3104 1616 3174 Comitis
1650 3105 1885 3193 Clethy
1917 3108 2284 3175 antedictis.
2329 3109 2569 3175 Datum
2605 3129 2776 3177 anno
2807 3110 3032 3192 gracie

765 3210 1203 3279 M⁰CC⁰LXX⁰
1236 3222 1436 3298 sextO,
1472 3215 1538 3281 in
1560 3214 1785 3298 quinta
1804 3215 1970 3282 feria
2001 3222 2154 3283 ante
2194 3215 2428 3284 festum
2451 3217 2675 3284 Sancti
2710 3217 3026 3302 Nykolai.

978 3322 1219 3388 Kivizl:
1269 3321 1473 3407 Super
1505 3329 1681 3389 terra
1713 3323 2086 3392 Kurmuzov
2116 3332 2390 3408 uocata,
2437 3345 2627 3409 quam
2663 3325 2775 3409 filij
2815 3326 3029 3392 Comi·

759 3427 843 3493 tis
876 3427 1106 3514 Clethy
1139 3431 1222 3495 ab
1256 3432 1614 3518 Hemeryco
1647 3452 1764 3517 pro
1798 3440 2050 3499 centum
2084 3433 2319 3500 marcis
2354 3441 2823 3518 compararunt.

760 3607 1031 3672 (Eredetie
1070 3605 1428 3676 bb'rhartyain,
1464 3627 1497 3661 a
1523 3609 1770 3664 kiviilrb'l
1799 3613 1902 3663 oda
1942 3618 2187 3679 nyomott
2212 3612 2492 3681 zarpeeset
2517 3614 2793 3675 elveszett‚
2845 3630 2879 3665 a
2925 3615 3026 3666 bu·

1404 3701 1494 3751 dai
1556 3702 1659 3751 kir.
1707 3702 1951 3754 kamarai
1991 3700 2372 3767 leveltarban.)
