3319 5249
1373 366 1501 462 535²

1350 996 1501 1064 389.

299 1173 360 1238 A
389 1175 585 1260 9ῃόνί
614 1176 1073 1260 kdptalannak
1103 1177 1641 1263 bizonysciqzevde
1658 1228 1680 1258 ,
1735 1181 1905 1266 hoqy
1936 1205 1979 1246 a
2011 1182 2152 1246 Ja‘k
2186 1181 2556 1267 nemzetse'y-

299 1282 420 1347 boli
480 1284 755 1351 nemesek
815 1283 1272 1349 urukbirtokak
1338 1286 1895 1371 elideyenitmnek
1955 1290 2185 1356 caetere
2263 1289 2560 1374 bizonyos

965 1394 1316 1478 eqyesse'qet
1354 1393 1656 1459 kuwttek.
1695 1393 1893 1459 1290.

728 1566 790 1632 A
1170 1569 1223 1635 B
1619 1567 1670 1635 C
2067 1572 2127 1636 D

517 1744 891 1831 Capitulum
924 1744 1290 1816 Jauriensis
1320 1747 1616 1816 Ecclesie
1654 1748 1954 1817 omnibus
1988 1748 2227 1817 Christi
2259 1751 2558 1817 fidelibus

304 1859 642 1939 presentes
677 1853 928 1921 litteras
980 1855 1364 1940 inspecturis
1412 1858 1692 1924 salutem
1724 1857 1792 1923 in
1827 1857 2122 1924 Domino.
2172 1857 2275 1923 Ad
2308 1858 2561 1923 vniuer·

303 1981 518 2028 sorum
552 1962 855 2029 noticiam
891 1961 1118 2028 harum
1140 1966 1310 2030 serie
1333 1964 1625 2032 uolumus
1647 1967 2012 2052 peruenire,
2048 1964 2219 2049 quod
2251 1967 2311 2032 N
2317 1965 2576 2049 icolaus-

301 2068 476 2135 filius
507 2069 694 2153 Sebe,
727 2069 1074 2153 Chepanus
1105 2079 1170 2138 et
1202 2071 1608 2140 Laureucius
1663 2072 1745 2138 de
1775 2073 2003 2160 Sytke,
2044 2072 2212 2140 Sebe
2244 2073 2411 2138 filius
2445 2073 2562 2139 Zo-

304 2174 514 2262 bolch,
548 2177 729 2244 Beke
762 2185 826 2245 et
855 2177 1099 2246 Paulus
1132 2179 1247 2263 filij
1281 2180 1492 2267 Pauli,
1515 2180 1772 2247 nobiles
1795 2180 1874 2247 de
1906 2180 2333 2264 generacione
2363 2180 2563 2264 Jaak,
2655 2224 2682 2251 ρ

301 2304 419 2369 pro
452 2301 525 2349 se
557 2290 621 2350 et
653 2304 768 2370 pro
813 2284 1089 2352 Nicolao
1110 2338 1129 2373 ,
1182 2286 1385 2352 Paulo
1406 2338 1426 2372 ,
1479 2287 1659 2355 Beke
1680 2340 1699 2373 ,
1752 2287 2049 2355 Dionisio
2100 2296 2168 2355 et
2198 2287 2370 2354 Zoch
2403 2287 2558 2373 filijs

296 2391 511 2478 Zoch,
543 2390 698 2458 item
760 2394 1036 2460 Mar-tino
1096 2399 1159 2462 et
1187 2395 1392 2461 Paulo
1453 2395 1608 2481 filijs
1657 2394 1953 2462 Ladizlai
1987 2404 2053 2464 et
2086 2416 2204 2484 pro
2237 2395 2547 2461 Ladizlao

302 2497 435 2565 filio
465 2499 769 2585 Dyonisij
802 2501 1116 2588 proximis
1149 2502 1286 2569 suis
1320 2503 1405 2569 ab
1458 2523 1588 2570 una
1621 2510 1847 2590 parte;
1916 2503 2146 2572 Comes
2179 2503 2354 2572 Jaak
2384 2504 2560 2569 filius

305 2606 511 2693 Ebed,
544 2628 660 2694 pro
693 2628 763 2674 se
797 2614 861 2675 et
894 2630 1009 2694 pro
1041 2609 1335 2676 Renoldo
1369 2608 1568 2676 fratre
1588 2630 1728 2698 suo,
1761 2632 1882 2680 nec
1911 2634 2043 2680 non
2077 2634 2192 2697 pro
2224 2612 2555 2697 Stephano

301 2714 437 2781 filio
472 2735 626 2797 suo;
662 2717 814 2782 item
849 2714 1182 2785 Johannes
1230 2717 1400 2785 filius
1432 2719 1719 2785 'Pristani
1737 2771 1755 2803 ‚
1805 2720 2051 2787 Kemen
2084 2720 2254 2787 filius
2288 2721 2562 2797 Kemen,

302 2820 584 2889 Michael
616 2822 788 2889 filius
822 2822 1093 2909 Thome‚
1127 2830 1195 2891 et
1226 2824 1578 2909 Gregorius
1610 2825 1784 2892 filius
1819 2826 2079 2894 Sandur
2109 2847 2224 2912 pro
2256 2847 2329 2893 se
2360 2834 2424 2892 et
2443 2845 2561 2912 pro
2605 2887 2608 2888 γ

300 2929 601 2997 Jobanne
633 2928 764 2996 filio
796 2931 1060 2997 Martini
1093 2952 1172 2997 ac
1204 2933 1406 3019 Mykc
1458 2933 1591 3000 filio
1622 2934 1954 3000 Benedicti
1980 2985 1999 3020 ‚
2063 2934 2314 3001 nobiles
2345 2933 2428 3000 de
2459 2953 2561 2999 ea·

300 3034 447 3100 dem
479 3039 905 3121 generacione
936 3037 1107 3106 Jaak
1144 3060 1225 3106 ex
1255 3041 1483 3127 altera,
1518 3040 1604 3106 ad
1638 3049 1931 3108 nostram
1981 3042 2381 3129 presenciam
2415 3059 2561 3125 per-

300 3144 620 3211 sonaliter
650 3153 1104 3232 accesserunt3
1138 3156 1203 3214 et
1234 3147 1560 3232 predictus
1592 3148 1901 3216 Nicolaus
1935 3148 2106 3215 filius
2138 3149 2304 3216 Sebe
2336 3155 2552 3213 astan-

300 3251 477 3317 tibus
510 3252 724 3318 eidem
756 3253 1028 3337 prefatis
1063 3254 1393 3341 chepano,
1425 3256 1803 3343 Laurencio,
1829 3261 1893 3321 et
1923 3275 2139 3323 eorum
2177 3252 2562 3341 propinquis

300 3361 692 3445 memoratis,
728 3364 1133 3447 uolentibus,
1183 3364 1739 3432 consencientibus
1804 3371 1868 3430 et
1914 3364 1981 3429 in
2014 3363 2194 3429 nullo
2246 3360 2562 3429 contradi-

300 3468 616 3553 centibus,
647 3468 1144 3555 assumpmendo
1195 3473 1484 3556 promisit
1519 3479 1584 3539 et
1633 3470 2065 3556 promittendo
2097 3488 2170 3537 se
2220 3467 2564 3555 obligauit,

299 3573 476 3653 quod
506 3573 565 3639 si
615 3576 1057 3661 possessiones
1104 3575 1572 3661 hereditarias,
1604 3597 1803 3643 unam
1861 3575 2172 3642 videlicet
2221 3595 2416 3660 quam
2450 3575 2564 3640 ha-

302 3679 413 3745 bet
444 3680 513 3747 in
545 3683 722 3751 Jaak
775 3684 948 3771 apud
1012 3685 1357 3752 ecclesiam
1406 3686 1631 3752 Sancti
1684 3684 2018 3752 Michaelis
2050 3684 2464 3770 Archangeli,
2500 3692 2565 3752 et

307 3787 504 3855 aliam
537 3791 901 3859 Keuruselu
942 3799 1236 3860 uocatam
1288 3793 1662 3861 uendicioni
1714 3811 2037 3878 exponere
2070 3793 2390 3880 uoluerit,
2423 3793 2563 3859 siue

303 3896 561 3983 pignori
593 3899 900 3985 obligare,
931 3922 1060 3968 non
1095 3902 1250 3988 alijs
1299 3901 1426 3969 nisi
1458 3900 1752 3969 Renoldo
1785 3907 1850 3967 et
1880 3901 2055 3968 Jaak
2086 3900 2451 3968 comitibus
2485 3919 2563 3965 ac

302 4024 524 4072 eorum
559 4007 872 4092 proximis
934 4008 1282 4076 antedictis
1316 4007 1599 4075 uendere
1648 4009 1890 4094 poterit
1937 4028 2051 4074 seu
2114 4006 2365 4091 pignori
2406 4005 2565 4074 obli·

306 4133 502 4197 gare3
537 4121 602 4182 et
632 4115 805 4197 quod
836 4116 985 4202 plus
1018 4123 1116 4183 est
1136 4167 1156 4196 ‚
1210 4117 1264 4181 si
1300 4115 1509 4181 dictus
1541 4115 1851 4183 Nicolaus
1914 4114 1980 4180 in
2029 4113 2328 4198 legaudis
2361 4119 2427 4179 et
2459 4110 2564 4179 do·
2663 4179 2666 4182 .

306 4221 543 4289 nandis
579 4223 824 4292 eisdem
863 4224 1389 4310 possessionibus
1450 4244 1565 4291 sue
1628 4224 1821 4290 saluti
1860 4222 2140 4288 uoluerit
2208 4220 2570 4304 prouidere,

307 4330 792 4396 remanentibus
841 4329 1005 4415 ipsis
1037 4328 1561 4414 possessionibus
1611 4326 1789 4414 apud
1824 4327 2035 4394 dictos
2086 4326 2251 4391 filios
2284 4325 2468 4391 Ebed
2502 4332 2569 4391 et

310 4437 638 4523 proximos
669 4457 911 4520 eorum,
944 4437 1039 4505 eis
1074 4438 1432 4522 cuicunque
1465 4436 1569 4504 uel
1604 4436 2094 4520 quibuscunque
2156 4432 2381 4500 eedem
2417 4431 2568 4499 date

311 4545 549 4612 fuerint
581 4551 645 4613 et
675 4547 914 4613 collate
939 4598 953 4625 ,
989 4546 1188 4631 ijdem
1237 4544 1351 4628 filij
1387 4542 1568 4611 Ebed
1632 4552 1695 4609 et
1728 4541 2006 4629 proximi
2037 4542 2140 4607 sui
2171 4540 2429 4607 soluent
2461 4559 2568 4624 pe·

316 4652 597 4743 cuniam,
631 4674 826 4741 super
857 4674 985 4739 qua
1013 4674 1132 4741 per
1163 4654 1400 4741 probos
1435 4652 1728 4722 homines
1763 4650 2002 4719 fuerint
2035 4648 2365 4717 extimate.
2422 4648 2569 4714 Pre-
