3319 5249
1408 260 1534 355 28⁴1

1394 1026 1541 1095 199.

364 1252 571 1339 Uqrin
602 1253 854 1339 kircilyi
884 1248 1452 1314 tarnokmesternek
1498 1247 1730 1312 Pethen
1765 1247 2069 1334 helyscqet
2099 1248 2407 1333 tciryyazo
2435 1245 2584 1312 ado·

805 1364 1047 1443 mdnya
1079 1357 1309 1421 Erdew
1342 1378 1539 1421 comes
1569 1358 1888 1422 szcimdra.
1924 1355 2118 1419 1280.

558 1573 692 1639 Nos
752 1571 1061 1657 Magister
1122 1569 1429 1652 Wgrinus
1488 1568 1659 1636 filius
1723 1570 1910 1637 Pows
1961 1569 2221 1636 Comitis
2288 1568 2582 1637 omnibus

346 1681 589 1748 Christi
637 1679 935 1746 fidelibus
984 1684 1347 1763 presentem
1396 1676 1705 1763 paginam
1757 1676 2141 1763 inspecturis
2190 1678 2468 1744 salutem
2517 1678 2587 1744 in

345 1809 497 1857 uero
549 1788 898 1856 saluatore.
947 1788 1087 1855 Juri
1136 1806 1485 1854 consonum
1536 1795 1600 1854 et
1649 1787 1852 1855 eciam
1904 1793 2399 1855 consentaneum
2432 1785 2586 1874 (est)

342 1896 627 1980 racioni‚
674 1903 742 1962 ut
790 1917 905 1981 pro
938 1895 1358 1963 societatibus
1416 1901 1480 1960 et
1528 1893 1831 1978 seruicijs
1861 1893 2003 1960 loco
2037 1899 2100 1960 et
2131 1901 2421 1980 tempore
2450 1896 2588 1961 lau-

345 2004 649 2071 dabiliter
680 2003 983 2071 exhibitis
1014 2001 1329 2069 discrecio
1365 2003 1617 2088 appetit
1648 2001 2049 2069 dominorum
2070 2055 2090 2090 ,
2140 2011 2211 2068 ut
2260 2023 2374 2089 per
2406 2006 2583 2088 ipsos

345 2112 739 2180 hereditaria
802 2111 1249 2197 conferantur3
1315 2118 1378 2177 et
1427 2130 1553 2194 qne
1603 2110 1671 2176 in
1720 2111 2115 2196 temporibus
2167 2110 2424 2178 fuerant
2443 2165 2461 2198 ,
2505 2133 2588 2179 ne

342 2243 483 2288 cum
515 2228 804 2307 tempore
836 2218 1231 2306 dilabantur,
1275 2217 1592 2305 scripture
1623 2219 2056 2303 patrocinium
2108 2227 2377 2287 renouet
2410 2220 2580 2287 futu-

344 2350 558 2397 rorum
588 2328 898 2395 memorie
929 2326 1329 2413 replicando.
1379 2324 1659 2393 Proinde
1690 2326 1774 2393 ad
1805 2327 2251 2394 uniuersorum
2283 2329 2586 2394 noticiam

343 2444 474 2504 tam
507 2435 916 2523 presencium
953 2454 1149 2521 quam
1181 2435 1387 2503 eciam
1416 2433 1776 2502 futurorum
1826 2435 2050 2501 harum
2090 2435 2257 2503 serie
2290 2437 2585 2503 uolumus

345 2546 719 2632 peruenire:
777 2545 951 2630 quod
1001 2566 1143 2612 cum
1193 2544 1500 2630 respectis
1549 2563 1667 2610 nos
1717 2543 2137 2612 societatibus
2188 2551 2254 2611 et
2291 2544 2587 2630 seruicijs

345 2654 576 2722 Erdew
609 2654 877 2722 Comitis
907 2654 1128 2721 dilecti
1160 2653 1389 2739 nostri,
1425 2653 1694 2721 articulo
1734 2654 2141 2722 necessitatis
2161 2661 2379 2722 nostre
2400 2655 2583 2723 nobis

348 2763 692 2847 diligenter
723 2770 787 2830 et
816 2762 1105 2831 studiose
1136 2762 1435 2849 peractis,
1476 2761 1792 2845 quasdam
1822 2761 2021 2828 uillas
2052 2769 2307 2829 nostras
2340 2763 2586 2830 Pethen

344 2877 608 2938 uocatas
630 2921 648 2954 ‚
697 2871 894 2938 simul
943 2890 1088 2937 cum
1139 2871 1373 2937 ceteris
1404 2868 1825 2956 pertinencijs
1858 2869 1994 2937 suis
2025 2872 2209 2938 iuxta
2241 2871 2584 2955 possessio·

344 2999 489 3045 nem
541 2978 698 3046 dicti
753 2979 983 3048 Erdew
1034 2978 1305 3048 Comitis
1348 2978 1646 3046 dedimus
1679 2986 1742 3046 et
1773 2980 2163 3047 contulimus
2194 2979 2319 3066 ipsi
2351 2981 2586 3048 Erdew

347 3088 578 3156 Comiti
631 3094 697 3155 et
746 3088 882 3155 suis
932 3086 1273 3156 heredibus
1312 3088 1751 3171 heredumque
1781 3106 2041 3154 suorum
2075 3088 2586 3158 succcessoribus

346 3196 607 3265 racione
639 3195 824 3264 mille
851 3216 1215 3264 marcarum
1247 3202 1556 3283 perpetuo
1594 3203 1659 3263 et
1690 3196 2201 3265 irreuocabiliter
2232 3196 2580 3282 habendas,

341 3303 659 3372 tenendas
708 3325 824 3372 seu
874 3306 1080 3373 eciam
1132 3304 1587 3391 possidendas.
1668 3304 1769 3369 Ita
1820 3305 2023 3371 eciam
2042 3356 2062 3389 ,
2129 3304 2302 3389 quod
2360 3307 2583 3374 nullus

340 3432 776 3480 successorum
828 3422 1194 3481 nostrorum
1258 3415 1364 3481 uel
1428 3420 1846 3497 cognatorum
1897 3413 2218 3497 prefatum
2272 3414 2582 3482 Comitem

335 3521 582 3611 Erdew,
620 3529 683 3588 et
716 3543 832 3609 per
862 3521 1073 3607 ipsum
1106 3543 1257 3589 suos
1292 3542 1699 3590 successores
1732 3522 1811 3587 ob
1846 3521 2056 3589 dictas
2092 3524 2287 3590 uillas
2317 3519 2584 3609 ‘possent

337 3633 403 3696 in
437 3651 709 3701 causam
739 3629 1118 3715 protrahere
1151 3631 1259 3696 uel
1294 3629 1666 3714 aliqualiter
1698 3650 2038 3715 agrauare.
2067 3631 2137 3696 Si
2171 3633 2317 3715 quis
2347 3653 2580 3715 cogna-

336 3744 544 3803 torum
607 3739 712 3804 uel
777 3758 1217 3805 successorum
1288 3745 1652 3806 nostrorum
1706 3745 1852 3822 post
1904 3739 2236 3807 decessum
2290 3749 2579 3810 nostrum

334 3843 531 3912 uellet
572 3845 754 3930 ipsas
788 3845 981 3911 uillas
1014 3861 1358 3931 reuocare,
1409 3865 1534 3912 non
1587 3846 1723 3913 alia
1772 3847 1851 3913 de
1902 3868 2101 3914 causa
2149 3849 2369 3915 ualeat
2401 3872 2579 3919 reuo-

334 3974 516 4038 care,
582 3954 711 4021 nisi
763 3955 945 4040 prius
977 3955 1185 4039 ipsam
1217 3976 1531 4023 summam
1565 3957 1835 4041 pecunie
1866 3956 2157 4040 predicto
2193 3957 2428 4027 Erdew
2459 3962 2576 4030 Co-

335 4062 470 4128 miti
520 4068 587 4129 et
639 4063 775 4130 suis
824 4063 1307 4134 successoribus
1356 4063 1645 4148 plenarie
1696 4063 2045 4132 refundant
2086 4070 2151 4131 et
2182 4069 2576 4149 persoluant.

333 4171 417 4237 Et
446 4172 502 4240 si
538 4170 650 4255 qui
683 4172 856 4241 ultra
886 4179 1172 4240 nostram
1209 4173 1740 4240 constitucionem
1773 4185 2218 4262 peragrarent,
2262 4177 2368 4243 uel
2398 4179 2578 4264 ipsas
2659 4227 2664 4232 ,

271 4352 278 4360 ‚
335 4287 709 4348 reuocarent
757 4282 840 4349 ab
891 4281 1127 4348 Erdew
1174 4280 1420 4348 Comite
1438 4333 1458 4368 ,
1505 4280 1812 4347 Diuinam
1868 4282 1997 4349 sibi
2046 4283 2578 4354 malediccionem
2699 4297 2704 4306 '

334 4397 596 4473 possent
658 4396 1055 4476 perpetrare.
1133 4390 1220 4456 Vt
1281 4396 1494 4456 autem
1556 4396 1892 4474 presentes
1943 4387 2333 4458 donaciones
2384 4396 2577 4462 robur

336 4498 625 4582 optineat
656 4496 999 4581 firmitatis,
1048 4516 1129 4565 ne
1175 4496 1400 4583 aliquo
1432 4497 1748 4564 curriculo
1781 4505 2137 4583 temporum
2171 4521 2288 4585 per
2319 4501 2572 4587 aliquos
2621 4497 2626 4498 ⁷

336 4606 401 4673 in
430 4606 678 4674 irritum
699 4607 919 4674 ualeat
939 4609 1252 4694 reuocari,
1284 4612 1618 4692 presentes
1644 4606 2078 4675 concessimus
2095 4607 2351 4677 litteras
2370 4610 2574 4696 sigilli
