3319 5249
1281 348 1412 432 315

258 539 492 610 racione
539 541 822 631 ipsarum
875 544 1358 632 possessionum
1413 546 1777 634 impeteret,
1840 547 2036 634 ijdem
2105 550 2219 638 filij
2267 549 2454 623 chal:

255 651 402 718 Baui
448 658 511 718 et
558 653 672 738 filij
731 653 1011 741 Chakyz,
1061 675 1178 741 pro
1210 655 1440 740 quibus
1472 678 1543 725 se
1575 659 1959 746 obtulerunt,
1992 659 2251 729 eosdem
2282 668 2456 731 tene·

256 762 468 830 buntur
519 763 817 850 expedire
865 763 1145 850 proprijs
1177 765 1507 858 laboribus
1541 774 1608 834 et
1634 769 1958 854 expensis.
1991 769 2279 849 Quarum
2311 790 2456 856 pos·

253 870 588 938 sessionum
642 876 810 940 mete
858 878 922 939 et
950 873 1224 961 termini,
1256 874 1419 942 sieut
1449 876 1532 942 ab
1566 875 1820 945 homine
1850 885 2069 946 nostro
2098 880 2186 947 ad
2218 879 2458 949 instau-

250 978 399 1045 oiam
431 979 714 1066 parcium
748 980 831 1046 ad
863 980 986 1049 hoo
1015 981 1210 1050 misso
1242 983 1703 1071 intelleximus,
1737 987 1955 1054 taliter
1986 987 2451 1073 distinguntur:

249 1083 416 1164 Quod
464 1090 675 1175 prima
727 1096 899 1157 meta
947 1097 1116 1159 terre
1148 1091 1389 1179 Honky
1420 1094 1652 1179 inoipit
1683 1094 1867 1162 iuxta
1895 1096 2128 1166 Ferteu
2159 1097 2244 1164 ab
2276 1098 2455 1181 aqui·

246 1195 400 1281 lone,
433 1196 545 1263 ubi
576 1203 728 1264 suut
756 1197 879 1265 due
911 1206 1098 1287 mete,
1135 1220 1404 1286 quarum
1436 1222 1569 1269 una
1599 1204 1684 1270 ab
1715 1203 1963 1271 oriente
1994 1211 2090 1272 est
2108 1211 2278 1272 meta
2299 1205 2456 1272 ville

244 1302 440 1389 Egku,
491 1304 632 1371 alia
679 1305 764 1372 ab
813 1305 1141 1376 oecidente
1196 1316 1368 1378 terre
1411 1310 1652 1396 Honky
1703 1309 1912 1399 (igy);
1962 1312 2113 1380 inde
2163 1315 2341 1381 uenit
2368 1312 2456 1379 ad

243 1413 416 1480 unius
466 1412 682 1480 baculi
733 1413 967 1481 iactum
1005 1417 1104 1483 uel
1154 1419 1350 1504 paulo
1388 1419 1535 1505 plus
1567 1420 1632 1486 in
1666 1419 1888 1488 eadem
1922 1421 2121 1506 plaga
2151 1420 2237 1487 ad
2270 1419 2453 1506 duas,

242 1528 448 1605 metas,
492 1542 761 1606 quarum
809 1544 937 1592 una
966 1530 1066 1592 est
1094 1525 1248 1593 ville
1278 1527 1473 1613 ngu
1505 1525 1701 1615 (igy),
1737 1529 1874 1595 alia
1907 1531 2061 1597 ville
2093 1528 2356 1616 Honky‚
2392 1537 2455 1596 et

240 1626 318 1693 ibi
347 1628 576 1696 transit
608 1649 800 1699 unam
836 1654 1131 1718 magnam
1170 1634 1338 1700 viam
1385 1633 1716 1703 ducentem
1750 1638 1814 1702 iu
1845 1635 2235 1722 Suprunium
2270 1637 2457 1723 quasi

240 1755 451 1805 uersus
502 1739 854 1825 meridiem,
904 1749 967 1807 et
1013 1740 1080 1807 in
1133 1743 1360 1810 eadem
1394 1745 1586 1829 plaga
1619 1746 1778 1811 satis
1812 1745 2005 1830 longe
2036 1744 2242 1812 eundo
2278 1745 2453 1811 uenit

236 1847 312 1913 ad
354 1847 521 1916 duas
572 1856 799 1936 metae,
850 1871 1120 1935 quarum
1145 1835 1301 1918 ,una
1354 1861 1451 1919 est
1504 1853 1657 1919 ville
1707 1854 1948 1937 Honky
1999 1861 2063 1921 et
2114 1853 2247 1919 alia
2297 1851 2455 1919 ville

236 1954 439 2041 ngu,
492 1964 559 2025 et
607 1957 844 2025 ibidem
894 1980 1097 2045 prope
1147 1959 1345 2026 intrat
1397 1961 1462 2026 in
1513 1962 1834 2045 quandam
1888 1963 2078 2046 viam,
2132 1968 2196 2028 et
2227 1981 2452 2047 parum

236 2065 621 2133 transeundo
653 2067 811 2135 facit
841 2066 1172 2153 angulum,
1194 2075 1257 2135 et
1278 2067 1457 2134 uadit
1481 2088 1705 2136 uersus
1723 2070 2114 2137 occidentem
2137 2065 2453 2136 ueniendo

233 2171 307 2238 ad
337 2173 502 2243 duas
533 2182 762 2261 metas,
789 2195 1056 2260 quarum
1087 2196 1223 2242 una
1252 2197 1295 2242 a
1336 2184 1520 2263 parte
1548 2177 1700 2245 ville
1731 2178 1925 2263 ngu
1956 2186 2054 2246 est
2084 2184 2254 2244 meta
2288 2178 2454 2244 eius·

235 2279 384 2370 dem,
436 2292 504 2352 et
555 2284 740 2353 iuxta
790 2285 1055 2353 eandem
1108 2293 1206 2353 est
1253 2295 1427 2354 meta
1474 2294 1642 2355 terre
1675 2287 1921 2372 Hunky
1956 2286 2164 2378 (igy);
2215 2286 2454 2355 abinde

232 2389 425 2460 eundo
477 2396 642 2462 satis
690 2401 935 2463 remote
984 2395 1374 2463 distenditur
1422 2398 1503 2463 ab
1539 2396 1657 2462 illa
1690 2396 1796 2463 via
1826 2417 2052 2464 uersus
2082 2396 2450 2481 aquilonem

230 2500 305 2566 ad
347 2512 722 2589 competens
769 2504 1079 2591 spacium,
1129 2509 1194 2572 et
1231 2495 1411 2571 uenit
1441 2505 1525 2571 ad
1559 2503 1721 2574 duas
1755 2514 1982 2592 metas,
2016 2525 2283 2592 quarum
2315 2523 2449 2570 una

232 2610 302 2677 ab
330 2612 579 2680 oriente
610 2613 763 2680 ville
791 2613 1000 2698 ngu,
1034 2621 1098 2683 et
1128 2612 1264 2680 alia
1296 2614 1376 2682 ab
1411 2613 1744 2682 occidente
1772 2621 1944 2682 terre
1964 2614 2207 2702 Honky
2239 2632 2440 2682 rema·

229 2720 561 2806 uentibus3
614 2720 852 2790 abinde
900 2721 1228 2806 pergendo
1279 2741 1502 2790 uersus
1536 2721 1936 2790 occidentem
1970 2722 2127 2791 satis
2159 2722 2354 2806 longe
2383 2720 2449 2786 in

231 2828 498 2909 quodam
535 2828 815 2911 uirgulto
847 2828 1027 2894 uenit
1057 2828 1142 2894 ad
1171 2834 1301 2894 tres
1334 2836 1540 2895 metas
1572 2830 1759 2913 quasi
1791 2830 2105 2896 faciontes
2126 2830 2450 2915 angulum,

230 2954 485 3019 quarum
537 2957 673 3003 una
720 2938 803 3003 ab
840 2936 1082 3002 oriente
1114 2943 1214 3002 est
1246 2936 1403 3004 ville
1434 2936 1645 3022 ngu,
1680 2957 1721 3001 a
1753 2934 2019 3005 meridie
2050 2938 2206 3004 ville
2238 2935 2449 3003 Kueh·

236 3062 375 3131 mer,
426 3047 514 3113 ab
571 3044 875 3130 aquilone
909 3052 1073 3112 terro
1105 3044 1381 3131 Honky;
1415 3044 1570 3111 inde
1602 3045 1778 3111 uenit
1808 3046 1874 3111 in
1913 3046 2135 3112 eodem
2169 3044 2453 3129 virgulto

233 3160 287 3218 et
328 3155 393 3221 in
445 3154 683 3259 eadern
713 3156 932 3240 ¹plaga
980 3154 1066 3220 ad
1116 3160 1391 3239 quatuor
1439 3160 1667 3236 metas,
1720 3174 1988 3240 quarum
2040 3174 2169 3220 una
2203 3160 2380 3219 tenet
2413 3171 2453 3218 a

231 3270 400 3345 parte
429 3269 608 3331 terre
639 3263 878 3349 Honky
909 3269 971 3329 et
1002 3262 1124 3331 due
1155 3285 1195 3329 a
1228 3270 1414 3348 parte
1445 3261 1604 3331 ville
1637 3262 1943 3329 Koehnar
1974 3262 2163 3348 (igy);
2198 3260 2284 3326 ibi
2307 3281 2447 3346 per·

232 3373 395 3439 uenit
441 3372 533 3441 ad
587 3392 782 3440 unam
832 3380 1066 3440 metam
1108 3393 1308 3460 prope
1340 3370 1523 3440 iuxta
1554 3371 1879 3458 quandam
1915 3373 2083 3438 viam
2117 3369 2449 3437 ducentem

229 3476 287 3545 iu
315 3481 690 3569 Hydegsed,
723 3482 835 3549 ubi
866 3481 1098 3549 transit
1130 3479 1214 3546 ad
1246 3481 1598 3565 capitalem
1631 3487 1888 3564 metam,
1918 3479 2060 3546 eius
2091 3486 2255 3545 terre
2278 3473 2451 3564 (igy)

232 3586 647 3676 Hydegseed;
697 3598 761 3656 et
809 3590 901 3655 ibi
932 3588 1294 3673 incipiendo
1329 3596 1392 3655 et
1424 3587 1612 3673 quasi
1643 3589 1952 3673 angulum
1986 3585 2281 3655 faciendo
2312 3606 2451 3673 per·

231 3702 390 3765 uenit
439 3700 530 3766 ad
582 3698 746 3767 duas
776 3706 1002 3786 metas,
1037 3718 1307 3783 quarum
1344 3717 1469 3764 una
1500 3698 1583 3763 ab
1615 3696 1825 3763 orinte
1858 3704 1958 3764 est
1987 3705 2157 3765 terre
2188 3694 2451 3784 Hydeg-

232 3806 351 3892 sed,
399 3810 535 3876 alia
586 3808 742 3876 ville
776 3845 856 3857 —
893 3845 972 3856 —
1007 3831 1023 3893 ;
1075 3805 1311 3875 abinde
1361 3805 1539 3873 uenit
1568 3805 1656 3873 ad
1686 3810 1820 3872 tres
1856 3813 2063 3872 metas
2094 3805 2456 3872 existentes

236 3915 402 3984 iuxta
450 3919 626 3986 viam
674 3918 1013 3985 dueentem
1066 3918 1134 3984 in
1165 3916 1369 3999 Neek‚
1402 3934 1676 3998 quarum
1711 3935 1841 3981 una
1871 3921 1970 4007 est
1998 3914 2155 3981 ville
2187 3910 2454 4001 Honky‚

235 4023 351 4091 alia
397 4026 777 4114 Hydegsed,
827 4034 891 4096 et
938 4025 1138 4094 tercia
1187 4026 1344 4094 ville
1390 4024 1689 4108 Zeehun3
1742 4022 1894 4089 inde
1943 4023 2120 4089 uenit
2170 4022 2257 4090 ad
2288 4021 2454 4089 duas

238 4142 442 4225 metas,
475 4145 654 4204 terra
699 4136 956 4204 Zeehun
1007 4139 1092 4204 ab
1124 4134 1471 4220 occidente,
1502 4142 1678 4202 terra
1707 4131 2064 4220 Hydegsed
2096 4131 2179 4199 ab
2210 4132 2456 4199 oriente

240 4246 736 4331 remanentibus3
792 4244 1029 4313 abhinc
1080 4244 1257 4316 venit
1303 4243 1389 4311 ad
1436 4249 1568 4311 tres
1615 4250 1842 4327 metas,
1895 4260 2168 4326 quarum
2199 4262 2328 4308 una
2358 4245 2458 4308 est
2590 4237 2597 4245 ’

244 4351 382 4419 ville
428 4355 835 4441 Tothehynk,
866 4355 998 4422 alia
1027 4355 1288 4423 Zeehun
1340 4360 1405 4421 et
1433 4353 1636 4421 tercia
1669 4352 2058 4440 Hydegsed3
2090 4351 2243 4419 inde
2273 4350 2457 4418 uenit

245 4459 317 4526 ad
357 4463 518 4531 duas
565 4469 770 4532 metas
823 4464 984 4532 sitas
1033 4464 1218 4531 iuxta
1264 4482 1455 4531 unam
1489 4462 1685 4549 viam,
1715 4482 1985 4547 quarum
2016 4480 2143 4529 vna
2173 4467 2271 4528 est
2302 4457 2456 4526 ville

246 4565 596 4661 Hydegsed,
645 4574 780 4643 alia
820 4581 989 4643 terre
1020 4572 1455 4659 Tothohynk3
1486 4571 1643 4643 inde
1673 4571 2067 4641 transeundo
2098 4568 2336 4642 directe
2367 4568 2457 4638 ad

250 4672 492 4757 Foetteu
538 4682 612 4761 in
639 4704 899 4783 magna
947 4684 1116 4762 silua
1147 4683 1325 4762 uenit
1354 4681 1439 4760 ad
1469 4682 1797 4775 quandam
1825 4681 2140 4757 conallem
2171 4681 2261 4761 ad
2291 4678 2457 4759 duas
