3319 5249
1811 267 1944 335 210

1784 783 1937 852 147.

740 979 842 1048 Az
891 984 1251 1069 eszterqami
1299 984 1750 1070 kdptalarmak
1799 982 2363 1069 bizonysdqlevele,
2410 983 2574 1068 hoqy
2617 976 2806 1047 Clau-i
2844 979 2996 1045 Len-

740 1089 936 1155 denen:
972 1091 1104 1175 fiai
1152 1090 1390 1155 re'tt'lket
1441 1088 1707 1176 Godyno
1759 1114 1958 1159 comes
2015 1088 2382 1175 eszterqami
2405 1088 2783 1174 polqdrnak
2833 1086 2995 1154 elad-

1689 1201 1817 1267 tcik.
1859 1201 2050 1268 1278.

1278 1398 1339 1464 A
1861 1401 1914 1464 B
2412 1393 2462 1459 C

962 1554 1335 1642 Capitulum
1366 1557 1661 1626 Ecclesie
1693 1556 2161 1643 Strigoniensis
2192 1555 2496 1624 omnibus
2528 1553 2766 1623 Christi
2795 1551 2999 1621 fideli-

746 1664 868 1731 bus
901 1672 1228 1749 presentes
1281 1666 1537 1734 litteras
1589 1665 1976 1753 inspecturis
2011 1666 2286 1733 salutem
2335 1666 2403 1731 in
2454 1664 2737 1731 omnium
2788 1664 3001 1730 salua-

746 1778 903 1841 tore.
977 1771 1079 1838 Ad
1129 1775 1577 1842 vniuersorum
1634 1774 1946 1842 noticiam
2000 1782 2223 1842 tenore
2255 1774 2655 1859 presencium
2704 1774 3002 1839 volumus

745 1880 1119 1967 peruenire,
1170 1881 1342 1966 quod
1394 1882 1754 1969 Dyonisius
1806 1889 1870 1950 et
1918 1881 2214 1949 Andreas
2266 1881 2382 1966 filij
2424 1879 2750 1964 quondam
2782 1879 3005 1946 Lende

748 1984 828 2052 de
890 1986 1031 2055 Chu
1091 2008 1307 2056 coram
1360 1990 1546 2057 nobis
1608 1989 2038 2076 personaliter
2099 1988 2432 2055 constituti
2495 1985 2772 2055 confessi
2835 1994 3000 2071 sunt,

750 2093 923 2177 quod
954 2095 1107 2177 quia
1139 2096 1268 2181 ipsi
1302 2096 1622 2183 compulsi
1655 2104 1721 2164 et
1753 2098 1950 2163 artati
1983 2095 2241 2163 fuerant
2290 2096 2515 2162 ordine
2565 2095 2884 2163 iudicatio
2919 2092 3005 2160 ad

749 2201 1133 2268 soluendam
1168 2201 1384 2270 dotem
1417 2190 1642 2272 relicte
1674 2204 1970 2271 Ladizlai
2000 2204 2116 2290 filij
2149 2204 2365 2288 Luger
2399 2203 2663 2288 cognati
2695 2202 3003 2295 ipsorum,

749 2314 811 2376 et
839 2309 1050 2395 ipsam
1082 2309 1298 2376 dotem
1329 2330 1459 2378 non
1478 2319 1778 2399 poterant
1816 2310 1988 2378 alias
2024 2311 2361 2378 commode
2394 2311 2669 2394 soluere,
2719 2316 2791 2374 ut
2822 2309 3002 2375 dixe·

751 2426 940 2501 runt,
986 2419 1274 2484 fenetum
1331 2439 1514 2485 suum
1550 2418 1632 2486 de
1669 2418 2014 2504 Cholnuk,
2084 2419 2258 2503 quod
2307 2419 2376 2483 in
2426 2436 2663 2502 magno
2715 2423 2903 2500 prato
2935 2435 3006 2481 se

750 2523 1098 2608 habuisse,
1146 2526 1317 2609 quod
1358 2527 1564 2593 eciam
1617 2527 2077 2595 hereditarium
2116 2547 2302 2594 suum
2335 2526 2538 2594 fuisse
2572 2531 3005 2610 asseruerunt,

751 2633 1184 2701 uendiderunt
1246 2640 1310 2700 et
1371 2637 1829 2704 alienauerunt
1897 2636 2178 2704 totaliter
2240 2634 2473 2702 Comiti
2536 2633 2812 2720 Godyno
2876 2631 3004 2699 ciui

752 2741 1183 2827 Strigouiensi
1202 2792 1220 2828 ,
1266 2748 1333 2808 et
1385 2763 1498 2828 per
1550 2764 1695 2810 eum
1727 2743 1863 2811 suis
1899 2743 2242 2810 heredibus
2276 2742 2716 2825 heredumque
2745 2760 3006 2809 suorum

753 2852 1237 2919 successoribus
1289 2871 1406 2937 pro
1457 2851 1711 2920 duabus
1762 2852 1997 2920 marcis
2035 2853 2200 2918 finiti
2236 2851 2490 2936 argenti
2523 2852 2664 2917 iure
2697 2857 3006 2934 perpetuo

758 2955 1259 3044 possidendum;
1340 2967 1405 3026 et
1465 2961 1645 3045 ipsas
1709 2960 1870 3027 duas
1920 2979 2175 3027 marcas
2226 2958 2387 3026 finiti
2439 2958 2694 3042 argenti
2725 2955 3005 3024 confessi

756 3071 907 3132 sunt
944 3065 1029 3131 ab
1061 3064 1286 3132 eodem
1341 3064 1619 3151 Godyno
1674 3067 1920 3134 Comite
1966 3086 2038 3133 se
2087 3064 2380 3152 plenarie
2430 3062 2790 3151 recepisse,
2843 3063 3007 3129 etin

756 3169 971 3236 dotem
1004 3172 1360 3256 predictam
1381 3172 1799 3259 persoluisse.
1841 3175 2146 3241 Preterea
2183 3174 2447 3241 domina
2480 3178 2689 3237 mater
2723 3172 3008 3255 ipsorum

754 3278 1057 3363 Dyonisij
1095 3287 1159 3346 et
1190 3278 1465 3364 Andree‚
1501 3278 1734 3347 relicta
1763 3277 1999 3366 Lende,
2053 3287 2119 3348 et
2165 3279 2371 3350 frater
2420 3277 2768 3348 eorundem
2799 3279 3011 3346 iunior

753 3385 1055 3452 Demenk
1086 3385 1379 3472 nomine,
1460 3406 1675 3453 coram
1725 3386 1982 3454 homine
2031 3395 2250 3455 nostro
2269 3440 2289 3475 ‚
2359 3407 2548 3472 quem
2614 3386 2701 3452 ad
2749 3385 3009 3452 eosdem

756 3493 1160 3577 miseramus,
1209 3492 1491 3562 confessi
1543 3502 1696 3561 sunt
1746 3495 1958 3563 eciam
1997 3495 2355 3583 predictum
2387 3495 2671 3562 fenetum
2705 3491 2788 3559 de
2820 3491 3009 3558 Chol-

759 3599 897 3667 nuk
927 3601 1011 3667 ob
1042 3602 1428 3685 premissam
1463 3622 1729 3669 eausam
1784 3603 1961 3670 dotis
1997 3605 2233 3671 Comiti
2266 3601 2542 3690 Godyno
2577 3608 2640 3667 et
2673 3601 2876 3685 ipsius
2907 3597 3013 3666 he-

758 3708 1021 3776 redibus
1074 3707 1404 3776 uenditum
1458 3708 1654 3778 fuisse
1705 3711 1787 3777 de
1828 3732 2047 3780 eorum
2083 3712 2417 3779 uoluntate
2449 3717 2512 3777 et
2543 3725 2885 3774 consensu.
2936 3707 3012 3771 In

758 3819 940 3886 euius
991 3817 1086 3884 rei
1135 3816 1570 3886 testimonium
1634 3823 1700 3886 et
1755 3819 2132 3887 memoriam
2172 3819 2257 3889 ad
2295 3817 2683 3904 peticionem
2716 3811 3014 3899 parcium

753 3931 1088 4011 presentes
1121 3925 1558 3992 concessimus
1592 3926 1841 3994 litteras
1890 3925 2094 4010 sigilli
2127 3925 2332 3994 nostri
2365 3923 2719 3991 munimine
2749 3920 3014 3988 robora·

761 4040 885 4100 tas.
930 4034 1172 4099 Datum
1205 4050 1321 4115 per
1351 4051 1578 4098 manus
1609 4033 1904 4118 Magistri
1943 4034 2112 4101 sixti
2145 4034 2440 4102 Ecclesie
2472 4040 2693 4099 nostre
2723 4029 3019 4098 Lectoris

760 4159 932 4207 anno
961 4137 1227 4205 Domini
1256 4135 1604 4208 millesimo
1639 4140 1769 4209 00⁰
1802 4142 2015 4210 LXX⁰
2047 4142 2231 4210 v111⁰
2264 4142 2329 4208 in
2363 4137 2576 4208 idibus
2608 4137 2798 4223 Julij.

762 4301 1038 4366 (Eredetie
1063 4297 1417 4366 bbrhartyan,
1443 4302 1665 4368 melyrffl
1686 4319 1717 4354 a
1736 4301 1921 4371 peccet
1945 4300 2763 4376 νδτὸετέτςι-ΖὸΙᾶςνί0188ιωῦ
2789 4298 3018 4365 selyem·

1116 4387 1366 4442 minoren
1412 4390 1563 4457 sugg,
1599 4407 1633 4442 a
1676 4393 1842 4444 budai
1869 4393 1972 4444 kir.
2000 4393 2248 4445 kamarai
2273 4388 2656 4456 leveltarban.)
