3319 5249
1373 411 1495 480 131

1372 862 1484 930 86.

287 1064 503 1130 Deme
535 1063 1036 1151 barsifoispdn,
1088 1062 1694 1150 vdrjobbdyyainak
1743 1066 1805 1130 63
1836 1089 1877 1129 a
1909 1063 2084 1130 harei
2105 1047 2564 1150 polqdrolcnak

287 1175 576 1261 yyitldse't
609 1178 887 1253 tartvdn,
939 1196 981 1237 a
1001 1172 1223 1256 kirdly
1269 1170 1702 1257 parancsdbdl
1751 1196 1793 1237 a
1830 1170 2230 1238 sz.-benedeki
2265 1179 2566 1260 apdtsdq-

289 1284 420 1346 nuk
474 1306 515 1345 a
547 1283 737 1347 nebai
766 1281 1068 1346 Preuslin
1085 1277 1370 1366 fdispdn
1418 1280 1582 1346 catal
1613 1280 1745 1346 birt
1784 1280 1965 1348 harei
1996 1280 2287 1368 foldeket
2337 1286 2574 1349 vissza-

755 1383 762 1389 ’
1223 1389 1398 1475 adja.
1453 1393 1646 1457 1275.

518 1590 659 1656 Nos
692 1586 1030 1657 Dionisius
1064 1584 1311 1654 Diuina
1357 1586 1722 1673 opitulante
1754 1587 2118 1653 clemencia
2149 1587 2378 1656 Comes
2413 1590 2568 1657 Bor-

303 1699 564 1784 siensis‚
600 1697 1041 1782 significantes
1089 1695 1412 1763 vniuersis
1464 1694 1706 1763 Christi
1758 1693 2059 1763 fidelibus
2097 1715 2367 1783 presens
2418 1698 2575 1764 scri-

306 1815 493 1894 ptum
535 1805 930 1890 inspecturis
964 1805 1249 1870 salutem
1288 1803 1357 1868 in
1391 1802 1680 1871 omnium
1713 1804 2061 1872 saluatore.
2109 1801 2213 1868 Ad
2246 1804 2577 1872 uniuerso-

309 1937 448 1983 rum
502 1914 811 1981 noticiam
864 1919 1086 1980 tenore
1119 1912 1521 1997 presencium
1555 1911 1840 1978 feliciter
1877 1911 2177 1981 uolumus
2207 1913 2574 2000 peruenire,

308 2021 486 2107 quod
535 2023 789 2089 litteras
842 2022 1160 2108 Stephani
1208 2021 1332 2087 Dei
1383 2021 1610 2106 gracia
1659 2020 1935 2089 illustris
1985 2023 2182 2105 Regis
2216 2022 2575 2108 Hungarie‚

309 2130 694 2217 recepimus,
743 2129 1167 2212 continentes,
1219 2135 1292 2195 ut
1324 2134 1559 2194 terram
1594 2129 1973 2215 Monasterij
2011 2129 2198 2198 Beati
2230 2129 2575 2198 Benedicti

314 2240 380 2305 in
411 2241 598 2327 Bors,
630 2259 777 2307 cum
809 2238 1105 2306 domibus
1138 2245 1201 2304 et
1233 2237 1628 2334 Vtilitatibus
1658 2240 1814 2323 suis,
1845 2258 2052 2323 usque
2085 2258 2324 2324 aquam
2356 2239 2573 2307 Goron

308 2350 670 2436 iacentem,
717 2348 1146 2442 perhemtorie
1201 2348 1684 2417 restitueremus
1735 2350 2128 2417 Monasterio
2179 2348 2576 2435 supradicto.

310 2458 628 2525 Similiter
673 2466 912 2525 terram
945 2457 1220 2525 Scevlen
1272 2464 1336 2523 et
1379 2464 1623 2524 terram
1664 2460 1925 2543 Zengeu
1975 2460 2062 2525 ab
2113 2462 2379 2545 antiquo
2429 2480 2576 2546 pos-

310 2587 582 2652 sessam,
641 2567 849 2635 eidem
882 2567 1280 2635 Monasterio
1313 2567 1532 2636 debito
1582 2567 1719 2635 iure
1758 2568 1880 2637 sub
1913 2570 2107 2638 certis
2157 2570 2446 2637 terminis
2483 2589 2578 2638 re-

313 2685 775 2745 stauraremus.
867 2679 1077 2761 Igitur
1149 2679 1674 2764 obtemperantes
1740 2678 2068 2746 mandatis
2131 2687 2196 2747 et
2256 2679 2580 2765 preceptis

317 2785 872 2854 Excellentissimi
906 2785 1155 2854 domini
1184 2787 1407 2873 Regis,
1459 2786 1680 2853 habito
1733 2786 2004 2854 consilio
2045 2806 2189 2853 cum
2210 2786 2580 2871 jobagioni-

320 2892 435 2961 bus
468 2891 754 2979 predicti
786 2894 1019 2980 castri,
1067 2894 1372 2963 videlicet
1402 2895 1702 2980 Martino,
1757 2894 2092 2980 Olodario,
2135 2902 2199 2962 et
2228 2896 2430 2963 fratre
2462 2917 2579 2963 suo

318 3002 634 3089 Romano,
682 3002 921 3087 Sokeu,
972 3004 1197 3091 Luka3
1245 3010 1312 3069 et
1363 3024 1510 3071 cum
1562 3004 1988 3087 burgensibus
2023 3002 2312 3073 eiusdem
2345 3004 2579 3091 Castri‚

318 3110 566 3178 scilicet
595 3110 813 3177 Herch
862 3116 925 3177 et
954 3111 1086 3183 filio
1136 3131 1252 3181 suo
1291 3112 1504 3197 Petro,
1538 3112 1903 3200 “Zedemen
1959 3113 2189 3180 Hench
2223 3112 2574 3201 aurifabro,
2664 3176 2667 3179 .

318 3219 554 3305 Micon,
597 3219 880 3287 Martino
923 3228 987 3287 et
1018 3219 1220 3287 Paulo
1253 3221 1542 3288 Plebano
1575 3220 2197 3288 vicearchidiacono
2231 3221 2579 3309 Borsiensi‚

319 3326 605 3395 Scereda
653 3328 994 3396 sacerdote
1022 3330 1317 3397 Ecclesie
1348 3329 1570 3396 Sancti
1604 3328 1868 3414 Georgij
1894 3382 1913 3416 ‚
1968 3336 2033 3396 et
2064 3330 2335 3397 Nicolao
2368 3350 2579 3398 sacer-

321 3434 469 3505 dote
533 3436 825 3504 Ecclesie
889 3435 1113 3505 Sancti
1176 3437 1540 3524 Michaelis,
1601 3438 1814 3523 ipsam
1875 3444 2116 3507 terram
2178 3439 2579 3523 MonasteriJ,

321 3567 515 3631 quam
550 3544 932 3612 Preuslinus
963 3545 1291 3629 quondam
1333 3546 1562 3613 Comes
1595 3545 1967 3613 Borsiensis
2001 3554 2229 3615 contra
2258 3546 2579 3615 iusticiam

321 3655 439 3720 Dei
487 3654 559 3720 in
609 3653 774 3720 Bors
825 3653 1196 3735 detinebat,
1244 3653 1456 3722 eidem
1488 3654 1880 3721 Monasterio
1932 3655 2326 3724 restituimus
2377 3674 2582 3739 usque

324 3766 635 3849 Granam,
663 3782 834 3859 „cum
883 3761 1180 3831 omnibus
1231 3762 1629 3830 utilitatibas
1672 3762 1808 3830 suis
1840 3763 2218 3849 prenotatis.
2268 3762 2582 3830 Similiter

323 3886 558 3944 terram
615 3856 895 3942 Soeuleu
945 3880 1245 3941 vocatam
1267 3926 1284 3959 ,
1349 3874 1668 3941 existente
1719 3873 1932 3940 Cadar
1989 3879 2469 3955 commetaneo;
2519 3878 2584 3939 et

323 3994 564 4053 terram
601 3984 868 4067 Zeugev
891 4035 908 4068 ‚
953 3982 1189 4067 Egidio
1248 3988 1313 4050 et
1365 3981 1572 4050 Basik
1623 3983 2087 4051 commetaneis
2138 3980 2584 4067 existentibus,

323 4097 438 4163 sub
502 4092 702 4161 certis
763 4090 952 4158 metis
1015 4091 1408 4180 Monasterio
1471 4090 1699 4160 Sancti
1763 4090 2101 4158 Benedicti
2165 4090 2582 4179 restituimus,

323 4205 489 4270 sicut
540 4200 710 4267 illud
760 4202 1220 4268 Monasterium
1278 4201 1697 4287 posssidebat
1746 4202 1832 4268 ab
1880 4202 2166 4287 antiquo.
2237 4201 2322 4269 Vt
2368 4208 2587 4270 autem

324 4311 441 4378 hec
490 4307 829 4377 restitucio
879 4315 1198 4377 terrarum
1248 4309 1434 4378 firma
1483 4318 1549 4378 et
1579 4330 1812 4379 secura
1862 4317 2281 4397 permaneat,
2330 4310 2584 4379 litteras

324 4418 527 4503 sigilli
577 4418 788 4485 nostri
852 4417 1204 4485 munimine
1256 4419 1536 4486 Martino
1585 4417 1826 4487 Abbati
1881 4420 2159 4505 predicti
2205 4419 2580 4505 Monasterij

326 4526 720 4594 contulimus
752 4524 1101 4609 sigillatas.
1153 4526 1402 4593 Datum
1436 4548 1608 4594 anno
1641 4526 1907 4594 Domini
1938 4525 2458 4596 M⁰CO⁰LXXV⁰.

522 4669 626 4742 (ΑΖ
653 4672 854 4727 eredeti
879 4669 1016 4726 utan
1041 4675 1236 4728 Knauz
1262 4669 1497 4741 Νάιιᾱοτ,
1534 4673 1767 4740 Magyar
1807 4673 1934 4725 Sion
1960 4673 2063 4724 111.
2091 4673 2206 4724 kot.
2234 4673 2358 4726 299.
2383 4671 2442 4737 Ι.)

2178 4834 2265 4902 9*
