3319 5249
1468 370 1592 443 147

390 570 644 638 litteras
679 575 741 637 et
773 568 1236 659 instrumenta,
1288 573 1344 640 si
1398 593 1522 657 que
1566 594 1684 660 per
1719 573 2040 661 predictos
2080 573 2393 646 Petunem
2427 584 2489 644 et
2520 579 2678 647 Ste··

395 678 721 766 phanum,
771 699 850 746 ac
900 679 1071 747 alios
1105 680 1359 765 aliquos
1423 681 1614 749 modo
1666 683 1889 765 aliquo
1945 684 2226 751 fuissent
2292 688 2665 771 impetrate,

393 786 612 852 irritas
645 788 1146 870 pronunciantes
1179 796 1243 853 et
1275 788 1518 854 inanes.
1587 789 1905 857 Volumus
1940 791 2145 858 eciam
2167 842 2187 877 ,
2237 795 2411 877 quod
2446 794 2667 863 nullus

383 895 687 981 Judicum
741 916 858 980 pro
912 901 1195 980 tempore
1255 895 1745 964 constitutorum
1800 905 2031 965 contra
2083 899 2405 966 neminem
2467 920 2666 988 super

390 1003 918 1089 possessionibus
954 1002 1113 1069 dicti
1146 1003 1334 1071 Teku
1360 1056 1380 1092 ,
1426 1011 1490 1072 et
1523 1005 1896 1093 specialiter
1927 1026 2123 1094 super
2156 1005 2331 1074 dicta
2364 1009 2559 1078 uinea
2594 1012 2659 1077 in

389 1112 815 1178 Tusmanmal
880 1110 1224 1199 existenti,
1271 1132 1537 1181 causam
1596 1115 1892 1198 aliquam
1946 1112 2397 1204 mouentibus,
2449 1118 2660 1187 dictas

391 1219 696 1287 dominas
730 1227 795 1285 et
830 1220 1185 1288 earundem
1239 1220 1552 1290 officiales
1603 1231 1940 1309 presumat
1995 1224 2303 1293 iudicare.
2352 1227 2662 1294 Preterea

394 1348 536 1394 cum
568 1334 903 1414 presentes
935 1327 1123 1394 nobis
1156 1334 1481 1414 reportate
1519 1328 1806 1419 fuerint,
1856 1332 2096 1400 eisdem
2138 1338 2421 1402 nostrum
2456 1355 2654 1420 super

388 1436 511 1503 hoc
543 1435 959 1519 priuilegium
994 1435 1440 1504 concedemus.
1488 1438 1733 1505 Datum
1772 1440 1957 1508 Bude
2023 1441 2187 1508 feria
2236 1450 2471 1526 quarta
2502 1450 2652 1527 post

391 1550 663 1611 octauas
692 1543 1112 1612 Pentecostes
1132 1596 1153 1632 ‚
1201 1564 1378 1611 anno
1410 1544 1670 1614 Domini
1704 1547 2270 1617 M⁰CC⁰LXX⁶VI⁰.

388 1724 665 1785 (Eredetie
693 1722 1038 1791 bb'rhartya'm,
1091 1741 1125 1777 a
1158 1722 1314 1777 hatul
1341 1726 1446 1778 oda
1471 1732 1716 1793 nyomott
1764 1726 2062 1795 possetnek
2098 1727 2359 1782 toredeke
2397 1746 2521 1796 meg
2548 1745 2653 1783 van

895 1817 1036 1884 meg,
1074 1834 1110 1871 a
1145 1820 1311 1872 budai
1356 1820 1456 1870 kir.
1485 1818 1732 1871 kamarai
1771 1817 2150 1885 leveltatrban.)

1308 2090 1735 2102 ————--——-—-

1482 2535 1592 2605 99.

383 2739 505 2805 IV.
540 2740 771 2805 Leiszld
798 2738 1154 2824 kirdlynak
1200 2739 1481 2825 Tkolvoy
1520 2747 1681 2804 nevit
1695 2739 1909 2825 fo'ldet
1943 2742 2257 2827 ta‘rqyazd
2286 2741 2648 2829 adoma‘nya

804 2847 1138 2933 Tholvoy-vi
1166 2846 1381 2912 Jakab
1414 2857 1628 2914 mester
1657 2851 1979 2914 szcimdra.
2028 2850 2224 2917 1276.

594 3028 947 3096 Ladizlaus
1006 3026 1131 3092 Dei
1211 3026 1439 3111 gracia
1490 3026 1843 3114 Hungarie‚
1879 3027 2237 3112 Dalmacie,
2294 3027 2638 3115 Crouacie‚
2734 3035 2742 3042 ’

380 3140 607 3224 Rame,
653 3135 876 3203 Seruie
895 3188 914 3221 ,
962 3133 1243 3202 Gallicie
1264 3186 1281 3219 ,
1327 3132 1715 3202 Lodomerie
1734 3186 1753 3221 ,
1804 3134 2117 3202 Cumanie
2141 3186 2159 3221 ‚
2207 3135 2648 3222 Bulgarieque

382 3248 525 3312 Rex
557 3245 855 3312 omnibus
908 3241 1281 3309 Christiane
1332 3241 1483 3308 fidei
1535 3242 1891 3309 cultoribus
1942 3243 2353 3328 presentibus
2401 3244 2649 3329 pariter

377 3363 444 3421 et
474 3352 711 3419 futuris
741 3356 1072 3436 presentes
1115 3350 1369 3418 litteras
1401 3349 1790 3434 inspecturis
1827 3351 2109 3418 salutem
2140 3351 2209 3417 in
2242 3352 2478 3419 salutis
2512 3353 2641 3419 lar-

382 3461 614 3545 gitore.
668 3462 766 3525 De
796 3458 1002 3543 Regie
1033 3457 1300 3544 pietatis
1348 3456 1708 3524 clemencia
1740 3456 1842 3525 illi
1864 3457 2235 3542 ‘graciosius
2268 3466 2420 3526 sunt
2450 3459 2646 3526 dona·

378 3570 542 3637 tiuis
594 3565 970 3633 muneribus
1022 3564 1383 3652 attolendi,
1436 3584 1708 3650 quorum
1761 3564 2001 3633 deuota
2048 3563 2332 3633 fidelitas
2383 3567 2449 3632 in
2499 3587 2644 3653 pro·

380 3677 594 3764 speris
627 3680 896 3761 experta
916 3724 935 3759 ,
984 3680 1047 3738 et
1080 3672 1148 3737 in
1180 3672 1473 3740 aduersis
1504 3672 1832 3739 inuenitur
1870 3670 2289 3739 laudabiliter
2321 3673 2643 3741 decorata.

387 3783 674 3852 Proinde
697 3782 783 3850 ad
816 3781 1262 3849 vniuersorum
1283 3780 1592 3847 noticiam
1614 3779 2285 3867 uolumusperuenire,
2309 3781 2483 3864 quod
2510 3783 2647 3850 Ma·

380 3893 591 3977 gister
619 3891 660 3958 J
668 3889 911 3956 acobus
940 3887 1116 3954 filius
1148 3885 1418 3954 Comitis
1468 3886 1794 3955 Jhoannis
1827 3887 1910 3954 de
1942 3886 2243 3973 Tholuoy
2292 3885 2640 3956 familiaris

385 4001 583 4067 miles
616 3996 864 4064 Thome
895 3995 1063 4061 Bani
1126 3993 1392 4062 Comitis
1424 3993 1795 4079 Nytriensis
1835 3993 2062 4062 dilecti
2093 4002 2158 4061 et
2189 3993 2401 4062 fidelis
2433 3996 2641 4063 nostri

377 4107 466 4174 ad
496 4113 785 4175 nostram
806 4103 1123 4173 accedens
1144 4104 1551 4189 presenciam
1565 4102 1854 4171 exhibuit
1878 4101 2065 4171 nobis
2077 4101 2396 4186 quasdam
2405 4107 2636 4189 paten-

380 4225 481 4285 tes
515 4216 774 4283 litteras
809 4220 1089 4300 nostras,
1138 4215 1206 4280 in
1241 4212 1475 4298 quibus
1515 4213 1946 4297 comperimus
1970 4262 1987 4295 ,
2038 4210 2213 4294 quod
2244 4210 2471 4278 villam
2522 4231 2640 4279 seu

375 4335 633 4394 terram
664 4323 965 4409 Tholuoy
995 4327 1293 4389 uocatam
1316 4370 1333 4404 ‚
1384 4341 1575 4404 quam
1618 4320 1773 4387 olim
1808 4316 2174 4403 Stephanus
2205 4317 2377 4384 filius
2409 4317 2643 4403 Bodoy

379 4433 747 4518 hospitibus
811 4430 1023 4496 Castri
1085 4428 1502 4496 Posoniensis
1564 4428 1634 4493 in
1698 4427 1856 4494 villa
1905 4426 2145 4498 Zemch
2214 4424 2637 4493 existentibus

376 4542 764 4610 uendiderat
782 4589 801 4624 ,
850 4536 1062 4606 eidem
1118 4536 1512 4604 contulimus
1564 4535 1753 4602 nullo
1786 4534 2092 4621 scrupulo
2125 4532 2491 4618 mediante3
2536 4552 2641 4618 pe·

376 4659 523 4718 tens
576 4668 720 4715 cum
773 4647 1096 4715 instancia
1125 4644 1439 4731 pleniori,
1485 4644 1659 4728 quod
1712 4665 1832 4712 nos
1884 4643 2160 4711 eandem
2209 4640 2632 4709 collacionem

2188 4750 2317 4818 10*
