3319 5249
1781 361 1905 428 100

1782 899 1893 964 60.

706 1101 765 1167 A
799 1102 1134 1187 veszprebni
1181 1099 1626 1184 lca'ptalannak
1676 1097 2221 1183 bizonysdqlevele,
2271 1098 2435 1181 hoyy
2467 1095 2658 1161 Jutae
2688 1098 2961 1182 helysdy-

1274 1207 1384 1272 ben
1413 1209 1885 1291 hata'riyazitcis
1918 1211 2163 1270 torte'nt.
2217 1209 2410 1271 1274.

925 1403 1062 1472 Nos
1124 1401 1492 1489 Capitulum
1554 1401 1852 1468 Ecclesie
1913 1400 2444 1486 wesprimiensis
2518 1401 2960 1485 significamus

705 1511 940 1596 quibus
991 1511 1253 1597 expedit
1291 1512 1695 1597 presencium
1749 1530 1866 1594 per
1903 1518 2228 1595 tenorem,
2290 1509 2464 1594 quod
2518 1531 2660 1577 cum
2710 1511 2962 1577 litteras

707 1618 944 1687 domini
996 1619 1066 1686 L.
1100 1619 1383 1685 Illustris
1418 1617 1616 1701 Regis
1649 1617 1985 1699 Hungarie
2035 1616 2504 1703 recepissemus
2556 1639 2699 1686 cum
2738 1617 2963 1685 debita

704 1727 1082 1795 reuerencia
1143 1726 1575 1811 continentes,
1647 1731 1719 1791 ut
1778 1724 2218 1792 testimonium
2281 1721 2574 1792 nostrum
2631 1726 2957 1812 ydoneum

707 1838 959 1901 mittere
996 1835 1398 1919 deberemuS,
1439 1853 1657 1900 eoram
1694 1853 1820 1917 quo
1852 1833 2153 1918 Mathyas
2185 1832 2267 1900 de
2302 1834 2424 1900 Vrs
2457 1835 2812 1919 pristaldus
2844 1855 2960 1901 seu

705 1945 894 2009 homo
949 1943 1146 2025 Regis
1207 1942 1439 2025 viginti
1490 1941 1717 2024 iugera
1767 1946 2091 2007 terrarum
2159 1947 2223 2008 et
2273 1962 2469 2007 vnum
2520 1942 2959 2010 molendinum

707 2049 1003 2134 Magistri
1050 2049 1327 2117 Renoldi
1377 2048 1495 2132 filij
1552 2046 1822 2114 Comitis
1858 2046 2090 2133 Myske
2145 2049 2211 2114 in
2265 2049 2589 2116 territorio
2639 2049 2721 2114 de
2769 2049 2958 2115 Jutos

706 2164 932 2224 contra
981 2157 1305 2224 iusticiam
1356 2166 1671 2242 occupata
1722 2157 2191 2224 reambulando
2243 2157 2453 2225 eidem
2492 2157 2804 2242 Magistro
2838 2159 2960 2224 Re·

705 2265 899 2332 noldo
934 2271 1246 2332 statueret
1276 2271 1341 2332 et
1376 2264 1762 2349 assignaret,
1813 2266 1871 2332 si
1907 2286 2036 2331 non
2065 2266 2250 2332 tieret
2285 2263 2771 2349 contradictum,
2812 2287 2958 2332 con·

704 2373 1157 2438 tradictoribus
1229 2373 1316 2437 ad
1364 2372 1632 2455 Regiam
1684 2373 2088 2458 presenciam
2141 2373 2428 2442 euocatis
2478 2373 2563 2439 ad
2616 2373 2957 2439 terminum

705 2485 1196 2566 competentem.
1228 2480 1437 2565 Igitur
1467 2502 1609 2547 cum
1643 2501 1837 2548 vnum
1874 2502 1953 2548 ex
1986 2482 2180 2550 nobis
2213 2481 2420 2550 uirum
2452 2482 2777 2570 ydoneum
2814 2501 2957 2546 cum

703 2587 961 2655 bomine
998 2587 1238 2656 domini
1271 2588 1468 2674 Regis
1508 2588 1595 2656 ad
1624 2590 2164 2657 reambulandum
2198 2590 2428 2659 eadem
2462 2590 2696 2675 uiginti
2728 2587 2959 2672 iugera

702 2705 1013 2765 terrarum
1057 2705 1122 2764 et
1152 2699 1599 2765 molendinum
1651 2699 2168 2767 destinassemus
2223 2701 2527 2767 mandato
2564 2700 2767 2783 Regio
2805 2698 2954 2766 fide-

702 2805 888 2887 liter-3
939 2806 1344 2889 assurgendo
1396 2826 1543 2874 ecce
1594 2806 1915 2890 siquidem
1966 2829 2111 2875 cum
2164 2809 2409 2877 eisdem
2463 2809 2727 2893 quidam
2761 2806 2956 2873 homo

702 2913 959 2979 nomine
990 2913 1193 2979 Bateu
1243 2914 1619 2982 tauarnicus
1669 2915 2010 3000 Reginalis
2060 2918 2146 2982 ad
2198 2938 2319 2986 nos
2360 2916 2647 3001 ueniens,
2683 2915 2764 2982 de
2795 2914 2959 2982 uilla

701 3021 888 3089 Jutos
940 3021 1243 3107 exposuit
1304 3020 1460 3089 uiua
1508 3043 1705 3110 uoce,
1771 3025 1949 3091 socio
2004 3037 2226 3093 nostro
2291 3031 2356 3093 et
2404 3024 2662 3091 homine
2709 3021 2955 3088 domini

702 3130 863 3213 Regi
894 3127 1016 3195 hoc
1047 3126 1219 3197 idem
1251 3128 1680 3199 referentibus
1715 3132 2030 3219 seriatim3
2063 3132 2239 3216 quod
2272 3131 2604 3219 predictus
2636 3132 2954 3215 Magister

700 3236 1033 3304 Renoldus
1086 3236 1151 3302 in
1185 3236 1510 3306 territorio
1566 3239 1647 3305 de
1679 3241 1863 3307 Jutos
1900 3240 2165 3308 haberet
2214 3240 2447 3323 viginti
2500 3240 2727 3325 iugera
2757 3247 2951 3305 terra-

700 3363 840 3409 rum
873 3350 936 3410 et
968 3365 1163 3411 vnum
1196 3345 1635 3414 molendinum
1690 3366 1833 3412 cum
1870 3368 1998 3413 uno
2029 3346 2229 3414 fundo
2281 3348 2456 3416 curie
2496 3349 2749 3415 mixtim
2783 3347 2955 3413 inter

700 3452 840 3518 iura
869 3452 1102 3537 aliena,
1151 3474 1277 3537 que
1309 3453 1477 3519 idem
1509 3453 1764 3519 Batbeu
1798 3473 1943 3519 cum
1994 3454 2244 3521 duobus
2277 3456 2572 3539 cognatis
2604 3456 2741 3523 suis
2794 3454 2951 3522 deti·

699 3559 946 3625 nebant
1003 3558 1292 3627 indebite
1353 3559 1751 3645 occupando.
1816 3561 1941 3639 Qui
1998 3560 2260 3646 quidem
2314 3563 2587 3649 Bathea,
2637 3571 2949 3647 quantum

698 3686 818 3733 sua
849 3668 1206 3755 intererat,
1254 3674 1603 3753 prenotata
1655 3668 1889 3753 uiginti
1939 3669 2169 3753 iugera
2218 3676 2539 3737 terrarum
2594 3679 2659 3737 et
2709 3671 2947 3736 molen-

696 3775 920 3842 dinum
969 3796 1189 3842 coram
1240 3776 1429 3843 nobis
1478 3774 1642 3861 ipsis
1678 3776 1990 3859 Magistro
2022 3777 2315 3845 Renoldo
2367 3778 2649 3846 restituit
2694 3788 2759 3846 et
2791 3780 2948 3846 resi-

697 3883 926 3965 gnauit
974 3891 1282 3970 perpetuo
1334 3883 1769 3970 possidenda,
1816 3905 2070 3968 negans
2123 3904 2195 3950 se
2228 3886 2470 3953 habere
2508 3886 2670 3954 iuris
2702 3885 2950 3968 aliquid

696 3991 761 4053 in
818 3988 1077 4057 eisdem.
1142 3993 1383 4058 Datum
1436 4014 1608 4059 anno
1659 3992 1923 4058 Domini
1974 3991 2197 4059 ΜὊΟο
2236 3995 2673 4081 septugesimo
2718 4001 2949 4076 quarto

696 4097 970 4163 sabbato
1005 4104 1156 4163 ante
1189 4097 1574 4166 dominicam
1612 4096 2201 4167 Circumdederunt.

913 4206 1112 4270 Kivol
1144 4223 1165 4264 .·
1211 4206 1334 4271 Pro
1367 4206 1678 4289 Magistro
1716 4208 2007 4273 Renoldo
2058 4229 2255 4292 super
2286 4207 2427 4275 iure
2478 4229 2595 4275 suo
2629 4208 2707 4273 de
2739 4209 2946 4274 Jutos.

696 4369 966 4430 (Ercdetie
1012 4364 1356 4432 biii-harmain,
1385 4369 1639 4435 melynek
1668 4366 1863 4422 hatara
1908 4385 1942 4420 a
1968 4366 2235 4436 kdptalan
2261 4368 2501 4438 pecsetje
2534 4386 2649 4433 ,van
2678 4388 2940 4436 nyomva;

854 4468 887 4493 ο
1062 4471 1094 4505 a
1128 4456 1328 4509 fomelt.
1357 4461 1581 4525 horczeg
1607 4456 1904 4526 Batthyzini
1932 4459 2115 4513 oealad
2143 4458 2561 4517 leveltfirfiban.)

1610 4669 2030 4681 σι--ψυη-ῌ--μ--ρ
