3319 5249
1926 380 2010 445 76

840 575 1100 644 fluuium
1123 577 1350 644 Morua
1383 575 1624 660 habito,
1653 574 1724 641 in
1757 595 1884 658 quo
1919 575 2176 660 quidem
2209 575 2416 661 prelio
2451 573 2623 643 idem
2655 575 2887 643 Petrus
2917 573 3098 643 filius

834 686 1037 751 Bccer
1073 684 1230 753 diris
1266 684 1618 752 wlneribus
1651 682 1988 751 sauciatus
2008 733 2027 766 ,
2079 703 2221 750 cum
2256 682 2496 751 nostris
2530 684 2765 751 ceteris
2792 683 3104 750 fidelibus

832 812 1006 858 more
1037 792 1318 858 fidelium
1371 791 1657 877 prelians
1705 790 2157 876 multipliciter
2208 791 2446 858 meruit
2494 790 2951 873 commendari,
2984 812 3099 858 eo·

833 901 979 966 dem
1012 902 1189 986 Rege
1220 901 1645 967 Bohemorum
1700 900 1766 965 in
1799 900 1971 966 dicto
2004 900 2213 985 prelio
2250 903 2633 986 interempto
2665 920 2782 967 scu
2815 906 3101 968 mortuo.

831 1007 1129 1074 Tandem
1181 1030 1296 1076 nos
1370 1006 1836 1075 instantissime
1889 1007 2029 1093 ipsc
2080 1008 2313 1074 Petrus
2364 1007 2537 1074 filius
2589 1009 2792 1074 Becer
2848 1007 3101 1094 suppli-

832 1116 1039 1184 cando
1072 1116 1450 1203 postulauit,
1490 1124 1557 1182 vt
1593 1119 1658 1182 in
1693 1117 2373 1200 recompensacionem
2405 1117 2636 1182 talium
2669 1124 2735 1181 et
2767 1122 3102 1183 tantorum

833 1226 1251 1293 seruiciorum
1287 1245 1545 1295 suorum
1586 1245 1731 1291 cum
1765 1224 2077 1290 fratribus
2129 1230 2193 1289 et
2223 1223 2537 1309 proximis
2579 1225 2733 1310 suis,
2785 1223 3102 1291 uidelicet

832 1332 985 1417 filijs
1005 1334 1298 1420 Martini,
1331 1335 1486 1400 item
1520 1333 1675 1417 filijs
1695 1332 1969 1417 Bcchus,
2006 1353 2123 1398 nec
2155 1354 2282 1400 non
2324 1331 2477 1418 filijs
2504 1332 2798 1420 Andocb,
2830 1353 2907 1399 ac
2943 1332 3097 1416 filijs

833 1442 1022 1508 Mark
1072 1442 1154 1509 de
1186 1442 1434 1526 eadem,
1485 1462 1526 1507 a
1559 1441 1942 1507 condicione
1996 1448 2060 1506 et
2102 1461 2368 1507 numero
2405 1442 2725 1508 Comitum
2761 1440 3093 1507 Vduorni-

832 1569 1069 1635 corum,
1122 1549 1232 1632 qui
1263 1549 1380 1633 filij
1420 1550 1741 1616 Comitum
1774 1548 2287 1617 Vduornicorum
2340 1550 2664 1633 dicuntur,
2715 1550 2933 1634 eximi,
2969 1569 3093 1618 scu

833 1657 1196 1743 eximendo,
1216 1663 1279 1724 et
1299 1680 1414 1744 per
1433 1666 1725 1724 nostram
1749 1658 2230 1724 Excellenciam
2253 1660 2319 1724 in
2355 1666 2564 1726 cetum
2597 1665 2658 1724 et
2689 1659 3093 1724 consortium

832 1767 1043 1850 Regni
1077 1766 1282 1833 nostri
1314 1766 1629 1832 nobilium
1666 1767 1786 1832 sub
1823 1768 2062 1834 vexillo
2102 1775 2324 1834 nostro
2367 1766 2851 1850 famulancium,
2896 1769 3095 1834 simul

828 1893 972 1939 cum
1006 1874 1194 1942 terris
1229 1881 1291 1940 et
1322 1872 1848 1960 possessionibus
1888 1873 2197 1960 ipsorum,
2244 1875 2661 1958 dignaremur
2694 1894 3092 1960 aggregare.

834 1983 981 2047 Suis
1013 1982 1210 2065 igitur
1239 1983 1678 2069 peticionibus
1708 1982 1987 2067 predicti
2010 1982 2185 2050 Petri
2218 1983 2334 2068 filij
2366 1984 2565 2051 Bccer
2588 1983 2790 2051 nostri
2816 2020 2891 2029 —
2912 2020 3079 2029 ——

831 2092 937 2174 qui
988 2112 1103 2176 pro
1149 2093 1286 2158 suis
1325 2091 1747 2159 fidelitatibus
1782 2099 1848 2156 et
1878 2092 2251 2158 meritorum
2302 2092 2600 2178 seruicijs
2641 2131 2711 2139 —-
2762 2131 2832 2139 —
2882 2130 2955 2137 —
3004 2130 3083 2140 --

833 2221 948 2286 per
980 2221 1099 2267 nos
1133 2198 1489 2267 dileccionc
1522 2205 1700 2265 esset
1732 2197 2152 2281 attollendus,
2186 2198 2395 2284 ipsum
2430 2220 2574 2266 cum
2608 2198 2983 2285 (fratribus)
3018 2205 3089 2262 et

831 2309 1150 2394 proximis
1183 2307 1561 2395 prenotatis,
1597 2326 1871 2373 vnacum
1911 2306 2098 2374 terris
2132 2314 2194 2373 et
2225 2307 2750 2391 possessionibus
2784 2307 3095 2393 ipsorum,

830 2416 912 2483 de
944 2423 1086 2483 cetu
1120 2424 1185 2484 et
1217 2417 1544 2484 consorcio
1574 2436 1654 2482 ac
1686 2415 2139 2483 condicionatu
2173 2416 2448 2483 filiorum
2483 2415 2798 2484 Comitum
2824 2418 3092 2483 Vduar-

830 2525 1116 2591 nieorum
1169 2525 1549 2611 eximentes,
1603 2529 1667 2589 et
1716 2524 1784 2588 in
1817 2530 2023 2590 cetum
2081 2544 2159 2591 ac
2201 2525 2605 2592 consorcium
2640 2525 2846 2610 Regni
2879 2525 3091 2591 nostri

829 2634 1158 2718 nobilium,
1179 2633 1367 2701 nobis
1402 2635 1524 2701 sub
1548 2633 1784 2700 uexillo
1817 2641 2037 2700 nostro
2068 2652 2241 2699 more
2278 2633 2739 2702 exercituantis
2759 2634 3086 2700 famulan-

832 2742 1017 2827 cium,
1073 2740 1156 2816 de
1187 2750 1414 2810 nostra
1464 2742 1867 2825 benignitate
1900 2742 2108 2825 Regia
2146 2742 2449 2807 duximus
2485 2740 2899 2811 asscribendo
2932 2761 3087 2807 con·

835 2850 1252 2935 iungendum.
1284 2850 1840 2930 Quemadmodum
1877 2853 2326 2936 progenitores
2359 2851 2643 2934 ipsorum
2675 2849 2974 2937 primitus
3007 2850 3096 2915 ab

829 2958 1099 3041 antiquo
1133 2960 1196 3025 in
1233 2959 1537 3025 libertate
1570 2960 1887 3027 nobilium
1910 2958 2115 3041 Regni
2148 2960 2350 3026 nostri
2386 2958 2711 3026 mediante
2746 2956 3097 3043 priuilegio

832 3069 1030 3151 Regis
1078 3067 1338 3133 Andree
1376 3069 1484 3132 aui
1516 3069 1726 3134 nostri
1763 3066 2079 3134 carissimi
2134 3068 2469 3133 euidenter
2519 3088 2635 3152 per
2674 3088 2792 3133 nos
2826 3070 3098 3149 experto

832 3174 1343 3241 dinoscebantur
1377 3176 1713 3258 gratulari.
1767 3175 2080 3242 Volentes
2112 3172 2284 3259 quod
2317 3173 2614 3242 decetero
2647 3174 2819 3241 idem
2852 3175 3094 3238 Petrus

827 3288 1049 3347 noster
1099 3283 1306 3368 pugil,
1360 3282 1617 3369 fratres,
1675 3291 1738 3350 et
1789 3285 2047 3367 cognati
2086 3283 2184 3348 sui
2220 3284 2678 3370 prenominati,
2731 3282 2848 3346 illa
2881 3288 2945 3346 et
2980 3301 3092 3346 ea-

829 3386 971 3452 dem
1013 3388 1345 3471 gaudeant
1374 3390 1713 3478 libertate,
1764 3411 1893 3474 qua
1934 3392 2068 3457 ueri
2102 3391 2354 3457 nobiles
2390 3391 2596 3473 Regni
2630 3389 2833 3456 nostri
2865 3397 3093 3471 gratu-

828 3496 1067 3562 lantur.
1119 3498 1203 3561 Vt
1234 3496 1429 3580 igitur
1477 3499 1680 3565 series
1735 3499 1924 3564 huius
1958 3499 2179 3582 gracie
2219 3499 2414 3565 robur
2453 3499 2740 3564 obtineat
2770 3502 3089 3583 perpetue

828 3604 1188 3686 firmitatis,
1237 3625 1356 3671 nec
1409 3625 1709 3689 processu
1761 3612 2120 3690 temporum
2173 3625 2291 3691 per
2329 3604 2696 3690 quempiam
2737 3605 2947 3690 possit
2979 3606 3088 3670 vel

826 3713 1067 3779 debeat
1132 3713 1461 3795 reuocari3
1530 3723 1870 3797 presentes
1936 3717 2374 3781 concessimus
2447 3713 2697 3780 litteras
2761 3712 3097 3799 dupplicis

830 3822 1032 3906 sigilli
1069 3822 1270 3886 nostri
1305 3819 1658 3886 munimine
1708 3820 2070 3888 roboratas.
2141 3823 2379 3888 Datum
2415 3842 2530 3907 per
2563 3842 2788 3888 manus
2823 3821 3093 3888 discreti

830 3930 952 3995 uiri
986 3928 1319 3995 Benedicti
1356 3929 1596 3994 Sancte
1646 3928 2118 4012 strigoniensis
2172 3929 2461 3997 Ecclesie
2496 3931 2715 4012 Electi,
2748 3929 3094 4015 ‚eiusdem-

828 4056 953 4119 que
1004 4037 1129 4104 loci
1180 4036 1450 4103 Comitis
1500 4038 1834 4122 Perpetui,
1888 4038 2207 4122 Prepositi
2262 4039 2605 4123 Budensis‚
2660 4040 2811 4106 aule
2866 4045 3095 4104 nostre

828 4144 1402 4230 vice-Cancellarij
1473 4144 1698 4210 dilecti
1764 4154 1826 4211 et
1881 4145 2092 4213 fidelis
2156 4147 2397 4229 nostri3
2467 4145 2880 4230 presentibus
2944 4145 3090 4213 Ste-

824 4255 1038 4340 phano
1089 4253 1449 4337 Colocensi,
1501 4253 1799 4320 Johanne
1843 4254 2214 4338 Spalatensi
2259 4254 2829 4340 Arcbiepiscopis;
2895 4256 3088 4322 Lam-

824 4367 1005 4445 pcrto
1042 4361 1367 4448 Agriensi,
1414 4360 1671 4429 Briccio
1708 4361 2172 4445 Chanadiensi,
2220 4364 2346 4432 Job
2380 4363 3090 4451 Quinqueccclesiensi,

823 4470 1028 4537 Paulo
1077 4468 1540 4555 vesprimiensi
1591 4473 1742 4537 aule
1791 4479 2013 4538 nostre
2066 4472 2508 4556 Cancellario,
2568 4472 2877 4559 Philippo
2930 4472 3085 4539 Wa-

822 4578 1047 4665 ciensi,
1082 4579 1235 4645 aule
1268 4577 1527 4646 domine
1559 4579 1811 4663 Regiae
1845 4581 2159 4647 consortis
2195 4585 2413 4649 nostre
2444 4580 2780 4649 carissime
2811 4580 3088 4647 Cancel-

821 4688 1004 4773 lario,
1039 4687 1420 4756 Lodomerio
1448 4687 1854 4776 Varadiensi,
1878 4690 2245 4778 Tymotheo
2284 4690 2733 4777 Zagrabiensi,
2767 4689 3095 4775 Dyonisio
