3319 5249
1523 284 1655 354 573

457 482 726 548 mettius
759 481 932 548 filius
964 482 1169 568 Huut,
1203 481 1313 565 qui
1343 483 1412 547 in
1446 482 1591 565 ipsa
1624 479 1783 548 villa
1801 480 2052 564 Dragul
2075 486 2227 545 tunc
2258 480 2571 564 temporis
2593 479 2717 545 fuit

455 592 782 675 iuuentus,
823 589 904 654 de
937 586 1164 654 eadem
1196 608 1343 655 cum
1376 606 1497 656 sua
1527 588 1780 654 familia
1812 586 2171 655 recedendo
2221 606 2332 653 eos
2362 588 2718 672 recepisset

456 697 521 761 in
558 717 742 782 pace,
780 703 847 761 et
876 697 1120 762 intrare
1154 695 1221 759 in
1254 697 1438 783 ipsas
1474 696 1669 762 villas
1704 696 1921 778 quiete
1968 694 2280 780 permisit.
2328 694 2719 759 Adiecerunt

461 804 689 889 eciam,
722 811 794 868 ut
826 802 1049 869 eedem
1083 802 1239 870 ville
1272 811 1483 888 preter
1516 803 1679 870 duas
1711 803 2084 868 mansiones
2149 821 2428 886 vacuas,
2494 822 2618 884 que
2649 802 2719 866 in

455 907 620 975 villa
644 909 899 992 Dragul
949 909 1211 977 inuente
1273 911 1533 977 fuerunt
1557 961 1573 994 ,
1643 908 2112 976 habitatoribus
2158 908 2347 994 plene
2407 914 2625 976 essent
2657 914 2723 973 et

458 1015 718 1102 populis
751 1016 1119 1083 constitutis
1152 1017 1219 1083 in
1253 1018 1347 1084 eis
1380 1037 1526 1084 cum
1592 1037 1813 1083 eorum
1862 1016 2050 1084 bonis
2101 1020 2165 1082 et
2194 1016 2426 1100 rebus;
2461 1018 2528 1082 in
2559 1014 2722 1082 villa

460 1129 674 1188 autem
709 1121 932 1207 Legen
964 1143 1098 1188 una
1131 1122 1357 1191 domus
1410 1130 1508 1190 est
1539 1124 1676 1191 suis
1727 1123 2207 1190 habitatoribus
2240 1121 2575 1189 destituta.
2609 1123 2720 1190 Ju-

460 1228 637 1296 dices
670 1249 829 1296 uero
862 1227 940 1295 de
970 1230 1151 1296 Hunt
1181 1238 1245 1297 et
1307 1229 1388 1296 de
1443 1230 1754 1314 Neograd
1817 1227 1902 1295 ad
1930 1229 2482 1296 introduccionem
2514 1228 2726 1315 predi·

461 1340 712 1403 ctarum
744 1337 1048 1403 villarum
1100 1337 1418 1423 requisiti,
1468 1357 1653 1404 suum
1687 1338 2007 1406 hominem
2042 1338 2137 1404 eis
2170 1336 2329 1403 dare
2362 1342 2721 1419 negarunt;

459 1442 631 1509 sicut
661 1444 779 1511 hec
809 1444 1026 1512 omnia
1058 1451 1123 1512 et
1155 1447 1419 1529 singula
1449 1446 1914 1530 premissorum
1947 1444 2032 1512 ab
2064 1464 2173 1511 ore
2189 1441 2482 1511 hominis
2517 1441 2717 1509 uestri

462 1555 531 1615 et
557 1551 763 1616 nostri
794 1570 875 1616 ac
908 1552 994 1618 ab
1024 1571 1137 1618 ore
1170 1551 1454 1619 hominis
1486 1551 1733 1618 domini
1785 1553 1994 1621 nostri
2025 1550 2527 1636 Archiepiscopi
2561 1549 2722 1617 didi-

463 1658 666 1725 cimus
697 1663 761 1724 et
790 1660 1252 1744 recollegimus
1283 1661 1596 1728 seriatim.

465 1873 743 1937 (Eredetie
769 1871 1129 1941 bflrhartyan,
1155 1892 1189 1928 a
1208 1873 1489 1943 zarpecset
1513 1876 1774 1929 elveszott
1800 1896 1813 1939 ς
1841 1892 1875 1929 a
1903 1873 2054 1929 melt.
2080 1876 2131 1927 b.
2154 1872 2389 1939 Perenyi
2416 1872 2606 1926 csalad
2643 1875 2745 1929 le·.

1405 1964 1772 2033 veltAraban.)

1393 2264 1814 2280 m

1524 2857 1680 2926 428.

478 3079 575 3140 ΑΖ
607 3053 983 3162 eszte-rqami
1019 3077 1483 3161 kdptalannak
1514 3078 1817 3161 jelente‘se
1847 3078 1896 3141 Ι
1904 3076 1974 3142 V.
2023 3076 2263 3142 Ldszld
2290 3078 2650 3163 kira'lyhoz,
2682 3100 2727 3140 a

476 3183 697 3250 Chaba
730 3187 1091 3273 helysei-qoem
1129 3189 1361 3252 tb'rte'nt
1397 3185 1894 3270 hatdrjdrcisrdl
1925 3208 1967 3248 a
1999 3185 2391 3271 nyzilsziqeti
2442 3185 2714 3268 apcicza-

1074 3329 1085 3340 ·
1118 3296 1324 3360 zdrda
1356 3297 1682 3361 szcima'ra.
1718 3270 1819 3358 Ευ
1849 3294 2085 3360 ηέῑῘοὶίῑ.

693 3507 1267 3576 Excellentissimo
1301 3506 1564 3576 domino
1596 3527 1716 3574 suo
1750 3509 1823 3574 L.
1861 3507 1984 3574 Dei
2005 3506 2240 3592 gracia
2277 3506 2519 3574 Illustri
2565 3507 2730 3591 Regi

474 3614 808 3697 Hungarie
842 3612 1210 3700 Capitulum
1246 3615 1540 3682 Ecclesie
1572 3615 2039 3698 strigoniensis
2092 3612 2429 3680 oraciones
2480 3613 2546 3679 in
2599 3614 2729 3679 Do·

474 3722 644 3788 mino
677 3721 931 3790 debitas
961 3729 1027 3791 et
1073 3722 1361 3790 denotas.
1392 3724 1677 3791 Litteras
1699 3723 1935 3789 Vestre
1955 3721 2335 3787 Serenitatis
2359 3719 2741 3805 recepimus¹

475 3830 899 3917 continenteS,
936 3831 1108 3914 quod
1131 3852 1275 3900 cum
1297 3832 1604 3916 Magistro
1643 3828 1993 3897 Benedicto
2027 3828 2180 3895 aule
2211 3834 2422 3894 vestre
2453 3826 2725 3892 Notario

478 3944 771 4004 nostrum
791 3938 1119 4005 hominum
1142 3933 1393 4005 m'ittere
1413 3938 2002 4025 deberemus,cuius
2023 3934 2389 4003 testimonio
2409 3931 2578 4001 idem
2597 3933 2731 3998 Ma-

478 4048 680 4131 gister
699 4050 775 4114 B.
796 4050 1125 4129 quandam
1144 4049 1513 4135 possession
1522 4069 1621 4115 em
1641 4047 1876 4114 nobilis
1897 4046 2020 4114 viri
2040 4046 2224 4132 Moys
2245 4042 2541 4127 Magistri
2561 4040 2732 4107 Tha·-

482 4156 895 4222 uarnicorum
934 4155 1191 4224 domine
1212 4157 1461 4240 Regine
1481 4163 1544 4222 et
1562 4154 1833 4223 Comitis
1855 4152 2266 4237 simigiensis
2288 4149 2515 4216 Chaba
2535 4167 2652 4216 voc
2664 4165 2730 4212 a·

478 4268 632 4343 tam,
664 4283 858 4348 quam
889 4265 1033 4349 ipse
1058 4267 1376 4349 Magister
1405 4265 1595 4351 Moys
1627 4284 1772 4331 cum
1806 4262 2104 4331 omnibus
2135 4259 2271 4324 suis
2306 4253 2729 4343 pertinencijs

481 4372 812 4438 sororibus
864 4371 947 4441 de
993 4372 1218 4445 Insula
1249 4376 1449 4442 Beate
1481 4371 1774 4458 Virginis
1807 4368 1986 4436 dedit
2017 4374 2083 4434 et
2121 4364 2392 4433 donauit
2424 4366 2731 4450 perpetuo
2806 4449 2810 4453 ,

482 4478 940 4563 possidendam
976 4501 1296 4550 consensu
1326 4482 1555 4548 Vestre
1588 4476 1947 4546 Maiestatis
1997 4471 2467 4539 interueniente
2489 4521 2510 4557 ,
2561 4468 2730 4535 sicut

484 4586 550 4651 in
586 4587 918 4674 productis
942 4590 1173 4656 vestris
1191 4588 1427 4656 litteris
1449 4584 1729 4655 vidimus
1754 4580 2091 4668 contineri,
2128 4576 2560 4646 reambularet
2578 4594 2736 4643 con·
