3319 5249
1907 315 2033 384 158

834 515 1092 582 modum
1125 513 1385 580 rediens
1437 511 1662 579 retulit
1709 512 1919 597 nobis,
1968 512 2141 595 quod
2193 511 2367 579 idem
2418 513 2731 597 Magister
2780 514 2854 579 P.
2902 511 3097 580 homo

834 622 1074 687 domini
1106 620 1307 703 Regis
1342 620 1728 706 Dyonisium
1767 618 1848 686 de
1880 619 2064 705 Chuy
2117 627 2184 684 et
2232 619 2464 688 fratres
2503 620 2587 687 de
2617 621 2836 688 insula
2867 620 3093 687 Sancti

832 731 1026 796 Alexi
1061 729 1141 823 de
1175 730 1508 812 Fuzegthu
1539 736 1767 796 contra
1798 730 2055 795 Petrum
2107 737 2174 796 et
2221 730 2598 797 Marcellum
2639 729 2956 796 officiales
2989 749 3090 795 so·

836 858 1048 904 rorum
1083 838 1165 903 de
1200 839 1420 903 Insula
1454 838 1653 904 Beate
1684 839 1887 904 Maric
1921 837 2209 921 Virginis
2244 836 2331 902 ad
2360 838 2632 926 Regiam
2685 838 2915 904 citauit
2948 856 3087 922 pre·

834 947 1115 1012 senciam
1150 946 1217 1010 in
1248 944 1415 1010 feria
1447 954 1679 1028 quarta
1730 946 2027 1030 proxima
2074 952 2228 1013 ante
2281 946 2688 1013 Dominicam
2732 945 2921 1012 Oculi
2960 947 3087 1011 mei

833 1053 918 1120 ad
948 1052 1343 1137 quindenam
1378 1053 1666 1122 eiusdem
1699 1053 1864 1119 ferie
1895 1059 2142 1136 quarte.

1046 1161 1288 1227 Kc'vizl:
1336 1162 1519 1247 Moys
1551 1160 1772 1229 Judiei
1823 1161 2014 1229 Curio
2066 1159 2329 1230 domimi
2380 1160 2577 1244 Regis
2611 1168 2675 1227 et
2707 1160 2935 1228 Comiti
2973 1163 3093 1247 Sy·

828 1269 1125 1351 migiensi
1161 1289 1276 1354 pro
1307 1271 1503 1336 Petro
1538 1277 1603 1336 et
1636 1269 1964 1336 Marcello.

828 1451 1102 1516 (Eredetie
1130 1446 1481 1515 b6rhartyan,
1522 1466 1555 1502 a
1580 1447 1865 1517 zarpecset
1891 1447 2176 1514 lemallott,
2234 1465 2268 1501 a
2312 1451 2474 1502 budai
2507 1452 2613 1501 kir.
2644 1451 2887 1503 kamarai
2916 1448 3090 1501 level-

1036 1552 1051 1567 *
1830 1536 2069 1606 tar-ban.)

1879 2369 2028 2438 106.

824 2569 887 2636 A
918 2549 1955 2658 szAkes-feMrvdri’kdptazamak
2001 2569 2326 2654 jelentdse,
2391 2570 2557 2656 hoqy
2591 2568 2839 2652 Laszw,
2902 2569 3090 2635 Pater

824 2680 1135 2744 comesnek
1153 2680 1279 2763 fia,
1311 2681 1373 2745 6⁸
1404 2679 1803 2745 &rdektdrsai
1841 2674 2292 2744 Sunt-Mikws
2324 2681 2518 2742 vdrdt
2548 2679 2835 2743 Benedek
2867 2688 3089 2744 eszter-

1174 2790 1354 2873 yami
1383 2787 1677 2853 meknek
1709 2787 1771 2852 62
1803 2787 2204 2852 testve'reinek
2243 2786 2477 2852 eladta.
2530 2787 2661 2853 127
2665 2788 2725 2852 6.

1039 2983 1410 3067 Capitulum
1466 2982 1767 3051 Albensis
1815 2983 2112 3051 Ecclesie
2165 2982 2461 3049 omnibus
2493 2980 2733 3050 Christi
2772 2980 3083 3048 fidelibus

819 3097 1187 3179 presentem
1218 3092 1527 3177 paginam
1560 3091 1945 3176 inspecturis
1979 3090 2251 3158 salutem
2292 3090 2360 3155 in
2393 3091 2672 3156 Domino
2705 3092 2863 3159 Jesu
2898 3091 3083 3156 Chri-

819 3207 938 3267 sto.
1013 3202 1179 3266 Acta
1232 3199 1444 3266 solent
1492 3197 1823 3267 hominum
1866 3219 2007 3267 cum
2041 3198 2379 3266 fraudibus
2410 3196 2790 3284 anichilari‚
2854 3197 3080 3264 sinon

822 3307 1144 3374 cautelam
1177 3305 1468 3374 dederint
1498 3328 1614 3394 per
1652 3312 1894 3393 scripta
1926 3306 2161 3375 notari.
2209 3307 2494 3375 Proinde
2545 3306 2786 3373 notieie
2816 3310 3079 3372 cuncto·

819 3436 959 3482 rum
1021 3422 1244 3484 tenore
1308 3416 1716 3501 presencium
1781 3416 2228 3483 declaramus:
2278 3413 2449 3498 quod
2495 3412 2849 3480 Ladizlaus
2906 3412 3083 3481 filius

824 3523 1092 3591 Comitis
1125 3525 1324 3611 Petri,
1357 3523 1691 3591 Dionisius
1744 3524 1942 3590 Finta
1980 3522 2192 3590 dictus
2212 3575 2230 3611 ‚
2284 3521 2511 3589 Chaba
2542 3526 2607 3589 et
2633 3520 2819 3587 Band
2850 3520 2934 3586 de
2965 3520 3081 3586 Al·

819 3630 973 3697 mad
1004 3632 1086 3698 ab
1120 3651 1254 3697 una
1288 3638 1511 3718 parte:
1557 3631 1728 3698 idem
1761 3631 2075 3715 Magister
2109 3629 2498 3697 Benedictus
2530 3630 2801 3697 Electus
2834 3628 3082 3713 Strigo·

818 3736 1080 3823 niensis,
1130 3738 1433 3807 Dedalus
1465 3738 1700 3807 Comes
1731 3738 2158 3825 Zaladiensis‚
2208 3737 2387 3830 Beke
2438 3742 2504 3804 et
2548 3734 2920 3821 Stephanus
2955 3735 3080 3803 sra-

819 3854 949 3914 tres
982 3846 1083 3913 sui
1115 3846 1202 3912 ab
1234 3847 1463 3932 altera,
1518 3866 1737 3913 coram
1770 3845 1957 3913 nohis
1987 3845 2415 3932 personaliter
2467 3844 2821 3930 constituti,
2879 3842 3082 3928 ijdem

815 3951 1195 4040 Ladizlaus,
1238 3954 1596 4042 Dionisius,
1631 3953 1858 4022 Chaba
1890 3961 1952 4020 et
1981 3953 2174 4021 Band
2209 3954 2535 4040 quoddam
2568 3959 2851 4020 castrum
2885 3953 3083 4019 Scen-

818 4060 1096 4148 miclosy
1127 4067 1427 4128 uocatum
1448 4083 1592 4129 cum
1626 4062 1922 4130 omnibus
1953 4061 2040 4129 ad
2072 4082 2145 4130 se
2175 4061 2626 4147 spectantibus
2679 4068 2745 4126 et
2780 4059 3081 4127 vtilitati-

815 4168 937 4234 bus
971 4167 1104 4235 suis
1138 4169 1500 4253 vniuersis3
1549 4168 1724 4254 quod
1756 4168 2065 4237 videlicet
2115 4173 2395 4235 castrum
2443 4188 2561 4253 pro
2622 4167 2772 4234 labe
2805 4165 3083 4234 infideli-

796 4261 970 4341 'tatis
1003 4273 1222 4342 Ochuz
1273 4274 1429 4359 filijs
1484 4274 1757 4343 Comitis
1817 4274 2006 4362 Jurk,
2057 4282 2122 4341 et
2153 4277 2360 4342 eciam
2424 4274 2578 4359 quia
2629 4272 2801 4339 idem
2854 4273 3081 4343 Ochuz

814 4383 956 4450 sine
986 4380 1298 4449 heredum
1331 4381 1611 4450 decessit
1640 4382 1909 4468 solacio,
1955 4380 2254 4449 dominus
2287 4382 2468 4464 Rex,
2515 4382 2682 4449 sicut
2711 4377 2940 4467 se'rtur,
2992 4385 3079 4449 ab

813 4489 957 4574 ipso
988 4487 1337 4556 auferendo
1372 4489 1728 4558 Benedicto
1778 4490 2000 4557 Electo
2053 4497 2119 4557 et
2172 4491 2394 4557 Primo
2449 4490 2833 4574 contulerat,
2878 4510 3077 4574 quam

813 4603 1050 4667 terram
1083 4604 1149 4665 et
1180 4597 1351 4682 quod
1382 4606 1663 4667 castrum
1698 4618 1814 4685 per
1843 4619 1966 4668 nos
1998 4598 2378 4684 interrogati
2432 4618 2505 4665 sc
2552 4596 2797 4665 habere
2828 4616 3075 4666 assere-
