3319 5249
1408 354 1495 420 83

1400 909 1509 977 46.

326 1110 430 1175 IV.
480 1110 714 1176 La'szl6
745 1111 964 1197 kira'ly
1001 1113 1354 1196 meyerdeiti
1389 1111 1434 1174 Ι
1439 1108 1504 1175 V.
1536 1109 1703 1175 Be'la
1734 1110 2090 1196 kircilynak
2132 1106 2386 1174 Takson
2418 1108 2584 1192 hely-

326 1222 478 1303 se'qet
530 1223 845 1305 tdrqyazo‘
879 1220 1149 1284 1269-ki
1189 1219 1580 1302 adomdnydt
1614 1218 1856 1284 Miklds
1894 1219 2272 1283 Ivdnkcinak
2304 1218 2413 1298 fia
2445 1220 2581 1281 ezd-

1224 1332 1432 1391 mcira.
1485 1331 1679 1393 1274.

542 1523 679 1588 Nos
715 1520 1168 1605 sigismundus
1199 1522 1321 1588 stb.
1372 1522 1544 1604 quod
1589 1542 1732 1587 cum
1766 1525 1848 1589 ob
1882 1523 2459 1589 contradictoriam
2490 1521 2584 1587 in·

328 1630 717 1699 hibicionem
769 1630 1151 1697 statucionis
1202 1631 1692 1717 possessionum
1740 1631 2161 1719 Wyzkeleth,
2212 1628 2489 1696 Taxond
2521 1637 2585 1694 et

328 1739 602 1806 Porloch
661 1745 1036 1805 vocatarum
1087 1738 1155 1804 in
1190 1739 1513 1805 Comitatu
1556 1737 1935 1806 Posoniensi
1990 1738 2417 1806 existencium
2450 1738 2583 1802 Ma·

331 1845 527 1929 gister
559 1846 926 1930 Stephanus
980 1846 1145 1913 filius
1179 1846 1470 1932 Gregorij
1527 1846 1608 1912 de
1640 1847 1929 1912 Berench
1960 1846 2329 1914 ‚Iohannem
2382 1845 2584 1911 filium

331 1954 502 2021 Beke
560 1954 639 2020 de
677 1954 934 2036 Kwrth‚
983 1961 1049 2020 et
1080 1954 1396 2023 ,Iacobum
1449 1955 1654 2020 filium
1687 1951 2029 2022 Michaelis
2075 1957 2156 2021 de
2184 1952 2585 2040 Kys-Kwrth

331 2061 588 2127 modum
642 2072 708 2128 et
760 2061 1031 2128 formam
1087 2062 1375 2146 legitime
1425 2063 1836 2130 euocacionis
1889 2063 2298 2129 obseruando
2332 2083 2448 2146 per
2479 2081 2586 2126 no-

334 2176 529 2235 strum
586 2176 650 2234 et
703 2169 984 2254 Capituli
1038 2169 1449 2237 Posoniensis
1499 2169 1791 2237 homines
1845 2177 2071 2237 contra
2120 2193 2190 2238 se
2223 2169 2310 2237 ad
2343 2177 2587 2235 certum

336 2275 679 2346 terminum
733 2284 1017 2343 nostram
1054 2277 1404 2363 specialem
1438 2278 1505 2344 in
1542 2279 1947 2362 presenciam
1987 2280 2054 2343 in
2089 2298 2354 2344 causam
2388 2282 2584 2342 attra-

337 2387 534 2452 xisset
568 2386 696 2451 sth.
749 2383 821 2469 (a
870 2384 1192 2471 hatarnap
1238 2386 1429 2454 elobb
1484 2386 1614 2473 „ad
1648 2393 1916 2454 octauas
1970 2387 2118 2452 festi
2151 2387 2223 2452 B.
2258 2384 2590 2452 Michaelis

329 2490 774 2575 Archangeli“
814 2494 1049 2576 1408.;
1110 2515 1144 2559 s
1192 2493 1443 2560 keslibb
1493 2493 1831 2561 ismetelve
1883 2500 1952 2559 es
2003 2494 2343 2559 ismetelve
2392 2492 2589 2557 kiter-

325 2601 686 2686 Jesztetett3
753 2605 951 2684 vegre
1011 2601 1210 2686 pedig
1275 2601 1400 2686 „ad
1464 2609 1796 2688 presentes
1860 2608 2129 2669 octauas
2194 2601 2344 2668 festi
2401 2599 2589 2666 Beati

334 2710 595 2793 Georgij
633 2707 958 2775 martiris“
994 2706 1427 2796 kihuzatvan)
1468 2711 1590 2777 stb.
1640 2710 1978 2777 Johannes
2031 2719 2093 2776 et
2123 2710 2410 2777 ‚Iacobus
2449 2728 2591 2792 per-

332 2818 645 2884 sonaliter
696 2818 764 2883 in
794 2826 1081 2884 nostram
1124 2802 1512 2902 exurgendo
1566 2819 1970 2904 presenciam
2007 2819 2320 2903 quasdam
2354 2837 2590 2884 nouem

332 2922 618 3001 litteras,
688 2945 881 2990 unam
936 2925 1180 2991 domini
1228 2925 1528 2993 Ladizlai
1579 2928 1780 3009 Regis
1831 2928 1955 2993 stb.
2032 2926 2219 2993 nobis
2288 2931 2594 2992 curarunt

333 3029 782 3098 demonstrari.
813 3034 936 3099 stb.
983 3033 1411 3100 continencia
1439 3054 1594 3101 vero
1628 3035 1986 3101 litterarum
2020 3035 2313 3100 annotati
2347 3033 2588 3099 domini

330 3140 625 3206 Ladizlai
688 3140 885 3224 Regis
946 3141 1450 3227 priuilegialium
1517 3163 1689 3208 anno
1741 3143 1983 3209 Christi
2041 3140 2283 3208 M⁰CC⁰
2333 3146 2590 3226 septua-

332 3248 580 3329 gesimo
613 3254 867 3333 quarm,
905 3248 1113 3332 Regni
1146 3256 1362 3315 autem
1403 3250 1503 3316 sui
1554 3270 1728 3316 anno
1771 3252 1971 3316 tercio
2004 3253 2449 3316 emanatarum
2481 3269 2588 3313 ex-

332 3354 689 3438 planabat,
745 3355 918 3437 quod
976 3355 1288 3424 Nicolaus
1350 3356 1521 3423 filius
1586 3357 1863 3424 Iwanka
1924 3356 2013 3422 ad
2075 3357 2281 3441 ipsius
2348 3355 2590 3422 domini

333 3461 621 3528 Ladizlai
656 3464 854 3546 Regis
908 3463 1226 3531 accedens
1280 3446 1697 3550 presenciam¹
1736 3465 2088 3551 propositis
2142 3465 2277 3529 suis
2318 3463 2591 3529 fidelita-

333 3572 504 3638 tibus
537 3576 606 3637 et
637 3572 932 3638 seruiciis
985 3574 1055 3638 in
1087 3572 1330 3638 eisdem
1382 3574 1712 3659 expressis
1760 3572 2084 3656 quandam
2116 3573 2593 3658 possessionem

337 3678 613 3744 Taxond
666 3686 1002 3762 vocatam,
1047 3680 1114 3746 in
1154 3679 1891 3759 Comitatu,Posoniensi
1944 3680 2366 3767 existentem,
2410 3679 2592 3762 joba-

335 3785 601 3867 gionum
641 3784 856 3855 Castri
893 3786 1305 3854 Posoniensis
1337 3788 1477 3853 sine
1507 3787 1748 3855 herede
1778 3788 2264 3871 decedencium,
2322 3806 2514 3869 quam
2549 3805 2591 3850 a

333 3892 622 3979 Chythar
662 3894 1020 3978 jobagione
1070 3895 1358 3962 eiusdem
1391 3896 1599 3962 Castri
1651 3915 1769 3980 pro
1808 3903 1944 3965 suis
1980 3898 2350 3965 excessibus
2382 3894 2594 3978 prefa-

335 4007 435 4066 tus
466 4002 608 4067 Rex
643 4002 807 4068 Bela
859 4003 1236 4070 abstulisset
1261 4053 1278 4086 ,
1327 4004 1393 4069 in
1426 4023 1556 4088 qua
1588 4004 1795 4071 eciam
1845 4004 2134 4090 predicto
2166 4001 2443 4069 Iwanka
2471 4010 2590 4070 ter·

337 4130 474 4176 ram
528 4108 616 4175 ad
651 4110 937 4194 quinque
988 4117 1208 4178 aratra
1259 4112 1691 4183 sufficientem
1726 4112 1897 4178 idem
1931 4111 2093 4177 Bela
2123 4113 2260 4177 Rex
2291 4109 2593 4176 contulis-

334 4227 471 4301 set,
506 4239 653 4284 cum
689 4220 966 4301 quadam
1013 4227 1188 4286 terra
1237 4220 1539 4287 similiter
1586 4220 1872 4304 predicti
1906 4220 2117 4286 Castri
2148 4220 2590 4305 Posoniensis,

331 4325 521 4391 iuxta
551 4326 786 4392 Kwrth
841 4327 1186 4412 existenti,
1240 4327 1384 4403 sibi
1421 4327 1566 4394 dari
1615 4335 1681 4395 et
1711 4327 1939 4395 donari
1972 4329 2393 4413 postulasset.
2441 4325 2592 4413 Ipse

335 4436 539 4517 igitur
601 4434 902 4502 dominus
964 4436 1319 4503 Ladizlaus
1370 4436 1509 4503 Rex
1572 4436 2003 4523 peticionibus
2066 4438 2273 4522 ipsius
2337 4435 2594 4502 Nicolai
2678 4442 2681 4449 “

333 4562 667 4629 annuens,
722 4542 1081 4629 predictam
1131 4543 1606 4630 possessionem
1656 4546 1923 4629 Taxon,
1978 4550 2042 4609 et
2090 4545 2291 4610 aliam
2343 4546 2595 4610 Toman

333 4658 602 4718 vocatas
652 4651 774 4717 sub
828 4653 1019 4719 metis
1090 4659 1155 4719 et
1206 4652 1499 4721 terminis
1563 4652 1852 4735 antiquis
1902 4652 2112 4719 eidem
2163 4651 2436 4716 Nicolao
2489 4649 2590 4714 de·

2185 4756 2272 4828 6*
