3319 5249
1795 286 1928 355 400

742 498 806 555 et
859 494 1009 555 ante
1059 485 1540 570 responsionem
1577 504 1796 551 eorum
1828 481 2242 551 satisfaciant
2273 481 2354 547 de
2378 478 2649 565 judicijs
2682 499 2986 547 memora-

740 596 866 680 tis3
924 593 1214 679 alioquin
1265 592 1390 679 ipsi
1441 591 1710 676 negocio
1762 590 1951 657 finem
1987 589 2274 658 debitum
2304 588 2705 674 imponemus
2735 587 2993 655 iusticia

746 702 1092 770 mediante.
1127 700 1312 766 Facti
1347 700 1581 767 seriem
1615 697 1876 768 domino
1908 697 2071 782 Regi
2112 697 2509 765 rescribatis.
2540 693 2784 762 Datum
2817 693 2992 764 Bude

742 808 1016 894 septimo
1080 807 1188 876 die
1250 814 1628 876 octauarum
1692 804 1995 873 Omnium
2057 804 2439 873 Sanctorum
2500 823 2674 871 anno
2735 804 2993 871 Domini

743 915 833 984 ΙΨ
880 913 1010 982 00⁰
1060 915 1505 1001 octuagesimo
1564 920 1816 999 quarto.
1880 914 2227 982 Presentes
2287 909 2602 979 reddituri
2652 911 2994 979 exhibitori

739 1023 1165 1112 presencium,
1197 1031 1261 1091 et
1290 1025 1496 1092 series
1530 1024 1786 1108 negocij
1822 1019 2444 1106 comprehendentes
2476 1019 2539 1085 in
2576 1019 2846 1087 eisdem.

747 1242 1023 1305 (Eredetie
1065 1237 1411 1307 burhartydu,
1441 1255 1475 1291 a
1499 1235 1890 1305 zarpecsetnek
1917 1234 2170 1289 teredeke
2195 1233 2321 1303 meg
2347 1252 2577 1302 megvan
2601 1258 2615 1305 ς
2647 1252 2679 1287 a
2706 1236 2875 1287 budai
2901 1238 2996 1289 kir.

1550 1328 1794 1380 hamarai
1823 1323 2203 1393 leveltarban.)

1662 1594 2085 1609 *—

1798 2042 1952 2111 285.

756 2248 1059 2310 Bertalan
1106 2244 1346 2310 vciradi
1386 2245 1643 2331 paepok
1694 2246 1756 2309 6³
1793 2244 2068 2309 Rorand
2098 2243 2337 2327 erdelyi
2367 2242 2575 2326 vajda
2604 2241 2765 2305 mint
2795 2241 3001 2305 krkit'l-

755 2356 891 2419 dett
956 2356 1143 2420 biv-‘ik
1205 2382 1247 2419 α
1314 2357 1602 2420 Berthem
1668 2354 2032 2447 helyseqben
2066 2354 2197 2416 le'vc'i
2229 2353 2526 2434 vdmhely
2541 2351 3004 2437 joqositva'nya

1444 2464 1625 2528 ‘Iret-nt
1662 2462 2086 2528 kaidroznak.
2118 2462 2313 2525 1284.

974 2658 1460 2726 Bartholomeus
1497 2659 1924 2727 miseracione
1955 2658 2196 2725 Diuina
2229 2657 2591 2744 Episcopus
2623 2653 3010 2724 Waradien-

758 2766 872 2849 sis,
894 2773 959 2833 et
980 2766 1315 2833 Rorandus
1335 2767 1677 2854 Wayuoda
1708 2767 2178 2835 Transiluanus
2216 2768 2440 2834 Comes
2474 2768 2554 2834 de
2586 2764 2838 2849 Zonuk,
2874 2764 3014 2831 vni·

760 2874 966 2940 uersis
988 2872 1229 2941 Christi
1260 2874 1559 2943 fidelibus
1591 2877 2000 2961 presentibus
2038 2865 2275 2960 pariter
2312 2882 2375 2942 et
2406 2875 2638 2942 futuris
2673 2878 3009 2960 presentes

758 2983 1009 3048 litteras
1060 2982 1443 3066 inspecturis
1483 2985 1757 3050 salutem
1794 2981 1860 3048 in
1893 2982 2120 3049 salutis
2151 2982 2485 3068 largitore.
2521 2982 2835 3050 Nouerint
2871 2982 3004 3046 vni-

764 3090 975 3171 uersi‚
1046 3096 1343 3172 patentes
1396 3091 1652 3158 litteras
1703 3090 1945 3156 domini
1997 3090 2292 3157 Ladizlai
2344 3090 2750 3157 Serenissimi
2815 3087 3011 3172 Regis

762 3198 1094 3282 Hungarie
1132 3217 1251 3263 nos
1288 3204 1655 3264 reuerenter
1708 3197 2030 3282 recepisse
2064 3197 2483 3281 continentes,
2518 3196 2694 3283 quod
2718 3198 2862 3282 ipse
2894 3195 3012 3263 do-

764 3306 979 3370 minus
1026 3304 1164 3372 Rex
1216 3325 1410 3389 super
1461 3306 1842 3371 diuersitate
1892 3304 2287 3392 tributorum,
2324 3325 2448 3388 que
2481 3305 2543 3371 in
2576 3304 2737 3373 locis
2769 3303 3015 3370 indebi-

764 3413 850 3479 tis
895 3412 1262 3501 exiguntur,
1316 3413 1396 3479 de
1446 3413 1732 3480 omnium
1787 3414 2106 3482 Baronum
2161 3422 2225 3480 et
2276 3414 2601 3480 Nobilium
2629 3412 2865 3497 ‘Regni
2917 3410 3016 3477 sui

764 3520 1028 3586 consilio
1068 3519 1336 3605 prouide
1386 3520 1763 3603 ordinando,
1814 3522 2073 3604 tributa,
2124 3542 2251 3606 que
2300 3528 2447 3607 post
2486 3522 2734 3589 obitum
2767 3519 3014 3585 domini

763 3625 958 3710 Regis
989 3627 1144 3694 Bele
1174 3626 1385 3694 felicis
1419 3629 1724 3695 memorie
1755 3635 1965 3696 ortum
2000 3630 2104 3696 vcl
2138 3629 2451 3711 originem
2469 3628 2855 3708 habuerunt,
2878 3648 3018 3692 om·

768 3734 939 3802 nimo
990 3735 1386 3804 decreuisset
1433 3736 1709 3821 abolere,
1759 3757 1876 3803 nec
1928 3757 2008 3802 ex
2042 3737 2266 3820 aliqua
2296 3757 2497 3803 causa
2526 3735 2913 3803 racionabili
2950 3736 3019 3802 in

769 3843 927 3909 locis
979 3844 1061 3909 ad
1106 3843 1570 3911 transeundum
1620 3844 1934 3928 grauibus
1982 3844 2292 3910 transitus
2345 3844 2524 3910 fieret
2588 3850 3018 3930 preparatus;

770 3949 940 4033 quod
970 3952 1176 4034 Regia
1206 3951 1591 4037 Magnitudo
1625 3949 2041 4034 indagacieni
2071 3959 2290 4018 nostre
2324 3956 2388 4017 et
2420 3949 2568 4017 fidei
2619 3972 2695 4018 ac
2745 3957 3024 4034 quatuor
3068 3955 3074 3959 ’

770 4057 812 4125 J
819 4057 1072 4126 udieum
1097 4057 1484 4144 comisisset,
1516 4065 1713 4145 prout
1743 4061 1807 4125 in
1841 4058 2087 4126 eisdem
2120 4058 2353 4125 litteris
2375 4057 2578 4142 Regie
2598 4055 3028 4123 celsitudinis

769 4166 1024 4252 plenius
1057 4165 1341 4233 vidimus
1375 4166 1717 4234 contineri.
1753 4165 1956 4251 Igitur
1989 4164 2096 4232 die
2131 4186 2243 4250 per
2273 4185 2392 4232 nos
2424 4171 2489 4232 et
2529 4163 2794 4232 Judiees
2827 4164 3030 4229 Nobi·

773 4273 931 4338 lium
982 4272 1049 4337 in
1103 4273 1314 4341 socios
1360 4275 1549 4342 nobis
1585 4273 1947 4359 adiunctos,
1985 4272 2070 4339 ad
2103 4272 2225 4339 ho'c
2260 4271 2635 4357 specialiter
2668 4273 3026 4356 assignato,

772 4380 1078 4450 videlicet
1129 4384 1196 4447 in
1249 4381 1499 4449 octauis
1547 4380 1735 4448 Beati
1781 4379 2013 4449 Jacobi
2065 4381 2365 4465 Apostoli
2402 4381 2467 4447 in
2500 4378 2663 4445 villa
2693 4378 3033 4465 Pispwky,

773 4489 883 4560 vbi
933 4509 1127 4575 super
1178 4490 1319 4577 ipso
1369 4488 1541 4554 facto
1575 4488 1962 4557 tributorum
1995 4496 2060 4554 ct
2089 4487 2244 4574 alijs
2278 4487 2573 4573 negocijs
2603 4504 2725 4573 per
2754 4484 3032 4569 Regiam

775 4598 1177 4670 Maiestatem
1210 4596 1395 4666 nobis
1428 4596 1784 4665 commissis
1817 4597 2361 4684 Conregacionem
2394 4593 2794 4663 habebamus
2819 4593 3030 4665 Gene-
