3319 5249
1459 317 1593 384 555

1438 944 1594 1012 405.

400 1139 444 1207 I
459 1143 518 1207 V
574 1143 806 1211 La'czld
854 1143 1205 1231 kirdlynak
1256 1146 1562 1210 rendelete
1611 1146 1831 1209 Hench
1902 1144 2539 1232 kamarayrdfijdnak
2571 1137 2659 1214 ’έο

394 1255 764 1333 tdrsainak,
795 1255 960 1341 hoqy
991 1254 1201 1318 Pe'tert
1233 1250 1566 1318 Abraham
1586 1255 1740 1338 ficit,
1761 1278 1800 1317 a
1833 1254 2286 1340 naqyatyjdtdl
2330 1253 2397 1318 V.
2430 1253 2655 1320 Ῑειυάπ

394 1361 707 1445 kirdlytdl
757 1361 1248 1447 adomdnyozott
1297 1361 1744 1464 oroszldnhfdi
1803 1362 2089 1427 vdmnak
2151 1362 2514 1429 czedese'ben
2577 1386 2657 1430 ne

1055 1468 1561 1554 akadcilyozzcik.
1609 1468 1699 1532 Ευ
1751 1470 1989 1535 nelle-ill.

607 1662 963 1729 Ladizlaus
995 1663 1121 1730 Dei
1155 1664 1379 1748 gracia
1398 1665 1538 1730 Rex
1558 1664 1898 1749 Hungarie
1929 1664 2226 1731 fidelibus
2257 1665 2393 1732 suis
2425 1666 2650 1733 Hench

392 1774 458 1837 et
506 1771 704 1857 socijs
735 1772 871 1839 suis
904 1771 1259 1839 Comitibus
1295 1772 1564 1839 Camere
1594 1792 1713 1839 sue
1733 1772 2013 1840 salutem
2047 1780 2112 1840 et
2142 1774 2452 1857 graciam.
2489 1773 2650 1840 Cum

391 1881 699 1948 tributum
734 1880 815 1946 de
848 1878 1345 1947 Orochlonheda
1376 1879 1461 1947 sit
1493 1881 1575 1945 ab
1627 1879 1896 1964 antiquo
1930 1880 2313 1965 institutum,
2345 1880 2652 1949 collatum

388 1989 541 2055 olim
576 2008 618 2053 a
651 1988 1082 2056 Serenissimo
1144 1989 1321 2071 Rege
1382 1986 1642 2055 domino
1694 1988 2028 2073 Stephano
2090 1987 2434 2055 karissimo
2467 1993 2656 2074 patre

387 2104 609 2164 nostro
641 2096 869 2164 inclite
899 2096 1374 2164 recordacionis
1406 2094 1625 2162 Abrae
1661 2094 1794 2160 filio
1829 2095 2112 2182 Ponych,
2134 2098 2306 2182 patri
2340 2095 2650 2163 videlicet

384 2204 565 2271 Petri
596 2204 835 2291 pupilli
869 2202 1160 2271 eiusdem
1193 2204 1432 2287 Abrae,
1465 2210 1657 2288 prout
1691 2222 1772 2269 ex
1802 2209 2022 2271 tenore
2083 2204 2450 2271 litterarum
2484 2204 2647 2271 eius·

385 2313 535 2380 dem
569 2312 772 2399 patris
804 2310 1010 2378 nostri
1058 2314 1585 2378 confirmatarum
1640 2332 1786 2378 cum
1837 2317 2058 2378 nostro
2090 2311 2431 2397 priuilegio
2464 2311 2650 2379 nobis

387 2419 677 2487 constitit
708 2417 1086 2487 euidenter:
1121 2418 1420 2486 fidelitati
1484 2424 1700 2485 uestre
1761 2418 2150 2486 mandamus
2213 2417 2642 2506 precipiendo,
2779 2442 2784 2447 ·

386 2532 709 2611 quatenns
742 2526 987 2609 dietum
1020 2527 1330 2594 tributum
1381 2526 1708 2612 prohiberi
1740 2547 1855 2594 seu
1916 2526 2163 2595 aboleri
2225 2548 2356 2594 non
2388 2526 2649 2594 faciatis

383 2635 733 2722 ullomodo,
769 2635 887 2702 sed
919 2634 1098 2720 exigi
1132 2655 1247 2702 seu
1284 2635 1484 2721 recipi
1517 2634 1936 2720 permittatis,
2001 2641 2193 2721 prout
2225 2614 2343 2721 per
2373 2635 2655 2706 eundem

393 2747 639 2829 Regem
671 2751 928 2828 patrem
961 2749 1248 2811 nostrum
1300 2743 1665 2810 institutum
1716 2744 1931 2811 suerat
1962 2751 2028 2811 et
2057 2763 2458 2812 concessum.
2522 2745 2652 2811 Da·
2689 2807 2692 2810 ,

395 2859 531 2919 tum
563 2851 633 2917 in
667 2849 880 2919 Chuth
914 2852 982 2918 in
1013 2851 1181 2920 festo
1215 2850 1442 2917 Sancti
1474 2851 1705 2919 Jacobi
1737 2851 2063 2937 Apostoli.

387 3048 665 3115 (Eredetio
692 3046 1041 3117 b6rhdrtyan,
1069 3050 1327 3116 molynek
1368 3046 1563 3103 haurn
1592 3055 1839 3116 nyomott
1887 3048 2136 3118 peccetje
2159 3047 2277 3101 mbr
2317 3049 2590 3110 olvenmtt,
2615 3063 2650 3099 ι

1084 3154 1257 3191 ηοω.
1284 3155 1533 3193 mazeum
1559 3136 1945 3206 irattitaban.)

1310 3371 1737 3382 ————

1438 3798 1597 3868 406.

380 3981 429 4046 I
435 3980 505 4044 V.
538 3982 778 4048 Ldazld
808 3982 1166 4070 kirdlynak
1184 3982 1511 4066 rendelete,
1548 3985 1720 4067 hoqy
1738 3983 1998 4049 Ma'rton
2029 3983 2091 4049 6⁸
2112 3983 2328 4063 Bank,
2349 3981 2641 4067 Somoqy·

381 4091 623 4175 meyyei
650 4089 1135 4175 vdrjobbdyyok
1165 4090 1382 4175 civ-vai,
1415 4090 1656 4156 Necech
1687 4101 1849 4154 nevil
1878 4090 2307 4155 birtokulcban
2344 4087 2520 4175 Opey
2549 4111 2644 4156 co·

846 4220 971 4262 ‘mes
1003 4198 1159 4264 ellan
1189 4197 1791 4264 ve‘delmeztessenek.
1826 4175 1928 4262 E'v
1960 4198 2199 4264 millam.
2225 4245 2226 4248 η

603 4374 961 4442 Ladizlau‘s
994 4374 1119 4442 Dei
1153 4377 1379 4459 gracia
1429 4378 1572 4443 Rex
1602 4375 1892 4459 Vngarie
1924 4373 2226 4442 fidelibus
2259 4373 2395 4442 suis
2427 4373 2646 4440 Endro

381 4478 519 4546 filio
549 4478 814 4567 Lothar‚
854 4488 920 4548 et
952 4481 1273 4565 Gregorio
1323 4483 1458 4552 filio
1490 4483 1633 4550 Pak
1667 4484 1948 4551 salutem
1983 4486 2049 4548 et
2107 4480 2419 4565 graciam.
2483 4479 2645 4550 Con·

388 4591 747 4673 queruntur
780 4588 970 4656 nobis
1001 4588 1320 4658 Martinus
1383 4589 1559 4658 filius
1591 4587 1956 4677 Wyduzlou
1990 4592 2053 4656 et
2100 4587 2294 4654 Bank
2327 4587 2505 4656 filius
2533 4585 2647 4655 Po-
