3319 5249
1532 261 1754 358 ——539

560 453 920 521 Nicholaus
952 453 1122 521 filius
1154 455 1323 523 Sebe
1355 454 1435 521 de
1467 474 1705 540 genere
1737 456 1868 523 Jak
1919 477 2140 524 eoram
2186 458 2373 527 nobis
2422 459 2820 526 constitutus

557 559 874 645 obligauit
906 582 999 645 se,
1036 560 1211 645 quod
1241 561 1297 630 si
1330 562 1781 648 possessiones
1815 583 1967 631 suas
1995 563 2128 631 Jak
2160 564 2321 633 sitas
2387 564 2573 631 iuxta
2607 564 2810 633 ecclc-

557 668 723 734 siam
744 667 932 736 Beati
958 668 1298 737 Michaelis
1321 669 1738 757 Archangeli,
1754 676 1818 735 et
1840 670 2263 738 Keuruselew
2283 685 2552 740 uocatas
2574 694 2613 739 a
2637 680 2821 758 parte

557 775 1096 862 septemtrionali,
1130 776 1497 846 vendicioni
1529 797 1855 863 exponere
1876 777 2172 866 uoluerit,
2196 799 2324 845 non
2360 781 2603 865 poterit
2635 779 2812 867 alijs,

557 883 681 951 nisi
702 881 935 950 Comiti
958 884 1091 951 Jak
1111 892 1176 952 et
1199 884 1490 953 Renoldo
1510 886 1666 970 filijs
1691 885 1896 971 Ebed,
1917 906 1997 952 ac
2019 885 2351 972 Stephano
2380 887 2512 954 filio
2536 887 2690 974 Jak,
2714 887 2817 954 Jo-

558 990 758 1056 hanni
789 991 923 1058 filio
948 992 1319 1078 Christiani,
1345 992 1596 1079 Kemyn
1622 992 1754 1059 filio
1777 994 1933 1093 Kem
1938 1015 2051 1079 yn,
2072 993 2113 1059 J
2117 993 2354 1061 ohanni
2377 993 2511 1061 filio
2535 992 2822 1078 Martini,

558 1098 863 1165 Michaeli
894 1100 1027 1167 filio
1063 1099 1332 1186 Thome,
1370 1100 1688 1184 Gregorio
1721 1099 1853 1166 filio
1887 1100 2166 1188 Sandur,
2203 1108 2266 1167 et
2308 1103 2504 1187 Myke
2538 1102 2671 1167 filio
2702 1104 2819 1168 Be-

557 1204 798 1273 nedicti
832 1204 1372 1292 generacionibus
1405 1207 1579 1291 suis;
1623 1207 1680 1274 si
1713 1227 1864 1274 uero
1900 1207 1964 1273 in
2027 1209 2342 1277 extremis
2410 1209 2545 1276 suis
2594 1210 2821 1293 legare

560 1314 855 1381 Ecclesie
904 1314 1186 1381 uoluerit
1253 1316 1651 1400 prescriptas
1702 1314 2168 1400 possessiones,
2222 1337 2346 1382 non
2399 1315 2638 1401 poterit
2691 1313 2815 1382 nisi

557 1420 838 1506 precium
873 1421 975 1489 uel
1011 1423 1301 1490 ualorem
1344 1421 1714 1491 earundem.
1748 1424 1948 1491 Cuius
1983 1423 2241 1507 quidem
2273 1423 2596 1508 Nicholay
2649 1442 2816 1490 com·

571 1526 882 1612 posicioni
937 1528 1282 1615 Chepanus
1346 1536 1411 1596 et
1442 1530 1839 1597 Laurencius
1870 1527 1952 1597 de
1983 1528 2197 1614 Sieke,
2228 1530 2418 1617 Sebe,
2467 1529 2710 1597 Paulus
2760 1535 2824 1595 et

561 1618 757 1717 Beke,
790 1635 1101 1704 Nicolaus
1133 1636 1304 1703 filius
1337 1635 1564 1703 Zooch
1596 1657 1716 1723 pro
1748 1655 1821 1703 se
1853 1644 1919 1703 et
1951 1658 2068 1723 pro
2100 1638 2324 1722 Paulo,
2358 1637 2555 1723 Beke,
2596 1636 2813 1702 Dioni-

566 1742 662 1807 sio
697 1750 759 1809 et
809 1743 1024 1810 Zooch
1077 1744 1384 1812 fratribus
1433 1744 1569 1813 suis
1620 1744 1910 1831 vterinis,
1964 1745 2241 1812 Martino
2294 1749 2359 1811 et
2404 1744 2611 1811 Panlo
2662 1743 2817 1830 filijs

563 1847 876 1937 Ladizlai,
908 1851 1219 1920 Ladizlao
1254 1854 1388 1921 filio
1408 1851 1687 1937 Dionisi‚
1707 1853 2091 1940 propinquis
2111 1852 2453 1938 prescripti
2491 1852 2815 1936 Nieholay

557 1977 938 2026 eonsensum
971 1962 1362 2045 prebuerunt
1392 1968 1458 2027 et
1489 1980 1851 2044 assensum,
1887 1960 2247 2044 obligantes
2303 1979 2394 2046 se,
2448 1958 2620 2044 quod
2675 1959 2811 2024 nul·

559 2065 687 2132 lius
716 2066 1025 2152 temporis
1055 2067 1241 2153 lapsu
1276 2069 1633 2136 Nicholaus
1667 2078 1729 2135 et
1761 2069 2099 2155 prescripti
2131 2067 2253 2134 viri
2305 2067 2392 2132 ad
2441 2066 2621 2134 illam
2670 2087 2816 2150 par-

559 2180 687 2239 tem
719 2175 887 2242 silue
913 2175 1115 2260 Rabe,
1151 2175 1265 2242 ubi
1301 2177 1533 2243 Comes
1565 2175 1701 2244 Jak
1754 2183 1820 2243 et
1873 2176 2105 2245 fratres
2158 2176 2256 2243 sui
2310 2179 2808 2258 commorantur,

562 2303 633 2350 se
666 2291 932 2369 possunt
963 2284 1347 2368 transferre;
1413 2292 1477 2350 et
1507 2305 1543 2351 e
1573 2291 1800 2352 contra
1858 2285 1991 2353 Jak
2041 2291 2104 2351 et
2124 2284 2464 2355 Renoldus¹
2490 2302 2570 2349 ae
2591 2301 2807 2348 eorum

562 2390 905 2476 propinqui
958 2389 1044 2456 ad
1093 2391 1364 2458 alteram
1416 2398 1668 2478 partem
1721 2393 1888 2460 silue
1919 2393 2122 2478 Rabe,
2157 2393 2223 2456 in
2276 2396 2406 2477 qua
2457 2391 2808 2476 chepanus

565 2504 631 2563 et
660 2486 1057 2563 Laurenci'us
1092 2505 1376 2585 manent,
1411 2500 1698 2567 resident
1749 2507 1814 2566 et
1864 2504 2152 2585 utuntur,
2205 2496 2661 2565 nichilominus
2715 2516 2813 2562 ra·

569 2605 755 2671 cione
787 2605 1262 2692 possessionum
1315 2612 1620 2693 poterunt
1670 2606 2044 2675 nendicare.
2097 2606 2166 2675 Si
2218 2626 2375 2674 uero
2425 2605 2821 2691 prescriptus

565 2712 921 2780 Nicholaus
971 2713 1149 2799 ipsas
1184 2715 1630 2800 possessiones
1695 2714 1988 2783 conferre
2049 2735 2163 2782 seu
2228 2714 2471 2782 donare
2549 2714 2681 2780 Jak
2763 2718 2827 2778 et

566 2821 855 2889 Renoldo
886 2821 1039 2908 filijs
1073 2821 1251 2888 Ebed
1316 2845 1394 2890 ae
1445 2824 1645 2909 socijs
1680 2823 1812 2891 suis
1851 2846 1932 2890 ex
1965 2823 2190 2908 gracia
2257 2823 2363 2890 uel
2421 2821 2642 2888 fauore
2694 2821 2825 2887 uol-

567 2929 747 3015 uerit,
783 2928 1051 2996 liberam
1086 2930 1459 2998 conserendi
1505 2931 1748 2999 habeat
1795 2931 2194 2998 facultatem.
2248 2928 2433 3007 Quod
2489 2938 2556 2994 ut
2606 2935 2816 2994 ratum

570 3038 673 3123 sit,
709 3058 978 3123 presens
1010 3037 1316 3125 scriptum
1352 3039 1742 3106 contulimus
1795 3045 2016 3107 nostro
2069 3037 2287 3121 sigillo
2338 3035 2818 3103 communitum.

570 3146 878 3230 Magistro
910 3145 1224 3211 Michaele
1253 3145 1613 3232 Preposit0,
1651 3146 1966 3214 Custodia
2001 3151 2292 3229 vacante,
2328 3143 2649 3228 Symeone
2699 3141 2824 3206 De-

574 3274 737 3321 eano
773 3251 1224 3320 existentibus.
1282 3250 1469 3319 Anno
1519 3253 1604 3321 ab
1657 3252 2120 3319 lucerna-cione
2170 3248 2430 3317 Domini
2483 3247 2826 3316 millesimo

569 3359 1010 3429 ducentesimo
1043 3359 1493 3443 nonagesimo.

569 3556 843 3620 (En-edetis
885 3554 1234 3623 bb'rhfirtyan,
1262 3559 1492 3623 melyro'l
1516 3574 1551 3610 a
1595 3555 1859 3625 kaptalan
1903 3554 2144 3625 peesetje
2189 3556 2314 3608 zold
2358 3547 2817 3619 selyemzsiuorou

572 3643 746 3714 sugg-3
775 3661 810 3697 a
832 3663 1005 3709 nemu,
1032 3662 1279 3698 muzeum
1308 3644 1765 3699 kezirattarfiban.
1790 3649 1856 3699 V.
1885 3653 1932 3699 ὅ.
1955 3644 2116 3710 Fejer
2143 3645 2273 3697 Cod.
2295 3643 2441 3712 Dipl.
2470 3643 2595 3694 VII.
2625 3642 2677 3692 k.
2707 3641 2756 3692 1.
2786 3658 2825 3691 r.

1573 3739 1694 3788 236.
1721 3738 1781 3802 l.)
