3319 5249
1772 372 1859 439 52

690 574 968 660 probata
990 569 1288 638 conferre
1310 569 1747 654 dignaremur.
1779 570 1914 637 Nos
1934 569 2178 654 itaque,
2199 568 2308 654 qui
2333 589 2414 634 ex
2435 568 2646 636 officio
2667 568 2952 653 suscepti

692 680 1029 766 regiminis
1066 679 1267 746 nostri
1304 678 1520 745 metiri
1554 675 1862 744 debemus
1892 677 2125 744 merita
2156 677 2580 763 singulorum,
2608 683 2674 743 et
2704 677 2947 744 vnicui-

671 811 819 873 ‚que
869 788 1048 855 iuxta
1080 808 1338 855 suorum
1390 785 1797 870 exigenciam
1829 785 2201 852 meritorum
2246 805 2479 851 manus
2512 784 2784 868 Regalis
2815 803 2950 849 mu-

692 897 1028 964 nificencie
1079 896 1350 981 aperire,
1398 900 1731 978 gestantes
1783 913 1901 977 pre
1932 891 2141 961 oculis
2193 900 2256 960 et
2293 892 2361 958 in
2400 893 2613 977 corde,
2663 894 2948 976 qualiter

692 1006 864 1071 idem
896 1009 1042 1091 Apa
1090 1004 1269 1090 prius
1303 1010 1457 1070 ante
1491 1009 1778 1069 castrum
1808 1002 2171 1087 Jauriense,
2217 1021 2359 1067 cum
2412 1001 2627 1086 ipsum
2663 1006 2948 1066 castrum

694 1114 817 1179 fuit
849 1132 965 1198 per
993 1109 1375 1179 Teotonicos
1408 1117 1812 1194 occupatum,
1844 1109 2129 1177 secundo
2161 1116 2380 1176 autem
2413 1114 2698 1176 castrum
2729 1109 2949 1193 Lewa,

692 1225 758 1289 in
795 1242 922 1306 quo
973 1221 1341 1287 Othocarus
1373 1220 1758 1287 Boemorum
1793 1220 1954 1303 Rex,
2006 1220 2183 1306 prius
2234 1219 2441 1304 patris
2479 1216 2725 1303 nostri,
2776 1235 2951 1283 nunc

693 1335 914 1395 noster
963 1327 1268 1412 capitalis
1300 1327 1624 1413 inimicus,
1659 1334 1884 1394 contra
1932 1328 2301 1413 potenciam
2334 1325 2665 1394 bominum
2699 1330 2950 1391 nostro-

692 1458 833 1502 rum
868 1455 939 1503 se
970 1440 1326 1521 receperat,
1363 1433 1475 1500 uix
1507 1432 1663 1518 fuge
1696 1435 1984 1503 remedio
2016 1435 2353 1520 liberatae,
2389 1433 2498 1502 vbi
2531 1433 2739 1501 eciam
2772 1433 2951 1498 Dur-

692 1543 984 1612 nuhouth
1016 1562 1217 1627 gener
1246 1543 1456 1628 ipsius
1489 1543 1687 1626 Regis
1730 1542 2025 1610 occubuit
2059 1549 2423 1611 nostrorum
2454 1562 2574 1629 per
2603 1542 2950 1622 virtutem3

693 1675 772 1720 ac
804 1652 1004 1719 tercio
1042 1657 1105 1717 et
1137 1650 1364 1716 vltimo
1417 1653 1536 1717 sub
1570 1657 1785 1718 castro
1818 1651 2062 1741 Detreh
2084 1701 2101 1736 ,
2154 1651 2262 1718 vbi
2296 1650 2622 1719 exercitus
2670 1647 2951 1735 predicti

695 1759 893 1845 Regis
925 1758 1234 1827 Bohemie
1265 1757 1351 1824 ad
1384 1756 1887 1842 expugnandum
1933 1758 2147 1843 ipsum
2183 1766 2467 1826 castrum
2498 1756 2948 1841 transmissus,

695 1867 987 1937 deuictus
1026 1866 1145 1934 fuit
1194 1865 1614 1933 clemenciam
1659 1886 1775 1951 per
1805 1866 2137 1949 Diuinam,
2188 1873 2252 1934 ct
2287 1866 2503 1952 plures
2541 1864 2623 1931 de
2661 1866 2800 1933 eius
2829 1864 2951 1930 Ba·

695 1978 959 2044 ronibus
993 1980 1058 2042 et
1089 1972 1402 2040 militibus
1435 1974 1871 2060 interhempti,
1897 1981 1961 2040 et
1990 1975 2288 2042 nonnulli
2324 1973 2586 2042 fuerunt
2616 1971 2948 2059 captiuati,

696 2081 1121 2151 laudabiliter
1169 2100 1422 2165 semper
1470 2081 1771 2167 inpendit
1818 2081 2229 2167 famulatum,
2285 2082 2554 2151 sudores
2582 2081 2850 2147 bellicos
2883 2083 2952 2144 et

695 2189 921 2258 letalia
950 2187 1198 2254 wlnera
1230 2187 1630 2274 sustinendo,
1686 2198 2106 2258 memoratam
2147 2197 2389 2257 terram
2420 2191 2623 2256 Kezw
2656 2185 2950 2256 eiusdem

694 2295 1005 2383 Stephani
1056 2294 1445 2379 acquisitam
1496 2294 1835 2383 videlicet,
1888 2305 1953 2364 et
2003 2297 2283 2365 demum
2316 2296 2542 2365 eodem
2595 2292 2951 2363 decedente

697 2404 781 2474 ad
814 2425 1039 2471 manus
1079 2408 1355 2490 nostras,
1377 2404 1545 2470 sicut
1580 2404 2010 2492 premisimus,
2041 2405 2413 2473 deuolutam
2443 2406 2580 2471 iam
2608 2401 2781 2469 dicto
2799 2402 2952 2485 Apa

697 2515 763 2579 in
794 2512 1466 2596 recompensacionem
1518 2511 1941 2579 seruiciorum
1974 2533 2233 2614 suorum
2285 2519 2352 2578 et
2381 2510 2763 2579 effusionem
2796 2527 2949 2577 san-

698 2620 918 2706 guinis
952 2619 1052 2687 sui
1101 2617 1492 2689 contulimus
1544 2640 1628 2687 ex
1658 2626 1839 2688 certa
1889 2621 2179 2689 sciencia
2230 2628 2296 2688 et
2336 2639 2514 2687 mera
2549 2618 2951 2687 liberalitate

696 2735 1006 2815 perpetuo
1057 2727 1325 2813 pacifice
1372 2727 1872 2815 possidendam,
1918 2736 1984 2795 et
2030 2748 2174 2795 eam
2206 2748 2321 2814 per
2352 2728 2667 2795 Comitem
2698 2728 2951 2793 Pazna·

697 2858 847 2904 num
882 2835 964 2903 de
980 2837 1214 2924 Zyguy
1243 2834 1570 2901 hominem
1603 2843 1899 2904 nostrum
1929 2837 2045 2903 sub
2078 2834 2450 2905 testimonio
2483 2834 2948 2919 strigoniensis

698 2943 1004 3030 Capituli,
1036 2945 1446 3028 presentibus
1482 2945 1943 3012 commetaneis
1975 2946 2272 3013 omnibus
2308 2951 2374 3013 et
2401 2944 2650 3026 vicinis,
2670 2950 2737 3010 et
2767 2941 2950 3010 nullo

697 3050 1167 3119 contradictore
1216 3051 1472 3136 penitus
1525 3059 1902 3139 apparente,
1952 3059 2142 3137 prout
2173 3053 2294 3119 hoc
2327 3053 2394 3118 in
2427 3051 2633 3138 ipsius
2665 3048 2949 3136 Capituli

692 3158 926 3228 litteris
958 3157 1234 3225 vidimus
1267 3158 1599 3245 contineri,
1618 3159 1913 3243 legitime
1947 3158 2216 3227 fecimus
2250 3158 2597 3244 assignari,
2629 3158 2945 3244 volentes,

695 3273 766 3334 ut
796 3274 931 3333 tam
979 3267 1125 3351 ipse
1156 3269 1323 3350 Apa,
1359 3286 1550 3349 quam
1603 3266 1742 3335 eius
1792 3267 1859 3334 in
1889 3275 2219 3354 posterum
2270 3285 2678 3334 successores
2710 3284 2946 3332 memo·

695 3381 901 3442 ratam
934 3380 1171 3440 terram
1204 3374 1404 3441 Kezw
1423 3425 1442 3461 ,
1496 3395 1640 3441 cum
1683 3377 1820 3443 suis
1859 3375 2259 3443 vtilitatibus
2311 3375 2610 3443 omnibus
2646 3379 2711 3440 et
2740 3371 2948 3458 perti·

695 3483 944 3567 nencijs
998 3479 1346 3565 vniuersis,
1398 3500 1473 3548 eo
1523 3482 1667 3549 iure
1716 3490 1781 3550 et
1812 3482 2043 3551 eadem
2095 3483 2523 3569 plenitudine,
2573 3502 2653 3549 ac
2702 3483 2771 3548 in
2813 3479 2947 3547 illis

695 3589 884 3656 metis
938 3595 1002 3654 et
1035 3586 1278 3652 eisdem
1330 3588 1871 3658 distinccionibus
1922 3593 2380 3678 terminorum,
2434 3592 2502 3658 in
2535 3589 2768 3677 quibus
2802 3607 2949 3655 eam

697 3699 913 3765 dictus
946 3695 1174 3764 Comes
1225 3696 1596 3783 Stephanus
1628 3698 1837 3766 tenuit
1875 3699 2119 3785 pariter
2150 3708 2214 3768 et
2244 3700 2561 3788 possedit,
2615 3700 2946 3766 inreuoca·

695 3808 916 3874 biliter
949 3802 1287 3890 possidere
1319 3805 1586 3873 valeant
1621 3812 1685 3873 et
1715 3805 1980 3873 habere.
2030 3809 2227 3876 Cuius
2261 3808 2522 3892 quidem
2555 3816 2725 3874 terre
2755 3812 2947 3887 mete,

691 3920 885 4000 prout
918 3914 985 3977 in
1019 3911 1364 3997 priuilegio
1398 3912 1555 3979 dicti
1587 3912 1788 3997 Regis
1820 3912 1999 3995 Bele‚
2039 3915 2210 3998 quod
2242 3916 2502 3999 quidem
2529 3912 2945 4000 priuilegium

696 4017 779 4084 ad
810 4019 1120 4085 maiorem
1171 4018 1461 4105 predicte
1509 4020 1844 4088 collaciois
1895 4021 2264 4117 firmitatem
2315 4023 2446 4109 ipsi
2477 4024 2625 4108 Apa
2674 4019 2944 4088 tradidi·

695 4145 874 4210 mus,
925 4124 1329 4210 continetur,
1380 4126 1502 4194 hoc
1551 4128 1779 4195 ordine
1827 4128 2313 4213 distinguntur:
2361 4132 2587 4198 Prima
2633 4137 2810 4197 meta
2848 4148 2950 4194 oa·

697 4232 922 4331 pitalis
991 4231 1221 4318 incipit
1286 4232 1472 4300 iuxta
1539 4234 1804 4301 fluuium
1852 4236 2070 4303 Nittra
2125 4259 2256 4306 non
2308 4237 2665 4305 inmediate
2723 4257 2951 4305 versus

695 4342 1005 4408 orientem
1055 4339 1227 4426 apud
1263 4342 1590 4425 quandam
1639 4343 1922 4409 insulam
1974 4343 2150 4412 circa
2181 4344 2509 4430 quandam
2559 4353 2799 4413 terram
2835 4346 2947 4411 do-

694 4449 867 4515 mine
900 4450 1150 4533 Regino
1181 4450 1490 4534 Megered
1540 4452 1818 4539 nomine,
1871 4460 1938 4521 et
1985 4454 2384 4522 transeundo
2433 4454 2620 4520 iuxta
2672 4451 2946 4519 eandem

693 4556 782 4623 ad
813 4563 1030 4641 partes
1062 4558 1413 4625 orientales
1452 4561 1749 4645 peruenit
1784 4558 1871 4626 ad
1901 4561 2167 4629 fluuium
2198 4562 2592 4647 Berukwelg
2621 4567 2945 4641 vocatum,

692 4673 760 4734 et
789 4666 880 4737 ibi
913 4672 1011 4733 est
1045 4667 1333 4735 secunda
1368 4675 1540 4734 meta
1571 4668 1977 4756 principalis,
2017 4669 2191 4738 inter
2222 4691 2384 4756 quas
2415 4675 2741 4737 suntocto
2776 4675 2946 4734 mcte
