3319 5249
1877 280 2010 351 254

1860 943 2009 1014 1¹74.

798 1145 895 1215 Az
927 1149 1298 1234 eszterqami
1346 1147 1795 1235 kdptalawnak
1835 1144 2361 1233 bizonysdqlevele
2380 1194 2401 1227 ,
2464 1143 2630 1231 hoqy
2681 1143 2870 1231 Dpeli
2901 1132 3062 1208 Ρέπ-

1443 1257 1639 1323 tekkel
1683 1257 1903 1323 ozanen
1935 1255 2164 1323 caerae.
2217 1255 2413 1321 1279.

1014 1451 1362 1538 Gregorius
1412 1453 1791 1539 Prepesitus
1831 1460 1899 1518 et
1931 1451 2301 1538 Capitulum
2335 1449 2625 1518 Ecclesie
2656 1444 3062 1533 Strigonien-

796 1562 888 1626 sis
940 1559 1235 1626 omnibus
1300 1557 1543 1626 Christi
1594 1559 1898 1627 fidelibus
1961 1564 2296 1646 presentes
2355 1557 2612 1624 litteras
2669 1556 3062 1642 inspecturis

794 1656 1077 1734 salutem
1112 1667 1176 1733 in
1211 1667 1507 1734 Domino.
1555 1667 1657 1733 Ad
1711 1668 2158 1736 vniuersorum
2206 1666 2513 1733 noticiam
2547 1671 2767 1731 tenore
2799 1682 3061 1748 presen-

796 1777 967 1841 cium
1021 1775 1321 1842 volumus
1359 1777 1738 1862 pervenire,
1785 1774 1957 1860 quod
1998 1792 2139 1842 eum
2172 1773 2426 1841 Pentuk
2459 1773 2631 1840 filius
2663 1770 2944 1839 Wasard
2976 1770 3060 1837 de
3101 1834 3104 1839 .

800 1881 966 1967 Epel
1033 1882 1289 1951 vineam
1337 1903 1520 1950 suam
1551 1886 1914 1969 paruulam,
1960 1905 2152 1968 quam
2186 1904 2228 1949 a
2257 1883 2461 1950 libero
2495 1879 2754 1949 homine
2775 1886 3058 1965 emptam

794 1988 1020 2057 habuit
1051 1989 1118 2056 in
1143 1993 1306 2077 Epel
1338 1992 1769 2083 interpvineas
1802 1998 2060 2059 nostras
2092 1990 2158 2058 in
2191 1996 2429 2075 monte,
2476 1989 2587 2072 qui
2621 1986 2827 2074 Zylod
2862 2006 3054 2053 uoca-

794 2103 915 2182 tur,
964 2096 1147 2164 nobis
1199 2098 1533 2183 reliquerit
1594 2104 1656 2167 et
1716 2098 2199 2184 assignauerit3
2276 2117 2397 2164 nos
2450 2097 2706 2164 vineam
2740 2104 3050 2181 nostram,

796 2202 1094 2271 similiter
1125 2204 1193 2270 in
1226 2207 1392 2291 Epel
1430 2205 1495 2272 in
1528 2206 1664 2274 alio
1697 2214 1915 2274 monte
1943 2207 2075 2273 Laz
2106 2211 2337 2273 uocato
2369 2225 2569 2290 supra
2600 2204 2881 2290 vineam,
2930 2224 3059 2287 que

794 2311 1121 2394 quondam
1155 2314 1418 2381 Doncus
1451 2312 1701 2401 fuerat3
1768 2314 2191 2399 existentem,
2263 2331 2389 2395 que
2442 2331 2485 2376 a
2523 2318 2712 2396 parte
2742 2311 3050 2379 orientali

795 2420 1052 2487 vineam
1089 2427 1393 2505 nostram,
1428 2440 1623 2504 quam
1657 2421 1986 2503 quondam
2009 2419 2357 2486 Marcellus
2379 2417 2717 2503 habuerat,
2755 2426 3054 2502 tangens,

795 2527 1134 2595 descendit
1163 2547 1389 2595 versus
1422 2535 1663 2595 terram
1697 2527 1924 2613 Vrsey,
1956 2527 2130 2594 inter
2160 2527 2418 2594 vineam
2449 2527 2626 2592 Petri
2660 2526 2741 2592 de
2759 2526 3056 2591 Kalezna

790 2638 874 2702 ab
909 2656 1039 2702 una
1071 2642 1298 2722 parte,
1349 2643 1413 2703 et
1462 2636 1723 2703 vineam
1763 2636 2024 2704 Nicolai
2057 2637 2138 2702 ab
2173 2637 2405 2722 altera,
2457 2633 2758 2701 dedimus
2791 2642 2855 2700 et
2885 2633 3051 2701 assi-

790 2744 1135 2826 gnauimus
1198 2741 1371 2814 dicto
1434 2744 1688 2810 Pentuk
1740 2745 1805 2809 in
1857 2742 2147 2828 predicte
2195 2744 2384 2810 vinee
2434 2763 2549 2810 sue
2596 2741 3050 2811 concambium

789 2858 1100 2936 perpetuo
1134 2851 1614 2937 possidendam.
1663 2854 1738 2918 In
1771 2853 1953 2919 cuius
1986 2853 2077 2919 rei
2110 2851 2507 2936 memoriam,
2540 2849 2628 2916 ad
2660 2849 3048 2935 peticionem

790 2957 1023 3043 prefati
1087 2958 1366 3044 Pentuk‚
1433 2967 1763 3045 presentes
1808 2969 2066 3028 nostras
2100 2959 2530 3027 concessimus
2560 2958 2808 3027 litteras
2840 2957 3048 3041 sigilli

789 3066 991 3132 nostri
1025 3067 1377 3134 munimine
1408 3069 1758 3136 roboratas.
1806 3070 2049 3138 Datum
2083 3088 2255 3136 anno
2287 3067 2550 3136 Domini
2592 3063 3050 3133 M⁰CC⁰LXX⁰

788 3191 977 3240 nono·

1314 3304 1370 3367 A
1892 3303 1945 3394 Β
2415 3279 2518 3369 'c

957 3509 1056 3574 (Az
1082 3512 1282 3564 eredeti
1309 3507 1443 3563 utfin
1469 3519 1663 3568 Knauz
1690 3509 1925 3574 Nfindon
1963 3514 2199 3579 Magyar
2229 3512 2361 3565 Sion
2389 3514 2489 3563 111.
2519 3514 2638 3567 kbt.
2663 3516 2786 3564 461.
2817 3514 2874 3581 1.)
