3319 5249
1841 281 1970 345 364

783 478 972 566 Bech,
1001 478 1234 546 Petrus
1269 478 1439 546 filius
1455 479 1713 546 Nicolai
1734 498 1850 564 pro
1873 499 1946 547 se
1967 486 2032 545 et
2052 479 2360 547 fratribus
2393 482 2529 547 suis
2549 479 2758 566 chatz,
2788 476 2918 544 Vni
2950 481 3020 543 et

782 587 1011 672 Zourd,
1040 624 1112 633 —
1154 622 1242 634 —-
1275 625 1362 634 ——
1382 587 1784 655 Laurencius
1804 586 1979 655 filius
2001 587 2355 671 Benedicti,
2373 587 2726 654 Ladizlaus
2774 595 2845 653 et
2892 590 3026 654 An·

783 693 975 762 dreas
1039 694 1154 780 filij
1205 696 1439 764 Budun
1488 717 1604 783 pro
1653 716 1728 763 se
1774 703 1841 765 et
1905 695 2215 764 fratribus
2263 697 2399 765 sius
2464 694 2719 764 Budum
2771 696 3031 765 scilicet

783 813 847 870 et
877 803 1169 873 Nicolao.
1192 813 1257 873 et
1277 805 1403 893 ipsi
1421 808 1668 893 pariter
1686 828 1802 893 pro
1824 807 2156 894 Stephano
2176 808 2309 875 filio
2328 809 2479 894 Apa
2507 808 2593 874 ab
2621 828 2755 874 vna
2784 812 2980 893 parte
3006 829 3023 890 3

783 913 1011 980 Comes
1038 914 1387 982 Mauricius
1419 916 1591 983 filius
1622 915 1848 984 Bucho
1866 967 1886 1001 ‚
1946 922 2011 982 et
2069 915 2403 984 Johannes
2448 913 2758 1002 I(na)nch
2807 915 2894 980 ab
2922 911 3019 979 al·

778 1027 941 1108 tera,
971 1022 1309 1091 dixerunt:
1348 1024 1523 1111 quod
1540 1044 1735 1111 super
1752 1025 2272 1110 possessionibus
2301 1024 2544 1111 Philipi
2570 1024 2688 1110 filij
2722 1020 3023 1106 nauch,

784 1138 849 1196 et
875 1131 1213 1218 Laurencij
1245 1132 1363 1219 filij
1413 1134 1668 1202 Mortun
1716 1134 1859 1203 sine
1902 1133 2211 1202 heredum
2240 1133 2487 1201 solacio
2521 1129 3018 1213 decedendum,

784 1240 1045 1309 racione
1072 1240 1511 1327 proximitatis
1541 1243 1629 1309 ad
1657 1241 1874 1331 ipso(s
1905 1241 2010 1321 de)
2073 1242 2228 1327 jure
2274 1241 2763 1329 pertinentibus,
2814 1239 3023 1307 talem

786 1347 1068 1414 vnanimi
1100 1368 1422 1418 consensu
1453 1358 1519 1419 et
1566 1351 1907 1421 uoluntate
1954 1350 2268 1419 fecissent
2314 1350 2702 1419 diuisionem
2751 1357 2815 1416 et
2845 1347 3020 1415 ordi·

781 1464 1048 1524 nassent
1068 1482 1084 1523 :
1106 1456 1295 1535 Quod
1325 1460 1533 1529 tercia
1548 1481 1704 1549 pars
1722 1462 1946 1529 totalis
1971 1468 2144 1527 terre
2180 1462 2324 1548 Boy
2354 1466 2584 1528 uocate
2613 1458 3024 1526 reambulate

788 1566 906 1633 sub
924 1604 1010 1614 -
1033 1604 1119 1615 —-
1142 1606 1232 1616 —
1251 1607 1339 1616 —-
1359 1574 1550 1637 metis
1569 1574 1635 1637 et
1665 1568 1951 1654 antiquis
1978 1604 2745 1618 ————————
2764 1572 3016 1653 aparte

783 1674 947 1741 nille
981 1712 1056 1724 —-
1099 1715 1181 1723 -
1220 1715 1296 1724 —
1334 1677 1739 1765 Kysdedboy
1770 1680 2121 1768 appellate,
2154 1699 2301 1746 cum
2334 1681 2482 1765 ipsa
2509 1677 2674 1744 villa
2693 1683 2760 1742 et
2779 1676 3019 1744 molen·

790 1780 960 1868 dine,
991 1782 1057 1851 in
1087 1785 1461 1870 porcionem
1524 1786 1798 1854 Maurici
1868 1786 2135 1856 Comitis
2225 1796 2289 1854 et
2337 1785 2654 1882 Johannis
2704 1785 3021 1871 predicto-

789 1910 932 1958 rum
967 1895 1278 1963 cessisset
1309 1902 1373 1962 et
1421 1897 1864 1982 peruenisset,
1911 1896 2192 1964 residuis
2238 1895 2491 1963 duabus
2522 1896 2839 1981 partibus,
2873 1913 3018 1961 cum

785 1999 942 2067 villa
973 2021 1098 2085 qne
1147 2002 1424 2089 Nogboy
1473 2011 1758 2092 vocatur,
1792 2001 1915 2093 (et)
1964 2003 2244 2072 ecclesia
2292 2003 2566 2070 fundata
2614 2002 2711 2087 (in
2743 2000 3021 2091 ead)em,

786 2111 1267 2179 remanentibus
1304 2112 1598 2196 Magistri
1647 2113 1930 2202 Nicolai,
1962 2113 2134 2179 Petri
2171 2120 2238 2181 et
2282 2113 2558 2181 aliorum
2604 2117 3025 2197 cognatorum

786 2214 1105 2305 (suorum)
1135 2218 1633 2307 prescriptorum
1662 2222 1731 2288 in
1763 2230 2014 2310 partem
2035 2230 2101 2290 et
2132 2223 2522 2309 porcionem.
2542 2221 2708 2289 Item
2739 2220 3021 2308 quedam

787 2327 1110 2416 possessio
1140 2329 1344 2397 Athas
1374 2337 1754 2418 nuncupata
1785 2335 1906 2401 sub
1936 2333 2126 2399 metis
2161 2333 2300 2399 suis
2331 2330 2616 2417 antiquis
2670 2338 2735 2398 et
2780 2328 3030 2397 vuinet-

790 2437 884 2505 sis
915 2437 1335 2525 pertinenciJs
1388 2437 1576 2509 dictis
1625 2440 1860 2508 Comiti
1906 2440 2215 2509 Mauricio
2265 2446 2331 2508 et
2377 2440 2696 2525 Jobanni3
2749 2437 3029 2523 quedam

788 2566 944 2616 uero
975 2547 1134 2615 ville
1164 2547 1644 2639 Tanchkereky
1679 2556 1742 2616 et
1788 2549 1939 2617 Aka
1987 2550 2321 2618 nominate
2367 2550 2682 2636 Magistro
2715 2547 2989 2616 Nicolao
3008 2600 3025 2634 ,

789 2654 977 2723 Petro
1012 2664 1077 2724 et
1108 2657 1401 2742 cognatis
1435 2660 1569 2726 suis
1601 2657 1877 2746 prefatis
1904 2666 2234 2726 cesserunt
2264 2658 2327 2725 in
2347 2659 2704 2745 porciones.
2735 2659 2856 2726 Jus
2873 2676 3031 2723 uero

789 2761 1180 2855 Patronatus
1211 2766 1583 2852 Monasterij
1618 2767 1842 2835 Sancti
1876 2766 2136 2852 Geor-gij
2174 2766 2257 2832 de
2294 2767 2499 2852 Zerep
2558 2765 2870 2849 Magistro
2918 2766 3026 2831 Ni-

788 2869 971 2938 colao
1001 2879 1065 2939 et
1111 2875 1405 2958 cognatis
1437 2875 1570 2942 suis
1619 2875 1998 2961 prescriptis
2047 2876 2501 2958 remansisset3
2553 2882 2786 2959 quarta
2836 2882 3027 2959 parte

793 2977 948 3047 dicti
969 2978 1142 3066 juris
1172 2979 1493 3049 duntaxat
1524 2990 1811 3069 excepta,
1858 3003 1981 3068 que
2015 2981 2246 3049 Comiti
2293 2982 2603 3050 Mauricio
2635 2988 2700 3048 ct
2747 2981 3027 3049 Johanni

791 3090 1058 3178 prefatis
1089 3093 1391 3160 cessisset
1438 3096 1504 3158 et
1550 3093 1970 3179 peruenisset.
2017 3091 2176 3159 Item
2211 3098 2447 3178 quarta
2493 3111 2645 3179 pars
2700 3089 3027 3158 cuiusdam

792 3200 1216 3289 possessionis
1245 3200 1493 3268 Inauch
1528 3202 1717 3268 iuxta
1746 3201 2034 3287 Hamad,
2069 3209 2132 3267 et
2148 3201 2331 3287 Fyus
2363 3203 2552 3268 iuxta
2571 3201 2846 3269 Crisium
2899 3200 3024 3268 exi·

793 3312 1044 3396 stantis,
1079 3311 1244 3396 ipsis
1271 3306 1583 3378 Mauricio
1615 3318 1683 3378 et
1711 3310 1992 3379 Johanni
2043 3310 2379 3394 cessisset;
2410 3308 2688 3379 residuis
2739 3310 3029 3397 partibus

795 3420 1082 3504 ipsarum
1119 3418 1599 3507 possessionum
1632 3420 2115 3487 remanentibus
2152 3420 2462 3505 Magistro
2494 3419 2768 3487 Nicolao
2799 3427 2865 3486 et
2897 3418 3028 3486 suis

704 3538 720 3552 ‘
796 3527 1088 3614 cognatis
1150 3527 1523 3615 sepedictis.
1580 3528 1885 3595 Preterea
1944 3530 2326 3613 Magistrum
2385 3527 2724 3596 Nicolaum
2766 3535 2833 3595 et
2882 3547 3029 3596 suos

795 3643 1110 3721 cognatos
1129 3657 1321 3723 super
1339 3636 1749 3725 impeticione
1781 3637 1954 3704 dicte
1971 3638 2125 3705 ville
2156 3637 2330 3725 Aka,
2353 3658 2543 3723 quam
2575 3638 2837 3705 racione
2857 3635 3024 3703 dotis

799 3764 1133 3832 emergere
1164 3745 1578 3830 contingeret,
1609 3744 1680 3812 in
1728 3747 1926 3812 tercia
1956 3753 2143 3832 parte
2194 3746 2320 3832 ipsi
2372 3744 2655 3813 Comites
2684 3743 3029 3812 Mauricius

803 3861 867 3923 et
925 3853 1261 3929 Johannes
1313 3854 1622 3940 expedire
1651 3861 2146 3941 assumpsemnt
2174 3854 2390 3940 propri
2389 3855 2459 3939 js
2489 3852 2816 3920 laboribus
2849 3860 3028 3921 etex-

799 3961 1040 4051 pensis.
1069 3962 1174 4029 Ad
1205 3962 1326 4030 hec
1377 3969 1868 4049 assumpserunt
1930 3960 2246 4048 quasdam
2295 3960 2740 4048 possessiones
2802 3962 3030 4030 Inancs

801 4077 867 4137 et
900 4069 1099 4160 Fyus,
1160 4071 1332 4159 quod
1363 4071 1419 4139 si
1479 4071 1731 4155 aliquid
1777 4070 1970 4156 iurgij
2034 4090 2150 4156 pcr
2188 4068 2555 4158 quempiam
2618 4068 3030 4137 suscitaretur

804 4199 999 4266 super
1054 4180 1229 4248 facto
1292 4198 1511 4248 earum
1571 4179 1983 4264 repeticionis
2002 4231 2021 4266 ,
2083 4181 2149 4247 in
2221 4177 2558 4246 communi.
2619 4176 2695 4244 In
2726 4179 2911 4246 cuius
2946 4179 3032 4246 rei

803 4289 1176 4367 memoriam
1225 4296 1731 4377 perpetuamque
1793 4289 2160 4356 firmitatem
2211 4294 2542 4374 presentes
2604 4286 3031 4355 concessimus

801 4398 1054 4468 litteras
1085 4397 1288 4483 sigilli
1344 4398 1547 4466 nostri
1595 4396 1954 4465 munimine
1998 4399 2358 4466 roboratas.
2413 4397 2654 4463 Datum
2700 4395 2901 4463 tercio
2932 4396 3031 4463 die

801 4506 990 4576 Beati
1020 4508 1247 4578 Jacobi
1285 4506 1577 4595 Apostoli
1612 4527 1786 4575 anno
1836 4506 2100 4574 Domini
2149 4504 2396 4574 M⁰G⁰O⁰
2430 4504 2865 4589 octuagesimo
2911 4510 3027 4573 ter·
