3319 5249
1789 324 1922 392 262
1967 416 2021 423 -.

716 521 1053 589 cuiusdam
1085 526 1282 610 terre,
1333 544 1459 609 que
1491 518 1793 608 Vlcbyak
1826 527 2112 605 vocatur,
2163 519 2448 588 dedisset
2488 508 2553 589 et
2585 522 2989 606 assignasset

720 641 1034 717 perpetuo
1066 629 1569 716 possidendam3
1647 635 1857 697 ratam
1910 637 1975 696 et
2004 628 2254 695 firmam
2288 629 2498 714 ipsam
2532 630 2991 697 commutacio-

716 758 866 806 nem
924 738 1218 823 vti-isque
1256 739 1551 822 partibus
1590 736 1981 805 habentibus
2013 758 2231 807 coram
2271 738 2479 806 nobis.
2558 738 2733 804 Mete
2770 744 2990 804 autem

717 852 895 912 terre
927 845 1263 934 Lyphine,
1314 866 1439 929 que
1488 846 1686 914 cessit
1738 845 2086 931 Gregorio,
2151 852 2303 913 sunt
2358 845 2513 911 bec:
2563 843 2787 913 Prima
2819 852 2995 912 meta

718 952 957 1039 incipit
1006 973 1048 1020 a
1098 954 1393 1021 terminis
1445 949 1733 1021 Lorandi
1786 952 1956 1018 Bani
2007 965 2071 1020 et
2118 953 2208 1020 ibi
2251 955 2436 1020 iuxta
2481 953 2652 1018 viam
2686 957 2786 1018 est
2816 957 2993 1018 meta

731 1068 982 1148 terrea,
1032 1066 1097 1127 et
1127 1081 1244 1147 per
1274 1063 1482 1147 ipsam
1517 1061 1693 1127 viam
1750 1062 1814 1128 in
1858 1060 1900 1127 b
1922 1081 1958 1128 e
1979 1082 2011 1126 r
2030 1081 2065 1126 c
2085 1060 2128 1125 h
2159 1060 2370 1127 tendit
2397 1078 2622 1127 versus
2654 1056 2987 1126 meridiem

723 1188 838 1255 per
873 1174 1081 1235 metas
1111 1175 1358 1255 terreas
1379 1219 1399 1254 ,
1447 1175 1514 1235 et
1565 1167 1864 1253 peruenit
1900 1168 1985 1234 ad
2017 1168 2340 1251 quendam
2374 1161 2789 1234 monticulum
2814 1218 2832 1252 ‚
2881 1167 2993 1252 qui

723 1275 959 1343 dicitur
988 1274 1324 1361 Zaykfeu3
1366 1284 1456 1371 ‘et
1487 1276 1570 1342 de
1602 1276 1755 1342 inde
1787 1274 2130 1344 descendit
2166 1276 2232 1341 in
2267 1274 2578 1341 Putbnak
2609 1274 2880 1361 potaka‚
2930 1279 2995 1340 et

723 1404 840 1469 per
887 1383 1096 1471 ipsum
1147 1384 1349 1469 potok
1400 1383 1576 1449 cadit
1623 1383 1690 1448 in
1744 1384 2011 1450 fluuium
2063 1383 2421 1470 Lypbyne,
2472 1388 2536 1450 et
2565 1403 2682 1467 per
2716 1378 2989 1449 eundem

722 1492 989 1559 fluuium
1023 1492 1235 1559 tendit
1264 1492 1562 1577 superius
1613 1510 1841 1558 versus
1882 1491 2412 1576 septemtrionem
2443 1509 2649 1573 usque
2682 1490 2833 1556 dum
2864 1491 2989 1555 Ba-

722 1600 977 1687 cbybou
1042 1599 1290 1684 potoka
1350 1599 1634 1682 iungitur
1685 1596 1769 1665 ad
1818 1599 2028 1683 ipsam
2080 1599 2448 1685 Lypbinam
2501 1604 2566 1664 et
2615 1618 2733 1684 per
2781 1597 2992 1683 ipsum

721 1707 1079 1792 Bachybou
1121 1706 1370 1792 potoka
1400 1703 1605 1774 tendit
1636 1726 1930 1792 sursum,
1977 1712 2043 1772 et
2094 1704 2158 1771 in
2212 1705 2494 1788 quodam
2549 1704 2824 1771 transitu
2858 1702 2994 1771 exit

730 1814 814 1881 de
846 1817 991 1902 via,
1043 1821 1110 1880 et
1141 1835 1258 1900 per
1293 1813 1569 1881 eandem
1606 1814 1778 1881 viam
1813 1813 2111 1881 ascendit
2146 1813 2233 1879 ad
2282 1816 2322 1880 b
2347 1834 2382 1880 e
2404 1836 2435 1880 r
2457 1832 2492 1878 c
2513 1813 2555 1878 h
2607 1832 2833 1881 versus
2866 1810 2991 1876 ori-

732 1928 947 1990 entem
968 1972 987 2008 ,
1043 1927 1106 1987 et
1155 1942 1273 2007 per
1312 1922 1525 2009 ipsum
1588 1922 1628 1986 b
1651 1942 1687 1987 e
1708 1943 1738 1988 r
1760 1941 1794 1988 c
1816 1919 1856 1984 b
1920 1922 2267 1987 reuertitur
2303 1920 2389 1987 ad
2423 1928 2662 1986 metam
2695 1918 2993 2005 priorem,

725 2029 954 2115 ibique
987 2030 1388 2097 terminatur.
1420 2031 1591 2097 Mete
1625 2049 1779 2095 uero
1813 2036 1984 2095 terre
2018 2028 2338 2113 Vlcbyak,
2372 2046 2499 2112 que
2530 2025 2726 2093 cessit
2757 2026 3002 2092 Abbati

728 2144 880 2208 sunt
909 2135 1071 2204 hee:
1117 2136 1337 2202 Prima
1386 2144 1560 2205 meta
1610 2136 1841 2221 incipit
1881 2138 2068 2202 iuxta
2099 2136 2561 2216 monticulum,
2610 2134 2721 2216 qui
2761 2134 3040 2200 dicitur·
3111 2205 3122 2227 .=

725 2244 1141 2313 Zalaucbfeu
1174 2266 1215 2311 a
1248 2252 1420 2312 meta
1453 2251 1664 2311 terrea
1695 2244 1877 2311 iuxta
1908 2245 2084 2311 viam
2116 2250 2181 2310 et
2211 2263 2325 2329 per
2357 2242 2627 2311 eandem
2661 2242 2834 2308 viam
2854 2261 2994 2326 per-

726 2355 909 2421 uenit
940 2354 1026 2420 ad
1063 2352 1273 2438 pirum
1297 2404 1315 2438 ‚
1364 2372 1487 2438 que
1538 2359 1638 2420 est
1691 2372 1808 2436 pro
1844 2357 2052 2436 meta;
2104 2349 2343 2418 deinde
2392 2371 2510 2436 per
2546 2350 2586 2415 b
2606 2371 2652 2436 y
2673 2368 2760 2416 rc
2781 2349 2826 2414 h
2856 2368 2998 2416 ver-

728 2481 838 2529 sus
870 2459 1221 2529 meridiem
1258 2458 1343 2526 ad
1376 2459 1695 2543 quasdam
1728 2461 2030 2544 arbores,
2080 2477 2206 2541 que
2257 2457 2563 2525 dicuntur
2597 2456 2995 2542 malagaya3
3098 2528 3102 2530 γ

727 2569 893 2638 inde
924 2568 1267 2637 descendit
1296 2566 1382 2635 ad
1414 2564 1863 2654 Malapataka,
1914 2574 1978 2634 et
2028 2584 2141 2653 per
2174 2584 2428 2633 cursum
2464 2563 2757 2634 eiusdem
2790 2563 2998 2649 potak

731 2679 1099 2761 descendit,
1136 2678 1340 2744 donec
1373 2698 1485 2763 per
1518 2675 1840 2760 quendam
1871 2673 2112 2742 fontem
2164 2676 2297 2742 exit
2346 2674 2433 2740 ad
2482 2681 2673 2760 caput
2702 2670 2996 2740 eiusdem

728 2786 980 2871 fontis;
1045 2790 1109 2853 et
1158 2785 1241 2851 de
1290 2786 1432 2871 ipso
1486 2782 1666 2852 fonte
1716 2783 2012 2851 ascendit
2070 2783 2158 2850 ad
2220 2781 2495 2867 byrch
2548 2799 2753 2863 usque
2786 2787 2994 2848 metas

735 2892 1016 2960 Abbatis
1078 2892 1457 2977 supradicti.
1528 2892 1606 2958 In
1653 2891 1834 2957 cuius
1885 2912 2000 2976 rey
2063 2890 2434 2957 memoriam
2498 2889 3002 2971 firmitatemque

732 3006 1118 3087 perpetuam
1181 3005 1517 3085 presentes
1568 2999 1857 3081 vtrisque
1909 2997 2198 3083 partibus
2251 2995 2686 3064 concessimus
2744 2994 2998 3061 litteras

730 3108 932 3192 sigilli
982 3109 1182 3175 nostri
1214 3108 1565 3176 munimine
1615 3105 1997 3175 roborando.
2045 3104 2276 3172 Actum
2327 3125 2499 3172 anno
2550 3105 2634 3170 ab
2676 3106 2981 3172 Incarna-

733 3216 919 3283 cione
948 3215 1209 3286 Domini
1247 3217 1337 3281 Μ0
1377 3216 1505 3283 00⁰
1540 3216 1751 3281 LXX⁰
1782 3214 1970 3281 nono,

734 3395 1009 3462 (Eredetie
1059 3393 1407 3463 b6rbartyan,
1449 3396 1679 3462 melyrb'l
1728 3410 1763 3445 a
1797 3393 1983 3461 pecset
2018 3390 2637 3447 zold·feher-violaszintt
2675 3393 2984 3457 selysmzsi-

875 3483 1041 3540 πότου
1073 3486 1311 3553 ίῦςεὸιι,
1348 3487 1414 3538 de
1450 3482 1722 3568 lehullott,
1779 3500 1814 3537 ι
1857 3501 2032 3538 nemz.
2061 3500 2308 3537 muzeum
2334 3479 2837 3547 kezirat-taraban.)
