3319 5249
1805 352 1936 416 292

746 545 1283 631 composicionem
1334 564 1525 627 quam
1575 544 1870 613 fecerant
1919 553 2128 611 ratam
2178 545 2446 613 haberet
2496 564 2614 610 nec
2660 565 2762 626 ne,
2806 542 2986 609 etad

743 654 1182 739 deputandum
1236 654 1569 739 hominem,
1625 655 1727 721 cui
1776 655 2106 739 predictus
2157 655 2388 722 Comes
2437 654 2693 740 Mycael
2748 658 2814 717 et
2860 651 2979 732 filij

745 763 845 829 sni
897 760 1364 829 dimidietatem
1412 772 1837 848 prouentnum
1887 761 1967 828 de
1998 763 2413 848 possessione
2445 781 2566 828 sua
2597 763 2981 845 prouenien-

741 871 911 936 cium
963 880 1265 955 presente
1314 869 1611 937 Johanne
1652 873 1789 939 filio
1819 871 2157 956 Felyciani
2188 870 2539 938 secundum
2574 870 2746 954 quod
2778 869 2983 934 eidem

738 978 1045 1045 Johanni'
1076 980 1456 1064 constiterit,
1508 984 1797 1047 statuere
1849 978 2160 1045 deberent
2208 999 2323 1063 pro
2377 980 2726 1064 expensis:
2780 977 2982 1044 adue-

738 1087 954 1153 niente
1003 1087 1145 1172 ipso
1204 1088 1497 1173 termino,
1547 1087 1801 1173 prefato
1834 1086 2209 1154 Alexandro
2246 1087 2330 1153 ab
2362 1107 2494 1152 una
2524 1094 2738 1171 parte,
2775 1086 2858 1150 ab
2891 1083 2984 1149 al·

736 1201 879 1263 tera
930 1214 1083 1261 uero
1131 1194 1337 1261 Paulo
1351 1248 1370 1284 ‚
1420 1195 1776 1263 secundum
1828 1193 2001 1279 quod
2052 1215 2205 1281 pars
2268 1196 2551 1261 aduersa
2614 1192 2989 1276 affirmauit,

741 1302 1063 1370 ser-niente
1113 1304 1400 1371 eiusdem
1442 1306 1715 1372 Comitis
1746 1305 2054 1389 Mycaelis
2087 1325 2201 1390 pro
2233 1304 2377 1389 ipso
2409 1304 2673 1370 domino
2706 1321 2841 1384 suc,
2877 1322 2981 1368 co·

739 1432 879 1477 ram
899 1411 1088 1478 nobis
1107 1414 1537 1498 personaliter
1557 1413 1929 1479 constitutis
1953 1437 1968 1497 ;
2002 1411 2326 1497 predictus
2345 1409 2722 1478 Alexander
2753 1409 2991 1475 statuit

746 1517 1021 1585 eundem
1071 1518 1434 1602 Nycolaum
1483 1520 1829 1606 paruulum
1882 1541 2096 1587 coram
2146 1520 2354 1607 nobis,
2388 1521 2625 1604 etipse
2657 1518 2986 1604 Nycolaus

747 1624 927 1710 dixit,
976 1627 1148 1711 quod
1189 1630 1504 1713 prefatam
1538 1630 2074 1714 composicionem
2108 1636 2318 1695 ratam
2347 1627 2624 1693 haberet
2652 1637 2852 1710 atque
2884 1626 2985 1691 fir-

741 1753 931 1817 mam,
983 1741 1046 1800 et
1096 1734 1273 1802 facta
1323 1736 1642 1805 extitisset
1694 1758 1776 1803 cx
1826 1737 1962 1803 eius
2012 1738 2365 1803 voluntate.
2401 1735 2738 1803 Commisit
2769 1738 2973 1802 eciam

737 1841 878 1925 ipse
911 1842 1261 1930 Nycolaus,
1295 1844 1467 1927 quod
1498 1844 1971 1911 dimidietatem
2003 1851 2426 1930 prouentuum
2460 1844 2542 1910 de
2565 1843 2973 1929 possessione

737 1968 856 2016 sua
911 1952 1431 2034 proueniencium
1479 1958 1784 2038 presente
1833 1961 2187 2020 memorato
2236 1953 2575 2037 Johanne,
2622 1953 2975 2019 secundum

739 2058 914 2143 quod
944 2061 1068 2145 ipsi
1101 2061 1386 2128 Johanni
1419 2063 1797 2146 constiterit,
1831 2063 2028 2147 ijdem
2065 2061 2295 2129 Comes
2329 2062 2583 2148 Mycael
2615 2069 2681 2127 et
2709 2060 2827 2145 filij
2870 2062 2977 2129 sui

743 2168 1054 2234 deberent
1084 2173 1368 2235 statuere
1401 2190 1517 2255 pro
1550 2173 1854 2257 expensis
1886 2172 2030 2239 vice
2072 2178 2137 2238 et
2164 2171 2426 2238 nomine
2456 2170 2663 2257 ipsius
2694 2169 2979 2237 Alexan·

739 2276 858 2342 dro
908 2283 1269 2361 prenotato.
1316 2278 1553 2345 Datum
1586 2279 1650 2343 in
1692 2277 1918 2364 vigilia
1949 2281 2357 2348 Pentecostes
2390 2299 2561 2347 anno
2594 2279 2855 2345 Domini
2884 2278 2984 2344 M⁰

741 2384 877 2452 00⁰
909 2386 1368 2469 octuagesimo.

740 2582 1013 2650 (Ercdetie
1052 2582 1400 2651 bothartyan,
1446 2601 1479 2636 a
1521 2580 1802 2653 zarpecset
1851 2589 2153 2650 elveszctt3
2191 2602 2225 2638 a
2251 2602 2432 2640 nemos
2461 2584 2664 2654 Kallay
2688 2582 2988 2639 mlsdnak

1651 2674 2073 2742 leveltaraban.)

1658 2985 2065 2993 ———--——--——-

1786 3454 1937 3523 210.

742 3659 860 3723 IV.
891 3656 1121 3724 Ldazld
1165 3656 1513 3742 kirdlynak
1565 3653 1783 3742 Gayul
1833 3658 2138 3744 helyse'qct
2168 3658 2476 3742 tdrqyazd
2506 3659 2580 3741 τι]
2610 3655 2978 3741 adomdnya

741 3766 919 3831 Peter
964 3767 1087 3829 ba'n
1118 3766 1180 3830 6⁸
1227 3763 1706 3844 Kemcncomes,
1739 3765 2029 3830 Benedek
2060 3788 2255 3830 comcs
2270 3766 2404 3848 fiai
2433 3765 2746 3831 szdmcira.
2777 3765 2984 3830 1281.

967 3981 1319 4046 Ladizlans
1358 3980 1479 4046 Dei
1529 3981 1753 4062 gracia
1809 3981 2179 4066 Hungarie‚
2238 3981 2620 4067 Dalmacie‚
2685 3979 2979 4061 Croacie,

742 4093 979 4174 Rame,
1027 4090 1290 4174 seroie,
1338 4089 1654 4174 Gallicie‚
1712 4090 2123 4173 Lodomerie‚
2183 4090 2496 4157 Cumanie
2541 4087 2981 4174 Bulgarieque

744 4200 881 4265 Rex
912 4201 1205 4266 omnibus
1255 4198 1490 4266 Christi
1529 4199 1823 4265 fidelibus
1861 4205 2220 4285 presentem
2254 4199 2563 4283 paginam
2594 4199 2975 4284 inspecturis

747 4308 1022 4375 salutem
1073 4309 1141 4373 in
1194 4309 1478 4374 omnium
1511 4309 1856 4376 saluatore.
1888 4308 2155 4390 Regalis
2188 4309 2574 4375 excellencie
2605 4309 2986 4374 inmensitas

745 4416 830 4482 ad
880 4436 1099 4482 omnes
1154 4417 1377 4496 fideles
1428 4417 1773 4502 prospicua
1805 4437 1880 4484 eo
1913 4419 1980 4482 in
2014 4435 2085 4482 sc
2117 4417 2338 4501 pocius
2369 4417 2594 4504 recipit
2623 4417 2979 4484 incremen-

747 4534 903 4610 tum,
954 4545 1079 4608 quo
1127 4525 1415 4592 fidelium
1467 4527 1700 4593 merita
1719 4526 2188 4608 'condignarum
2221 4527 2810 4593 remuneracionum
2843 4546 2982 4609 pre-

750 4633 939 4720 sidijs
1010 4634 1344 4700 refocillat.
1404 4635 1681 4701 Proinde
1743 4632 1828 4700 ad
1888 4634 2330 4702 vniuersorum
2390 4635 2695 4701 noticiam
2758 4642 2985 4701 tenore
