3319 5249
1389 358 1518 427 239

331 555 615 622 mitatem
651 566 989 641 presentes
1024 559 1459 625 concessimus
1489 557 1746 625 litteras
1778 556 2103 643 dupplicis
2134 558 2335 642 sigilli
2369 558 2578 627 nostri

329 663 676 731 munimine
705 665 1058 732 roboratas.
1108 665 1353 733 Datum
1384 685 1503 751 per
1537 686 1768 733 manus
1800 664 2064 733 discreti
2103 666 2225 732 viri
2273 668 2575 750 Magistri

330 770 582 838 Nicolai
634 772 788 838 aule
839 781 1057 840 nostre
1108 774 1681 859 vice-Cancellarij
1739 772 1961 840 dilecti
2000 779 2063 839 et
2095 772 2307 842 fidelis
2339 775 2581 859 nostri;

330 900 496 947 anno
530 881 794 948 Domini
833 882 1177 951 millesimo
1211 882 1654 950 ducentesimo
1694 882 2171 967 septuagesimo
2202 903 2411 967 nono;
2460 884 2576 948 Re-

332 988 444 1071 gni
476 996 693 1055 autem
724 988 926 1056 nostri
966 1010 1137 1057 anno
1169 995 1420 1059 octauo.

338 1170 605 1234 (Ei-edetis
654 1167 1022 1237 b6rhartyan,
1078 1188 1111 1224 a
1154 1169 1339 1238 pecset
1379 1171 1644 1223 elveszett
1666 1188 1680 1237 ;
1745 1188 1778 1222 a
1813 1172 2043 1225 nemzeti
2069 1184 2322 1225 muzenm
2350 1171 2581 1226 kezirat·

1320 1256 1591 1328 taraban.)

1386 1996 1533 2063 163.

348 2193 467 2256 JV.
516 2194 746 2258 [Aszld
794 2195 1142 2279 kirdlynak
1192 2196 1404 2257 Percel
1451 2200 1609 2257 nevit
1643 2194 1881 2279 foldet,
1921 2197 1983 2259 e's
2014 2178 2311 2280 bzfzonyos
2356 2220 2396 2259 α
2431 2196 2585 2259 Βάῖ-

346 2305 579 2382 vdnyos
628 2303 731 2364 viz
780 2303 1031 2367 melletti
1080 2301 1253 2365 erdb't
1296 2304 1601 2385 tcirqyazd
1632 2303 1992 2387 adomdnya
2015 2351 2036 2383 ,
2083 2302 2362 2369 Herbolcl
2396 2326 2589 2368 comes

880 2446 901 2465 -Γ
980 2409 1221 2474 Oslnak
1241 2410 1348 2489 fia
1379 2413 1694 2473 szdmdra.
1746 2411 1941 2476 1279.

554 2603 960 2688 (L)adizlaus
1010 2604 1135 2669 Dei
1187 2604 1410 2687 gracia
1450 2603 1823 2692 Hungarie,
1871 2605 2248 2688 Dalmacie,
2300 2605 2587 2693 Croacie,

348 2713 557 2794 Rame,
588 2713 839 2793 Seruie,
874 2711 1174 2794 Gallicie,
1210 2713 1613 2799 Lodomerie,
1649 2713 1964 2779 Cumania
1993 2714 2429 2799 Bulgarieque
2448 2716 2589 2781 Rex

351 2820 635 2885 omnibus
671 2817 908 2885 Christi
941 2817 1239 2886 fidelibus
1271 2827 1631 2905 presentem
1663 2819 1971 2905 paginam
2004 2819 2389 2905 inspecturis
2422 2823 2592 2888 salu·

347 2933 467 2990 tem
518 2927 584 2991 in
636 2924 918 2992 omnium
970 2928 1317 2994 saluatore.
1383 2925 1488 2991 Ad
1544 2928 1990 2994 uniuersorum
2040 2927 2340 2994 noticiam
2373 2934 2592 2994 tenore

350 3035 751 3115 presencium
786 3034 1077 3100 volumus
1110 3034 1486 3117 peruenire,
1532 3034 1704 3118 quod
1744 3035 1972 3103 Comes
2012 3034 2387 3103 Herbordus
2419 3035 2592 3101 filius

352 3137 463 3205 Osl
513 3140 596 3205 de
648 3159 891 3222 genere
943 3139 1059 3206 Osl
1099 3139 1187 3205 ad
1217 3147 1509 3207 nostram
1543 3140 1862 3208 accedens
1895 3141 2298 3227 presenciam
2332 3161 2374 3206 a
2407 3140 2614 3219 nobis,

352 3246 816 3314 instantissime
872 3247 1303 3331 supplicando
1335 3247 1710 3333 postulauit,
1757 3255 1826 3316 vt
1858 3249 2188 3331 quandam
2218 3255 2457 3314 terram
2490 3267 2594 3314 ca·

351 3355 462 3419 stri
512 3354 717 3421 nostri
767 3353 1229 3437 Supruniensis
1269 3355 1494 3421 Percel
1530 3354 1701 3441 (igy)
1737 3349 2056 3440 uocatam,
2101 3374 2396 3438 vacuam,
2427 3354 2595 3421 sicut

353 3460 546 3547 dixit,
624 3469 688 3525 et
738 3460 1064 3542 quandam
1114 3461 1346 3527 siluam
1400 3469 1688 3528 nostram
1742 3462 2052 3545 Regalem
2095 3462 2271 3528 circa
2312 3466 2593 3527 castrum

354 3569 552 3654 ipsius
586 3568 851 3635 Comitis
884 3569 1227 3654 Herbordy
1256 3569 1689 3655 adiacentem,
1728 3568 1899 3650 quod
1915 3568 2115 3634 habet
2133 3586 2336 3653 prope
2359 3586 2595 3648 aquam

352 3677 694 3760 Balamus,
746 3682 808 3744 et
858 3676 1188 3760 quoddam
1240 3676 1435 3744 fenile
1486 3677 1783 3744 similiter
1833 3674 1920 3743 ad
1958 3683 2242 3742 castrum
2281 3674 2594 3759 Supruni-

355 3803 503 3850 ense
555 3785 884 3869 pertinens
935 3785 1001 3850 in
1042 3791 1215 3851 terra
1253 3785 1452 3851 Kezel
1486 3784 1769 3852 existens
1803 3782 2234 3868 Kuzepkerek
2267 3800 2597 3866 nuncupa-

355 3900 485 3959 tum
508 3941 526 3976 ‚
609 3892 823 3960 eidem
855 3890 936 3959 de
966 3892 1369 3976 benignitate
1408 3892 1615 3975 Regia
1647 3891 1805 3957 dare
1856 3897 1921 3957 et
1971 3888 2267 3956 conferre
2298 3887 2596 3971 dignare-

356 4023 509 4068 mur.
560 4002 700 4067 Nos
747 3998 944 4083 igitur
993 4000 1417 4067 consideratis
1467 3997 1766 4082 seruicijs
1801 4003 1866 4063 et
1894 3994 2324 4063 fidelitatibus
2356 3993 2598 4078 prefati

358 4108 621 4175 Comitis
653 4108 999 4191 Herbordy
1020 4160 1038 4194 ‚
1115 4107 1226 4190 qui
1275 4106 1551 4191 primum
1604 4105 1865 4173 domino
1918 4103 2076 4170 Bele
2108 4122 2232 4169 auo
2261 4107 2501 4188 nostr0,
2536 4106 2599 4167 et

356 4216 684 4302 Stephano
737 4217 907 4299 patri
959 4222 1178 4282 nostro
1228 4213 1633 4300 karissimis,
1683 4212 2053 4279 Illustribus
2104 4209 2388 4294 Regibus
2420 4210 2598 4276 Hun-

359 4323 538 4406 garie
570 4319 856 4390 felicium
889 4322 1453 4406 recordacionum,
1535 4327 1597 4386 et
1648 4320 1904 4386 demum
1959 4319 2145 4386 nobis
2196 4319 2260 4384 in
2302 4317 2600 4384 omnibus

360 4430 886 4516 expedicionibus
938 4431 1146 4512 Regni
1186 4431 1388 4498 nostri
1424 4428 1695 4495 fideliter
1728 4425 2046 4511 impendit
2079 4425 2428 4516 ettdcuote,
2463 4441 2600 4505 pre-

359 4537 555 4603 fatam
619 4547 855 4604 terram
909 4539 1132 4604 Percel
1186 4535 1356 4622 (igy)
1406 4539 1472 4603 in
1530 4536 1774 4603 eisdem
1824 4535 2011 4600 metis
2064 4543 2127 4599 et
2158 4531 2487 4613 terminis,
2535 4530 2600 4594 in

361 4645 587 4730 quibus
639 4645 880 4712 dictum
932 4653 1213 4712 castrum
1249 4645 1457 4710 tenuit
1509 4650 1572 4711 et
1625 4642 1954 4727 possedit,
2004 4648 2067 4707 et
2116 4641 2328 4726 ipsam
2367 4637 2599 4706 siluam
