3319 5249
1400 295 1531 361 473

333 506 593 554 marum
652 488 1052 572 profectibus
1134 488 1475 573 providere
1510 514 1526 574 3
1608 491 1944 574 cupientes
2005 490 2205 558 etiam
2240 541 2258 575 ,
2319 496 2392 557 ut
2453 490 2606 557 civi·

328 602 439 662 tas
470 593 885 662 Venetiarum
920 595 985 661 in
1014 595 1200 682 pacis
1249 594 1690 682 pulcritudine
1737 594 1968 663 sedeat
2001 602 2067 664 et
2095 597 2163 663 in
2194 596 2414 682 requie
2446 618 2598 684 opu·

338 703 518 768 lenta
546 702 881 786 quiescat3
916 703 1204 789 prefatos
1227 706 1477 771 Ducem
1505 712 1570 772 et
1603 704 1953 771 Commune
1986 724 2104 789 per
2133 705 2303 772 alias
2337 711 2599 773 nostras

326 808 458 876 ¹sub
489 817 671 877 certa
705 808 915 876 sorma
946 811 1200 878 litteras
1253 832 1577 897 rogamus,
1641 830 1981 880 monemus
2042 817 2110 878 et
2140 811 2470 879 hortamur
2499 819 2597 879 at·

341 923 539 1003 tente,
568 923 643 983 ut
672 917 802 1000 ipsi
833 924 1164 1001 tamquam
1197 917 1318 985 viri
1349 916 1605 1003 pacifici
1637 924 1885 985 mentes
1917 937 2070 986 suas
2101 925 2166 986 et
2195 919 2452 985 animas
2484 918 2597 984 ha-

339 1023 676 1091 bilitantes
709 1023 798 1089 ad
826 1044 1076 1110 pacem,
1107 1042 1307 1106 seque
1338 1024 1714 1111 Apostolice
1776 1022 1965 1093 Sedis
1996 1025 2423 1112 beneplacitis
2456 1044 2599 1092 coa·

335 1138 635 1217 ptantes3
668 1129 1082 1198 attendentes
1113 1129 1334 1215 etiam,
1385 1151 1584 1215 quam
1637 1129 2124 1216 dispendiosum
2156 1132 2501 1199 animabus
2533 1137 2598 1197 et

321 1238 535 1306 saluti
565 1238 957 1307 contrarium
990 1238 1130 1306 fore
1178 1239 1575 1326 conspicitur
1626 1238 1850 1306 aliena
1881 1243 2105 1307 contra
2133 1236 2451 1305 iustitiam
2486 1236 2593 1303 de·

328 1346 555 1431 tinere,
586 1346 891 1430 quodque
919 1348 1132 1413 locum
1164 1345 1292 1412 sibi
1322 1365 1454 1412 non
1505 1346 1816 1413 vendicat
1858 1346 2110 1431 peccati
2140 1344 2455 1433 remissio,
2484 1343 2596 1413 ubi

332 1453 543 1520 ablati
577 1453 899 1521 restitutio
919 1473 1049 1520 non
1069 1452 1420 1536 precessit;
1456 1472 1536 1519 ea
1566 1452 1787 1537 quein
1818 1451 1945 1519 hac
1975 1459 2166 1537 parte
2196 1440 2593 1537 Patriarche,

329 1560 643 1645 Ecclesie,
672 1561 1016 1646 Episcopo,
1044 1560 1295 1628 civibus
1328 1568 1393 1628 et
1424 1561 1576 1628 aliis
1614 1560 2089 1647 adherentibus,
2120 1560 2505 1646 fautoribus,
2529 1567 2596 1628 et

328 1666 718 1751 sequacibus
768 1668 1140 1734 memoratis
1203 1687 1320 1755 per
1368 1688 1481 1755 se,
1542 1669 1649 1735 vel
1683 1686 1802 1753 per
1830 1667 2035 1735 alium
2098 1677 2212 1735 aut
2242 1670 2406 1736 alios
2438 1674 2592 1736 sunt

324 1776 580 1860 ablata,
609 1777 705 1842 cis
736 1775 998 1843 sublato
1050 1774 1453 1843 difficultatis
1483 1774 1826 1842 obstaculo
1857 1776 2196 1842 restituere
2227 1782 2589 1860 procurent,

330 1902 374 1948 a
405 1882 746 1967 quibusvis
780 1882 1177 1950 novitatibus
1196 1933 1216 1968 ,
1279 1881 1729 1949 invasionibus
1779 1889 1846 1948 et
1879 1882 2225 1949 insultibus
2255 1902 2375 1968 per
2402 1902 2495 1967 se,
2525 1888 2591 1948 et

331 2010 450 2076 per
479 2010 631 2057 suos
663 1989 859 2057 etiam
892 1988 1376 2076 stipendiarios,
1411 1994 1480 2055 et
1516 1989 1906 2057 adherentes
1967 1990 2034 2057 in
2065 1988 2192 2057 hac
2222 1996 2408 2077 parte
2439 1989 2591 2073 sibi,

334 2105 401 2165 et
430 2098 740 2182 fautores,
777 2096 1181 2164 coadiutores
1213 2105 1277 2164 et
1309 2116 1624 2182 sequaces
1655 2117 1812 2165 suos
1844 2105 2072 2164 contra
2099 2097 2255 2164 illos
2279 2145 2297 2179 ,
2324 2103 2440 2164 aut
2469 2095 2588 2162 ali·

333 2223 497 2288 quos
533 2205 638 2271 vel
670 2203 953 2287 aliquem
987 2204 1352 2288 eorundem,
1403 2211 1469 2271 et
1499 2212 1707 2271 terras
1759 2205 2048 2290 ipsorum
2097 2206 2357 2291 penitus
2385 2204 2589 2270 absti-

335 2310 581 2396 nend03
632 2331 711 2378 ac
755 2312 1119 2379 revocando
1170 2311 1629 2380 nichilominus
1681 2312 1848 2379 alios
1910 2330 2066 2379 suos
2119 2309 2587 2394 stipendiarios

334 2421 437 2487 vel
470 2428 783 2500 armatos,
820 2419 928 2502 qui
963 2419 1366 2505 provinciam
1429 2419 1613 2487 istrie
1662 2421 1731 2486 in
1792 2419 2148 2505 dampnum
2184 2416 2584 2502 Patriarche,

332 2509 652 2614 Episcopi
677 2533 743 2594 et
772 2527 1010 2593 civium
1043 2547 1124 2592 ac
1175 2527 1450 2594 aliorum
1518 2520 1954 2614 predictorum
1986 2526 2073 2591 ad
2105 2532 2348 2593 statum
2378 2524 2587 2611 ipsius

331 2635 862 2723 perturbandum,
894 2636 1060 2702 sicut
1090 2636 1416 2721 asseritur,
1452 2643 1604 2702 sunt
1642 2634 1956 2720 ingressi3
2019 2633 2114 2701 sic
2146 2632 2215 2699 in
2246 2634 2584 2719 premissis

329 2744 629 2812 omnibus
663 2743 1083 2811 laudabiliter
1113 2750 1177 2808 et
1209 2744 1560 2810 efficaciter
1591 2742 1977 2830 processuri,
2013 2748 2083 2808 ut
2115 2743 2439 2807 zelatores
2470 2762 2581 2826 pa·

322 2853 421 2919 cis
460 2859 529 2917 et
557 2855 879 2917 amatores
913 2847 1248 2917 concordie
1278 2869 1349 2917 se
1383 2870 1499 2934 per
1530 2849 1830 2917 effectum
1865 2849 2080 2934 operis
2120 2848 2582 2930 demonstrent,

324 2978 576 3042 nosque
610 2957 1021 3024 devotionem
1053 2965 1118 3024 et
1149 2957 1585 3025 obedientiam
1620 2978 1861 3042 eorum,
1898 2977 2090 3043 quam
2124 2957 2191 3024 in
2223 2955 2343 3021 hoc
2378 2975 2582 3039 prom·

324 3074 507 3151 ptam
558 3064 851 3149 cupimus
914 3063 1206 3129 invenire
1270 3063 1487 3147 dignis
1551 3064 1788 3130 exinde
1850 3064 1920 3130 in
1951 3062 2231 3130 Domino
2275 3058 2580 3129 laudibus

314 3173 700 3239 attollamus
732 3191 749 3252 3
782 3170 842 3236 si
874 3189 1031 3235 vero
1077 3168 1147 3235 in
1181 3168 1604 3252 Civitatibus,
1640 3168 1930 3256 Castris,
1970 3167 2141 3235 villis
2176 3173 2239 3234 et
2268 3170 2428 3234 locis
2462 3168 2583 3235 eis·

322 3279 473 3346 dem
506 3276 777 3343 credunt
806 3297 878 3343 se
909 3276 1010 3342 ius
1045 3276 1313 3360 aliquod
1346 3276 1605 3360 habere,
1668 3296 1885 3344 coram
1942 3275 2130 3342 nobis
2163 3272 2334 3341 infra
2367 3278 2580 3343 termi-

321 3408 477 3454 num
528 3385 597 3450 in
631 3382 940 3469 predictis
993 3383 1230 3450 litteris
1284 3383 1818 3470 comprehensum
1881 3403 1998 3467 per
2058 3382 2429 3469 syndicum,
2462 3403 2578 3450 seu

321 3493 809 3582 procuratorem
841 3490 1190 3578 ydoneum,
1225 3488 1310 3555 ad
1350 3491 1474 3558 hoc
1505 3491 1590 3557 ab
1642 3490 1886 3557 eisdem
1932 3492 2115 3557 Duce
2147 3495 2212 3556 et
2243 3488 2581 3557 Communi

322 3600 700 3689 specialiter
729 3596 1152 3664 constitutum
1199 3617 1574 3682 comparere
1612 3603 1992 3683 procurent:
2026 3596 2162 3661 Nos
2194 3598 2366 3660 enim
2385 3645 2406 3681 ,
2468 3597 2579 3681 qui

319 3727 544 3775 sumus
578 3705 876 3772 omnibus
906 3706 974 3769 in
1007 3703 1258 3771 iustitia
1296 3702 1638 3789 debitores,
1674 3704 1885 3788 parati
1915 3723 2137 3770 sumus
2167 3703 2383 3769 facere
2414 3703 2578 3788 ipsis

322 3835 518 3901 super
550 3812 677 3878 hiis
711 3811 1004 3877 exhiberi
1040 3810 1287 3876 iustitie
1328 3811 1891 3897 complementum.
1941 3809 2259 3887 Quocirca
2289 3807 2582 3876 fraterni-

322 3921 450 3988 tati
480 3929 590 3986 tue
623 3939 739 4003 per
765 3917 1143 4003 Apostolica
1174 3920 1420 4001 scripta
1438 3915 1847 4000 mandamus,
1867 3918 2173 3999 quatinus
2204 3935 2325 4002 pro
2357 3922 2578 3983 nostra

316 4036 381 4096 et
412 4026 790 4111 Apostolice
822 4022 1014 4090 Sedis
1063 4023 1428 4091 reverentia
1478 4021 1855 4090 huiusmodi
1915 4023 2244 4105 negotium
2277 4029 2576 4106 prompto

308 4151 662 4218 assumens
695 4131 930 4214 animo,
966 4135 1031 4197 et
1061 4130 1493 4215 personaliter
1524 4136 1588 4196 te
1609 4128 1919 4195 Venetias
1945 4127 2300 4212 conferens,
2329 4130 2579 4195 Ducem

310 4250 381 4310 et
413 4242 762 4307 Commune
780 4233 1084 4321 -prefatos
1146 4234 1235 4301 ad
1288 4233 1655 4301 huiusmodi
1716 4233 2191 4301 restitutionem
2224 4237 2289 4297 et
2319 4251 2578 4298 revoca·

313 4350 559 4414 tionem
581 4341 1151 4430 stipendiariorum
1175 4361 1293 4409 seu
1312 4348 1703 4409 armatorum
1727 4340 2160 4425 predictorum
2180 4335 2574 4420 faciendam,

311 4452 618 4537 quodque
647 4450 773 4537 ipsi
811 4469 926 4533 per
956 4467 1028 4515 se
1062 4469 1142 4515 ac
1195 4446 1395 4515 etiam
1429 4467 1544 4535 per
1574 4447 1836 4517 eosdem
1866 4444 2345 4532 stipendiarios,
2380 4439 2575 4512 adhe·

312 4563 551 4640 rentes,
588 4554 898 4639 fautores,
934 4555 1346 4622 coadiutores
1409 4562 1477 4621 et
1507 4571 1822 4636 sequaces
1873 4570 2095 4619 eorum
2143 4569 2185 4615 a
2235 4548 2573 4634 quibusvis
