3319 5249
1858 332 1995 398 352
2050 426 2081 433 -

1771 422 2047 432 --——-——

1860 1067 2012 1137 25⁰.

805 1292 930 1360 IV.
1001 1288 1232 1357 Ldazld
1278 1291 1623 1378 kirdlynak
1674 1290 1889 1354 Batus·
1939 1288 2246 1373 helysdqet
2308 1286 2612 1372 ta'rqqazd
2684 1282 3053 1367 adomdnya

1189 1400 1360 1466 Pous
1389 1423 1590 1466 comes
1621 1397 1972 1463 Merscinak
1988 1398 2095 1482 fia
2127 1400 2442 1462 szdma'ra.
2477 1393 2671 1459 1283.

1022 1613 1432 1705 (L)adizlaus
1472 1616 1593 1681 Dei
1643 1614 1868 1698 gracia
1923 1612 2274 1699 Hungarie,
2332 1611 2696 1696 Dalmacie,
2764 1605 3057 1686 Croucie,

804 1726 1041 1809 Rame,
1088 1726 1350 1810 Seruie,
1397 1725 1716 1810 Gallicie,
1773 1724 2185 1806 Lodomerie,
2245 1721 2559 1789 Cumanie
2607 1716 3048 1803 Bulgarieque

803 1833 940 1897 Rex
992 1833 1289 1898 omnibus
1339 1830 1580 1897 Christi
1630 1831 1928 1898 fidelibus
1976 1831 2311 1917 presentes
2361 1830 2611 1897 litteras
2660 1825 3050 1913 inspecturis

804 1940 1078 2006 salutem
1129 1940 1195 2005 in
1229 1939 1457 2006 salutis
1491 1940 1816 2023 largitore.
1860 1937 1964 2004 Ad
1996 1939 2437 2006 vniuersorum
2469 1944 2599 2003 tam
2633 1935 3037 2022 presencium

807 2068 998 2131 quam
1060 2045 1415 2116 futurorum
1472 2047 1774 2116 noticiam
1835 2046 2063 2114 harum
2127 2047 2292 2114 serie
2350 2047 2640 2113 volumus
2687 2042 3045 2129 peruenire,

804 2156 974 2238 quod
1020 2154 1441 2222 consideratis
1489 2154 1920 2224 fidelitatibus
1969 2164 2034 2224 et
2082 2154 2375 2240 seruicijs
2430 2152 2694 2221 Comitis
2724 2153 2891 2217 Pons
2924 2150 3040 2234 filij

804 2264 1034 2348 Mersa,
1053 2282 1176 2346 que
1206 2263 1275 2331 in
1305 2265 1599 2332 omnibus
1631 2273 1699 2333 et
1728 2265 2008 2334 diuersis
2039 2263 2557 2351 expedicionibus
2587 2261 2795 2346 Regni
2824 2261 3051 2342 nostri,

805 2371 990 2439 bellis
1040 2372 1339 2441 videlicet
1385 2372 1707 2442 intestinis
1760 2382 1824 2442 et
1876 2374 2277 2448 extrinsecis.
2320 2372 2715 2459 temporibus
2747 2369 3049 2458 progeni-

802 2489 1008 2547 torum
1059 2487 1412 2548 nostrorum
1433 2473 1440 2480 “
1464 2488 1528 2548 et
1559 2482 1816 2567 nostris,
1848 2502 1918 2550 se
1949 2489 2012 2548 et
2041 2501 2161 2547 sua
2192 2482 2467 2548 diuersis
2498 2482 2751 2549 fortune
2784 2480 3043 2545 casibus

805 2588 1252 2676 submittendo,
1271 2610 1385 2676 pro
1418 2589 1740 2659 fidelitate
1761 2591 2006 2660 Corone
2038 2593 2243 2677 Regie
2264 2591 2483 2659 debita
2515 2588 2806 2659 exhibuit
2839 2596 2902 2655 et
2935 2587 3049 2652 im-

809 2697 1062 2784 pendit3
1097 2706 1162 2766 et
1181 2700 1337 2783 quia
1356 2700 1558 2767 eciam
1577 2700 1747 2767 idem
1783 2702 2010 2769 Comes
2041 2702 2215 2768 Pous
2246 2701 2408 2767 duos
2440 2719 2637 2783 equos
2667 2718 2819 2765 suos
2850 2698 3053 2762 bonos

808 2827 923 2892 pro
944 2812 1170 2874 nostra
1191 2806 1397 2893 Regia
1412 2807 1753 2875 Maiestate
1784 2809 2096 2893 valentes,
2123 2816 2188 2875 et
2218 2807 2690 2892 quinquaginta
2722 2826 2927 2891 equas
2961 2808 3050 2873 in-

810 2915 1084 2982 domitas
1105 2915 1188 2983 ad
1221 2915 1596 3002 peticionem
1617 2923 1900 2984 nostram
1919 2918 2106 2985 nobis
2129 2916 2312 2984 dedit
2332 2943 2347 3003 ;
2371 2918 2438 2983 in
2461 2915 3045 2984 remuneracionem

804 3025 1220 3091 seruiciorum
1270 3046 1551 3113 suorum,
1585 3046 1664 3093 ac
1697 3027 2362 3114 recompensacionem
2396 3034 2460 3092 et
2492 3026 3044 3093 restauracionem

806 3152 1109 3215 equorum
1152 3141 1215 3200 et
1265 3152 1574 3219 equarum
1626 3134 1834 3220 ipsius
1883 3133 2152 3203 Comitis
2207 3137 2374 3202 Pous
2407 3144 2696 3221 tempore
2729 3138 3047 3220 oportuno

809 3240 992 3307 nobis
1024 3242 1340 3329 datorum,
1375 3243 1698 3327 quandam
1732 3252 1971 3312 terram
2003 3245 2503 3312 Draucariorum
2536 3250 2893 3310 nostrorum
2924 3242 3048 3307 Ba·

808 3356 914 3415 tur
942 3357 1235 3416 vocatam
1269 3351 1335 3416 in
1368 3370 1498 3436 qua
1531 3351 1808 3420 ecclesia
1837 3353 1904 3419 in
1939 3351 2180 3419 honore
2213 3351 2439 3418 Sancti
2473 3351 2740 3419 Martini
2774 3356 2875 3417 est
2909 3370 3049 3415 con·

812 3463 1079 3545 structa,
1133 3458 1257 3543 ipsi
1308 3458 1536 3526 Comiti
1586 3460 1778 3540 Pous,
1824 3468 1888 3527 et
1937 3481 2055 3546 per
2089 3479 2247 3529 ,eum
2295 3461 2431 3528 suis
2483 3459 2830 3527 heredibus
2878 3458 3052 3526 here·

808 3566 1086 3650 dumque
1135 3588 1391 3637 suorum
1442 3569 1940 3655 successoribus,
1991 3570 2287 3654 quamuis
2320 3568 2577 3637 modica
2604 3569 3050 3637 remuneracio

812 3694 1071 3742 suorum
1104 3674 1536 3762 seruiciorum,
1570 3683 1635 3744 et
1683 3676 1949 3744 minima
2001 3678 2516 3764 recompensacio
2550 3697 2759 3744 rerum
2792 3698 3051 3744 suarum

805 3783 1139 3870 videatur,
1192 3783 1506 3870 dedimus,
1557 3784 1942 3853 donauimus
1990 3792 2054 3853 et
2102 3785 2489 3854 contulimus
2540 3786 2675 3853 iure
2735 3794 3053 3872 perpetuo

807 3891 1286 3980 possidendam,
1333 3894 1452 3962 sub
1505 3892 1745 3961 eisdem
1778 3894 1965 3962 metis
2001 3902 2065 3962 et
2096 3895 2393 3963 terminis
2444 3894 2753 3983 antiquis,
2818 3894 3053 3978 quibus

808 4001 1016 4085 ipsam
1059 4008 1291 4068 terram
1324 4003 1722 4089 temporibus
1754 4002 1994 4071 domini
2027 4004 2184 4072 Bele
2215 4006 2413 4089 Regis
2444 4005 2552 4071 aui
2585 4005 2783 4071 nostri
2844 4002 3052 4070 karis-

808 4108 976 4195 simi,
1041 4119 1105 4176 et
1135 4108 1380 4178 domini
1412 4111 1730 4198 Stephani
1764 4113 1958 4198 Regis
1989 4112 2196 4199 patris
2247 4113 2455 4181 nostri
2511 4112 2850 4198 predilecti
2912 4112 3055 4180 feli·

804 4217 975 4284 cium
1005 4218 1513 4289 recordacionem
1546 4220 1745 4308 ijdem
1795 4222 2135 4307 Draucarij
2181 4222 2599 4290 dinoscuntur
2648 4221 3055 4309 possedisse.

807 4324 881 4391 In
932 4327 1113 4394 cuius
1162 4328 1254 4395 rei
1305 4330 1678 4398 memoriam
1730 4339 2236 4417 perpetuamque
2298 4331 2676 4399 firmitatem
2714 4340 3056 4418 presentes

812 4437 1244 4505 concessimus
1269 4439 1519 4507 litteras
1539 4438 1819 4525 duplicis
1841 4439 2046 4525 sigilli
2066 4443 2269 4508 nostri
2302 4440 2661 4508 munimine
2707 4442 3057 4508 roboratas

808 4545 1048 4614 Datum
1079 4568 1193 4634 per
1225 4568 1452 4618 manus
1484 4549 1743 4618 discreti
1779 4550 1899 4617 viri
1946 4550 2238 4636 Magistri
2271 4549 2707 4619 Bartholomei
2760 4550 2914 4617 aule
2945 4571 3055 4617 no·

810 4662 941 4722 stre
976 4655 1545 4743 vice-Cancellarij
1581 4659 1805 4728 dilecti
1835 4668 1901 4726 et
1933 4660 2150 4728 fidelis
2183 4663 2387 4730 nostri
2422 4681 2595 4729 anno
2617 4661 2875 4727 Domini
2910 4663 3054 4729 mil-
