<?xml version="1.0" encoding="UTF-8"?>
<!DOCTYPE html PUBLIC "-//W3C//DTD XHTML 1.0 Transitional//EN"
    "http://www.w3.org/TR/xhtml1/DTD/xhtml1-transitional.dtd">
<html xmlns="http://www.w3.org/1999/xhtml" xml:lang="en" lang="en">
 <head>
  <title>
</title>
<meta http-equiv="Content-Type" content="text/html;charset=utf-8" />
  <meta name='ocr-system' content='tesseract 3.04.00' />
  <meta name='ocr-capabilities' content='ocr_page ocr_carea ocr_par ocr_line ocrx_word'/>
</head>
<body>
  <div class='ocr_page' id='page_1' title='image "./rpdkorijokmnytr00wenzgoog_0595.png"; bbox 0 0 3319 5249; ppageno 0'>
   <div class='ocr_carea' id='block_1_1' title="bbox 1345 211 1577 311">
    <p class='ocr_par' dir='ltr' id='par_1_1' title="bbox 1345 211 1577 311">
     <span class='ocr_line' id='line_1_1' title="bbox 1345 211 1577 311; baseline -0.004 -32"><span class='ocrx_word' id='word_1_1' title='bbox 1345 211 1577 311; x_wconf 31' lang='lat' dir='ltr'><strong>‚nsis</strong></span> 
     </span>
    </p>
   </div>
   <div class='ocr_carea' id='block_1_2' title="bbox 1445 302 1662 314">
    <p class='ocr_par' dir='ltr' id='par_1_2' title="bbox 1445 302 1662 314">
     <span class='ocr_line' id='line_1_2' title="bbox 1445 302 1662 314; baseline 0 4935"><span class='ocrx_word' id='word_1_2' title='bbox 1445 302 1662 314; x_wconf 95' lang='lat' dir='ltr'><strong> </strong></span> 
     </span>
    </p>
   </div>
   <div class='ocr_carea' id='block_1_3' title="bbox 361 403 2644 1246">
    <p class='ocr_par' dir='ltr' id='par_1_3' title="bbox 361 403 2644 1246">
     <span class='ocr_line' id='line_1_3' title="bbox 365 403 2632 500; baseline 0.007 -33"><span class='ocrx_word' id='word_1_3' title='bbox 365 403 565 469; x_wconf 87' lang='lat' dir='ltr'><strong>robur</strong></span> <span class='ocrx_word' id='word_1_4' title='bbox 622 405 907 471; x_wconf 85' lang='lat' dir='ltr'><strong>obtineat</strong></span> <span class='ocrx_word' id='word_1_5' title='bbox 958 413 1269 492; x_wconf 82' lang='lat' dir='ltr'><strong>perpetue</strong></span> <span class='ocrx_word' id='word_1_6' title='bbox 1320 408 1690 496; x_wconf 85' lang='lat' dir='ltr'><strong>firmitatis,</strong></span> <span class='ocrx_word' id='word_1_7' title='bbox 1742 431 1859 477; x_wconf 89' lang='lat' dir='ltr'><strong>nec</strong></span> <span class='ocrx_word' id='word_1_8' title='bbox 1911 430 2217 496; x_wconf 87' lang='lat' dir='ltr'><strong>processu</strong></span> <span class='ocrx_word' id='word_1_9' title='bbox 2269 419 2632 500; x_wconf 88' lang='lat' dir='ltr'><strong>temporum</strong></span> 
     </span>
     <span class='ocr_line' id='line_1_4' title="bbox 365 515 2644 602; baseline 0.007 -26"><span class='ocrx_word' id='word_1_10' title='bbox 365 531 496 599; x_wconf 88' lang='lat' dir='ltr'><strong>per</strong></span> <span class='ocrx_word' id='word_1_11' title='bbox 528 515 892 600; x_wconf 85' lang='lat' dir='ltr'><strong>quempiam</strong></span> <span class='ocrx_word' id='word_1_12' title='bbox 926 519 1134 602; x_wconf 78' lang='lat' dir='ltr'>possit</span> <span class='ocrx_word' id='word_1_13' title='bbox 1169 537 1284 583; x_wconf 87' lang='lat' dir='ltr'><strong>seu</strong></span> <span class='ocrx_word' id='word_1_14' title='bbox 1339 518 1562 583; x_wconf 82' lang='lat' dir='ltr'><strong>valeat</strong></span> <span class='ocrx_word' id='word_1_15' title='bbox 1616 518 1683 583; x_wconf 92' lang='lat' dir='ltr'><strong>in</strong></span> <span class='ocrx_word' id='word_1_16' title='bbox 1736 518 1988 586; x_wconf 88' lang='lat' dir='ltr'><strong>irritum</strong></span> <span class='ocrx_word' id='word_1_17' title='bbox 2050 521 2346 589; x_wconf 85' lang='lat' dir='ltr'><strong>reuocari</strong></span> <span class='ocrx_word' id='word_1_18' title='bbox 2378 530 2495 589; x_wconf 85' lang='lat' dir='ltr'><strong>aut</strong></span> <span class='ocrx_word' id='word_1_19' title='bbox 2540 520 2644 592; x_wconf 52' lang='lat' dir='ltr'><strong>re?</strong></span> 
     </span>
     <span class='ocr_line' id='line_1_5' title="bbox 362 623 2630 719; baseline 0.004 -31"><span class='ocrx_word' id='word_1_20' title='bbox 362 625 656 708; x_wconf 85' lang='lat' dir='ltr'><strong>tractari,</strong></span> <span class='ocrx_word' id='word_1_21' title='bbox 714 623 824 689; x_wconf 83' lang='lat' dir='ltr'><strong>sed</strong></span> <span class='ocrx_word' id='word_1_22' title='bbox 862 623 928 689; x_wconf 91' lang='lat' dir='ltr'><strong>in</strong></span> <span class='ocrx_word' id='word_1_23' title='bbox 961 633 1341 710; x_wconf 87' lang='lat' dir='ltr'><strong>perpetuum</strong></span> <span class='ocrx_word' id='word_1_24' title='bbox 1378 646 1582 710; x_wconf 87' lang='lat' dir='ltr'><strong>usque</strong></span> <span class='ocrx_word' id='word_1_25' title='bbox 1616 628 1683 692; x_wconf 91' lang='lat' dir='ltr'><strong>in</strong></span> <span class='ocrx_word' id='word_1_26' title='bbox 1719 626 1893 693; x_wconf 90' lang='lat' dir='ltr'><strong>filios</strong></span> <span class='ocrx_word' id='word_1_27' title='bbox 1927 628 2200 695; x_wconf 76' lang='lat' dir='ltr'><strong>filiorum</strong></span> <span class='ocrx_word' id='word_1_28' title='bbox 2235 637 2630 719; x_wconf 86' lang='lat' dir='ltr'><strong>perseueret,</strong></span> 
     </span>
     <span class='ocr_line' id='line_1_6' title="bbox 364 734 2628 821; baseline 0.004 -24"><span class='ocrx_word' id='word_1_29' title='bbox 364 738 707 816; x_wconf 83' lang='lat' dir='ltr'><strong>presentes</strong></span> <span class='ocrx_word' id='word_1_30' title='bbox 738 735 1173 801; x_wconf 79' lang='lat' dir='ltr'><strong>concessimus</strong></span> <span class='ocrx_word' id='word_1_31' title='bbox 1205 734 1457 802; x_wconf 83' lang='lat' dir='ltr'><strong>litteras</strong></span> <span class='ocrx_word' id='word_1_32' title='bbox 1489 735 1769 819; x_wconf 89' lang='lat' dir='ltr'><strong>duplicis</strong></span> <span class='ocrx_word' id='word_1_33' title='bbox 1802 736 2006 821; x_wconf 80' lang='lat' dir='ltr'><strong>sigilli</strong></span> <span class='ocrx_word' id='word_1_34' title='bbox 2039 738 2395 805; x_wconf 85' lang='lat' dir='ltr'><strong>munimine</strong></span> <span class='ocrx_word' id='word_1_35' title='bbox 2445 740 2628 807; x_wconf 87' lang='lat' dir='ltr'><strong>robo-</strong></span> 
     </span>
     <span class='ocr_line' id='line_1_7' title="bbox 362 842 2628 932; baseline 0.004 -27"><span class='ocrx_word' id='word_1_36' title='bbox 362 848 575 906; x_wconf 82' lang='lat' dir='ltr'><strong>ratas.</strong></span> <span class='ocrx_word' id='word_1_37' title='bbox 606 842 846 906; x_wconf 85' lang='lat' dir='ltr'><strong>Datum</strong></span> <span class='ocrx_word' id='word_1_38' title='bbox 876 861 991 927; x_wconf 88' lang='lat' dir='ltr'><strong>per</strong></span> <span class='ocrx_word' id='word_1_39' title='bbox 1023 861 1252 909; x_wconf 87' lang='lat' dir='ltr'><strong>manus</strong></span> <span class='ocrx_word' id='word_1_40' title='bbox 1289 844 1682 910; x_wconf 83' lang='lat' dir='ltr'><strong>venerabilis</strong></span> <span class='ocrx_word' id='word_1_41' title='bbox 1716 844 1923 930; x_wconf 87' lang='lat' dir='ltr'><strong>patris</strong></span> <span class='ocrx_word' id='word_1_42' title='bbox 1960 844 2256 932; x_wconf 82' lang='lat' dir='ltr'><strong>Gregorij</strong></span> <span class='ocrx_word' id='word_1_43' title='bbox 2306 847 2433 915; x_wconf 88' lang='lat' dir='ltr'><strong>Dei</strong></span> <span class='ocrx_word' id='word_1_44' title='bbox 2482 867 2628 932; x_wconf 87' lang='lat' dir='ltr'><strong>gra-</strong></span> 
     </span>
     <span class='ocr_line' id='line_1_8' title="bbox 365 947 2633 1040; baseline 0.004 -26"><span class='ocrx_word' id='word_1_45' title='bbox 365 950 475 1014; x_wconf 87' lang='lat' dir='ltr'><strong>cia</strong></span> <span class='ocrx_word' id='word_1_46' title='bbox 509 947 813 1035; x_wconf 83' lang='lat' dir='ltr'><strong>Episcopi</strong></span> <span class='ocrx_word' id='word_1_47' title='bbox 846 949 1316 1017; x_wconf 85' lang='lat' dir='ltr'><strong>Chanadiensis</strong></span> <span class='ocrx_word' id='word_1_48' title='bbox 1351 952 1500 1017; x_wconf 87' lang='lat' dir='ltr'><strong>aule</strong></span> <span class='ocrx_word' id='word_1_49' title='bbox 1532 960 1749 1020; x_wconf 89' lang='lat' dir='ltr'><strong>nostre</strong></span> <span class='ocrx_word' id='word_1_50' title='bbox 1769 955 1925 1021; x_wconf 90' lang='lat' dir='ltr'><strong>Vice</strong></span> <span class='ocrx_word' id='word_1_51' title='bbox 1958 950 2374 1040; x_wconf 71' lang='lat' dir='ltr'><strong>cancellarij,</strong></span> <span class='ocrx_word' id='word_1_52' title='bbox 2409 953 2633 1023; x_wconf 89' lang='lat' dir='ltr'><strong>dilecti</strong></span> 
     </span>
     <span class='ocr_line' id='line_1_9' title="bbox 370 1054 2631 1147; baseline 0.003 -28"><span class='ocrx_word' id='word_1_53' title='bbox 370 1061 436 1119; x_wconf 82' lang='lat' dir='ltr'><strong>et</strong></span> <span class='ocrx_word' id='word_1_54' title='bbox 460 1054 673 1122; x_wconf 86' lang='lat' dir='ltr'><strong>fidelis</strong></span> <span class='ocrx_word' id='word_1_55' title='bbox 708 1059 931 1142; x_wconf 86' lang='lat' dir='ltr'><strong>nostri,</strong></span> <span class='ocrx_word' id='word_1_56' title='bbox 965 1077 1136 1123; x_wconf 88' lang='lat' dir='ltr'><strong>anno</strong></span> <span class='ocrx_word' id='word_1_57' title='bbox 1168 1057 1429 1125; x_wconf 90' lang='lat' dir='ltr'><strong>Domini</strong></span> <span class='ocrx_word' id='word_1_58' title='bbox 1463 1060 1874 1145; x_wconf 81' lang='lat' dir='ltr'><strong>M⁰CC⁰XC⁰,</strong></span> <span class='ocrx_word' id='word_1_59' title='bbox 1909 1067 2092 1128; x_wconf 84' lang='lat' dir='ltr'><strong>sexto</strong></span> <span class='ocrx_word' id='word_1_60' title='bbox 2113 1059 2435 1128; x_wconf 83' lang='lat' dir='ltr'><strong>kalendas</strong></span> <span class='ocrx_word' id='word_1_61' title='bbox 2454 1061 2631 1147; x_wconf 82' lang='lat' dir='ltr'><strong>Junij</strong></span> 
     </span>
     <span class='ocr_line' id='line_1_10' title="bbox 361 1162 1773 1246; baseline 0.004 -17"><span class='ocrx_word' id='word_1_62' title='bbox 361 1162 580 1246; x_wconf 84' lang='lat' dir='ltr'><strong>Regni</strong></span> <span class='ocrx_word' id='word_1_63' title='bbox 611 1167 826 1229; x_wconf 85' lang='lat' dir='ltr'><strong>autem</strong></span> <span class='ocrx_word' id='word_1_64' title='bbox 858 1166 1060 1230; x_wconf 88' lang='lat' dir='ltr'><strong>nostri</strong></span> <span class='ocrx_word' id='word_1_65' title='bbox 1092 1184 1263 1231; x_wconf 86' lang='lat' dir='ltr'><strong>anno</strong></span> <span class='ocrx_word' id='word_1_66' title='bbox 1299 1163 1547 1233; x_wconf 89' lang='lat' dir='ltr'><strong>decimo</strong></span> <span class='ocrx_word' id='word_1_67' title='bbox 1581 1187 1773 1235; x_wconf 78' lang='lat' dir='ltr'><strong>nono·</strong></span> 
     </span>
    </p>
   </div>
   <div class='ocr_carea' id='block_1_4' title="bbox 362 1377 2632 1539">
    <p class='ocr_par' dir='ltr' id='par_1_4' title="bbox 362 1377 2632 1539">
     <span class='ocr_line' id='line_1_11' title="bbox 362 1377 2632 1451; baseline 0.002 -21"><span class='ocrx_word' id='word_1_68' title='bbox 362 1377 631 1445; x_wconf 81' lang='lat' dir='ltr'><strong>(Teutsch</strong></span> <span class='ocrx_word' id='word_1_69' title='bbox 684 1378 738 1431; x_wconf 72' lang='grc' dir='ltr'><strong>όε</strong></span> <span class='ocrx_word' id='word_1_70' title='bbox 784 1381 1080 1435; x_wconf 81' lang='lat' dir='ltr'><strong>Fimhaber</strong></span> <span class='ocrx_word' id='word_1_71' title='bbox 1102 1422 1116 1445; x_wconf 82' lang='lat'>‚</span> <span class='ocrx_word' id='word_1_72' title='bbox 1173 1383 1623 1436; x_wconf 83' lang='lat' dir='ltr'><strong>Urkundenbuch</strong></span> <span class='ocrx_word' id='word_1_73' title='bbox 1671 1400 1769 1437; x_wconf 77' lang='lat' dir='ltr'><strong>zur</strong></span> <span class='ocrx_word' id='word_1_74' title='bbox 1823 1384 2150 1438; x_wconf 77' lang='lat' dir='ltr'><strong>Geschichte</strong></span> <span class='ocrx_word' id='word_1_75' title='bbox 2200 1384 2632 1451; x_wconf 74' lang='lat' dir='ltr'><strong>Siebenbflrgenn</strong></span> 
     </span>
     <span class='ocr_line' id='line_1_12' title="bbox 1298 1475 1750 1539; baseline 0 -16"><span class='ocrx_word' id='word_1_76' title='bbox 1298 1476 1342 1524; x_wconf 92' lang='lat'><strong>1.</strong></span> <span class='ocrx_word' id='word_1_77' title='bbox 1391 1475 1507 1526; x_wconf 59' lang='lat' dir='ltr'><strong>kat.</strong></span> <span class='ocrx_word' id='word_1_78' title='bbox 1537 1475 1655 1526; x_wconf 77' lang='lat'>156.</span> <span class='ocrx_word' id='word_1_79' title='bbox 1693 1475 1750 1539; x_wconf 87' lang='grc'><strong>1.)</strong></span> 
     </span>
    </p>
   </div>
   <div class='ocr_carea' id='block_1_5' title="bbox 1290 1778 1713 1791">
    <p class='ocr_par' dir='ltr' id='par_1_5' title="bbox 1290 1778 1713 1791">
     <span class='ocr_line' id='line_1_13' title="bbox 1290 1778 1713 1791; baseline 0.002 -2"><span class='ocrx_word' id='word_1_80' title='bbox 1290 1778 1713 1791; x_wconf 55' lang='lat' dir='ltr'><strong>m</strong></span> 
     </span>
    </p>
   </div>
   <div class='ocr_carea' id='block_1_6' title="bbox 1428 2280 1580 2347">
    <p class='ocr_par' dir='ltr' id='par_1_6' title="bbox 1428 2280 1580 2383">
     <span class='ocr_line' id='line_1_14' title="bbox 1428 2280 1580 2347; baseline 0 0"><span class='ocrx_word' id='word_1_81' title='bbox 1428 2280 1580 2347; x_wconf 76' lang='lat'><strong>875.</strong></span> 
     </span>
    </p>
   </div>
   <div class='ocr_carea' id='block_1_7' title="bbox 360 2479 2628 2567">
    <p class='ocr_par' dir='ltr' id='par_1_7' title="bbox 360 2479 2628 2567">
     <span class='ocr_line' id='line_1_15' title="bbox 360 2479 2628 2567; baseline -0.001 -20"><span class='ocrx_word' id='word_1_82' title='bbox 360 2481 482 2547; x_wconf 87' lang='lat' dir='ltr'><strong>IV.</strong></span> <span class='ocrx_word' id='word_1_83' title='bbox 510 2481 744 2546; x_wconf 67' lang='lat' dir='ltr'><strong>Ldszld</strong></span> <span class='ocrx_word' id='word_1_84' title='bbox 774 2481 994 2562; x_wconf 77' lang='lat' dir='ltr'><strong>kircily</strong></span> <span class='ocrx_word' id='word_1_85' title='bbox 1025 2503 1066 2543; x_wconf 84' lang='lat' dir='ltr'><strong>a</strong></span> <span class='ocrx_word' id='word_1_86' title='bbox 1118 2480 1506 2567; x_wconf 62' lang='grc' dir='ltr'><strong>ηῃιὶῖεκίρειί</strong></span> <span class='ocrx_word' id='word_1_87' title='bbox 1557 2480 2014 2565; x_wconf 72' lang='lat' dir='ltr'><strong>apdczazdrda</strong></span> <span class='ocrx_word' id='word_1_88' title='bbox 2062 2481 2283 2567; x_wconf 74' lang='lat' dir='ltr'><strong>joqait</strong></span> <span class='ocrx_word' id='word_1_89' title='bbox 2316 2481 2377 2545; x_wconf 70' lang='lat'><strong>6³</strong></span> <span class='ocrx_word' id='word_1_90' title='bbox 2408 2479 2628 2544; x_wconf 83' lang='lat' dir='ltr'><strong>szaba-</strong></span> 
     </span>
    </p>
   </div>
   <div class='ocr_carea' id='block_1_8' title="bbox 361 2588 2621 2760">
    <p class='ocr_par' dir='ltr' id='par_1_8' title="bbox 361 2588 2621 2760">
     <span class='ocr_line' id='line_1_16' title="bbox 361 2588 2621 2674; baseline 0.001 -21"><span class='ocrx_word' id='word_1_91' title='bbox 361 2589 634 2655; x_wconf 79' lang='lat' dir='ltr'><strong>dalmait</strong></span> <span class='ocrx_word' id='word_1_92' title='bbox 664 2589 1138 2674; x_wconf 63' lang='lat' dir='ltr'><strong>meyerb&#39;st&#39;tvdn,</strong></span> <span class='ocrx_word' id='word_1_93' title='bbox 1173 2589 1462 2654; x_wconf 81' lang='lat' dir='ltr'><strong>azoknak</strong></span> <span class='ocrx_word' id='word_1_94' title='bbox 1512 2611 1728 2655; x_wconf 82' lang='lat' dir='ltr'><strong>szoros</strong></span> <span class='ocrx_word' id='word_1_95' title='bbox 1788 2592 2183 2673; x_wconf 74' lang='lat' dir='ltr'><strong>meytartdsa</strong></span> <span class='ocrx_word' id='word_1_96' title='bbox 2214 2590 2393 2653; x_wconf 78' lang='lat' dir='ltr'><strong>irdnt</strong></span> <span class='ocrx_word' id='word_1_97' title='bbox 2429 2588 2621 2656; x_wconf 62' lang='grc' dir='ltr'><strong>ἐπιέτ-</strong></span> 
     </span>
     <span class='ocr_line' id='line_1_17' title="bbox 1269 2696 1714 2760; baseline -0.004 0"><span class='ocrx_word' id='word_1_98' title='bbox 1269 2696 1479 2760; x_wconf 73' lang='lat' dir='ltr'><strong>kedik.</strong></span> <span class='ocrx_word' id='word_1_99' title='bbox 1518 2696 1714 2759; x_wconf 84' lang='lat'><em>1290.</em></span> 
     </span>
    </p>
   </div>
   <div class='ocr_carea' id='block_1_9' title="bbox 351 2889 2631 4601">
    <p class='ocr_par' dir='ltr' id='par_1_9' title="bbox 351 2889 2631 4601">
     <span class='ocr_line' id='line_1_18' title="bbox 578 2889 2628 2978; baseline 0 -19"><span class='ocrx_word' id='word_1_100' title='bbox 578 2892 937 2960; x_wconf 86' lang='lat' dir='ltr'><strong>Ladizlaus</strong></span> <span class='ocrx_word' id='word_1_101' title='bbox 1000 2893 1123 2958; x_wconf 89' lang='lat' dir='ltr'><strong>Dei</strong></span> <span class='ocrx_word' id='word_1_102' title='bbox 1175 2893 1401 2976; x_wconf 87' lang='lat' dir='ltr'><strong>gracia</strong></span> <span class='ocrx_word' id='word_1_103' title='bbox 1456 2891 1831 2978; x_wconf 84' lang='lat' dir='ltr'><strong>Hungarie,</strong></span> <span class='ocrx_word' id='word_1_104' title='bbox 1903 2890 2267 2978; x_wconf 86' lang='lat' dir='ltr'><strong>Dalmacie,</strong></span> <span class='ocrx_word' id='word_1_105' title='bbox 2337 2889 2628 2972; x_wconf 84' lang='lat' dir='ltr'><strong>Croacie,</strong></span> 
     </span>
     <span class='ocr_line' id='line_1_19' title="bbox 369 2998 2623 3088; baseline -0.002 -19"><span class='ocrx_word' id='word_1_106' title='bbox 369 3002 864 3088; x_wconf 86' lang='lat' dir='ltr'><strong>Rame,Seruie‚</strong></span> <span class='ocrx_word' id='word_1_107' title='bbox 889 3000 1614 3087; x_wconf 80' lang='lat' dir='ltr'><strong>Gallicie‚Lodomerie,</strong></span> <span class='ocrx_word' id='word_1_108' title='bbox 1656 2999 1973 3067; x_wconf 76' lang='lat' dir='ltr'><strong>Cumanis</strong></span> <span class='ocrx_word' id='word_1_109' title='bbox 2019 2998 2464 3084; x_wconf 84' lang='lat' dir='ltr'><strong>Bulgarieqne</strong></span> <span class='ocrx_word' id='word_1_110' title='bbox 2485 3002 2623 3065; x_wconf 86' lang='lat' dir='ltr'><strong>Rex</strong></span> 
     </span>
     <span class='ocr_line' id='line_1_20' title="bbox 357 3107 2616 3196; baseline -0.001 -20"><span class='ocrx_word' id='word_1_111' title='bbox 357 3111 656 3178; x_wconf 89' lang='lat' dir='ltr'><strong>omnibus</strong></span> <span class='ocrx_word' id='word_1_112' title='bbox 689 3110 927 3176; x_wconf 73' lang='lat' dir='ltr'><strong>Christi</strong></span> <span class='ocrx_word' id='word_1_113' title='bbox 958 3109 1256 3176; x_wconf 87' lang='lat' dir='ltr'><strong>fidelibus</strong></span> <span class='ocrx_word' id='word_1_114' title='bbox 1291 3117 1425 3176; x_wconf 87' lang='lat' dir='ltr'><strong>tam</strong></span> <span class='ocrx_word' id='word_1_115' title='bbox 1460 3108 1871 3196; x_wconf 85' lang='lat' dir='ltr'><strong>presentibus</strong></span> <span class='ocrx_word' id='word_1_116' title='bbox 1926 3127 2121 3191; x_wconf 87' lang='lat' dir='ltr'><strong>quam</strong></span> <span class='ocrx_word' id='word_1_117' title='bbox 2171 3107 2412 3174; x_wconf 87' lang='lat' dir='ltr'><strong>futuris</strong></span> <span class='ocrx_word' id='word_1_118' title='bbox 2469 3127 2616 3193; x_wconf 89' lang='lat' dir='ltr'><strong>pre·</strong></span> 
     </span>
     <span class='ocr_line' id='line_1_21' title="bbox 359 3214 2623 3303; baseline -0.003 -16"><span class='ocrx_word' id='word_1_119' title='bbox 359 3239 510 3287; x_wconf 87' lang='lat' dir='ltr'><strong>sens</strong></span> <span class='ocrx_word' id='word_1_120' title='bbox 542 3219 852 3303; x_wconf 85' lang='lat' dir='ltr'><strong>scriptum</strong></span> <span class='ocrx_word' id='word_1_121' title='bbox 889 3218 1280 3303; x_wconf 86' lang='lat' dir='ltr'><strong>inspecturis</strong></span> <span class='ocrx_word' id='word_1_122' title='bbox 1314 3218 1595 3287; x_wconf 88' lang='lat' dir='ltr'><strong>salutem</strong></span> <span class='ocrx_word' id='word_1_123' title='bbox 1628 3217 1696 3283; x_wconf 91' lang='lat' dir='ltr'><strong>in</strong></span> <span class='ocrx_word' id='word_1_124' title='bbox 1728 3215 2015 3284; x_wconf 91' lang='lat' dir='ltr'><strong>omnium</strong></span> <span class='ocrx_word' id='word_1_125' title='bbox 2065 3216 2416 3284; x_wconf 85' lang='lat' dir='ltr'><strong>saluatore.</strong></span> <span class='ocrx_word' id='word_1_126' title='bbox 2470 3214 2623 3280; x_wconf 87' lang='lat' dir='ltr'><strong>Sen-</strong></span> 
     </span>
     <span class='ocr_line' id='line_1_22' title="bbox 357 3323 2616 3411; baseline -0.002 -20"><span class='ocrx_word' id='word_1_127' title='bbox 357 3325 577 3393; x_wconf 84' lang='lat' dir='ltr'><strong>tencia</strong></span> <span class='ocrx_word' id='word_1_128' title='bbox 608 3327 930 3411; x_wconf 87' lang='lat' dir='ltr'><strong>Principis</strong></span> <span class='ocrx_word' id='word_1_129' title='bbox 964 3325 1031 3392; x_wconf 91' lang='lat' dir='ltr'><strong>in</strong></span> <span class='ocrx_word' id='word_1_130' title='bbox 1067 3333 1246 3392; x_wconf 90' lang='lat' dir='ltr'><strong>recta</strong></span> <span class='ocrx_word' id='word_1_131' title='bbox 1278 3326 1470 3394; x_wconf 85' lang='lat' dir='ltr'><strong>debet</strong></span> <span class='ocrx_word' id='word_1_132' title='bbox 1502 3331 1751 3392; x_wconf 87' lang='lat' dir='ltr'><strong>statera</strong></span> <span class='ocrx_word' id='word_1_133' title='bbox 1801 3325 2021 3408; x_wconf 87' lang='lat' dir='ltr'><strong>iudicij</strong></span> <span class='ocrx_word' id='word_1_134' title='bbox 2091 3323 2480 3410; x_wconf 86' lang='lat' dir='ltr'><strong>ponderari,</strong></span> <span class='ocrx_word' id='word_1_135' title='bbox 2545 3328 2616 3388; x_wconf 89' lang='lat' dir='ltr'><strong>ut</strong></span> 
     </span>
     <span class='ocr_line' id='line_1_23' title="bbox 356 3430 2616 3520; baseline -0.003 -18"><span class='ocrx_word' id='word_1_136' title='bbox 356 3442 581 3502; x_wconf 87' lang='lat' dir='ltr'><strong>contra</strong></span> <span class='ocrx_word' id='word_1_137' title='bbox 616 3434 940 3502; x_wconf 86' lang='lat' dir='ltr'><strong>iusticiam</strong></span> <span class='ocrx_word' id='word_1_138' title='bbox 975 3434 1140 3500; x_wconf 88' lang='lat' dir='ltr'><strong>nulli</strong></span> <span class='ocrx_word' id='word_1_139' title='bbox 1174 3439 1421 3520; x_wconf 86' lang='lat' dir='ltr'><strong>pareat,</strong></span> <span class='ocrx_word' id='word_1_140' title='bbox 1461 3433 1806 3518; x_wconf 85' lang='lat' dir='ltr'><strong>vnicuique</strong></span> <span class='ocrx_word' id='word_1_141' title='bbox 1841 3452 2144 3516; x_wconf 84' lang='lat' dir='ltr'><strong>possessa</strong></span> <span class='ocrx_word' id='word_1_142' title='bbox 2177 3430 2494 3514; x_wconf 88' lang='lat' dir='ltr'><strong>restituat,</strong></span> <span class='ocrx_word' id='word_1_143' title='bbox 2550 3437 2616 3497; x_wconf 87' lang='lat' dir='ltr'><strong>et</strong></span> 
     </span>
     <span class='ocr_line' id='line_1_24' title="bbox 355 3538 2610 3626; baseline -0.002 -18"><span class='ocrx_word' id='word_1_144' title='bbox 355 3543 656 3610; x_wconf 82' lang='lat' dir='ltr'><strong>restituta</strong></span> <span class='ocrx_word' id='word_1_145' title='bbox 705 3541 918 3610; x_wconf 84' lang='lat' dir='ltr'><strong>denne</strong></span> <span class='ocrx_word' id='word_1_146' title='bbox 980 3543 1432 3610; x_wconf 86' lang='lat' dir='ltr'><strong>renouacionis</strong></span> <span class='ocrx_word' id='word_1_147' title='bbox 1497 3542 1792 3608; x_wconf 88' lang='lat' dir='ltr'><strong>stabiliat</strong></span> <span class='ocrx_word' id='word_1_148' title='bbox 1856 3540 2202 3626; x_wconf 86' lang='lat' dir='ltr'><strong>priuilegio</strong></span> <span class='ocrx_word' id='word_1_149' title='bbox 2269 3538 2610 3605; x_wconf 79' lang='lat' dir='ltr'><strong>firmitatis,</strong></span> 
     </span>
     <span class='ocr_line' id='line_1_25' title="bbox 354 3647 2613 3731; baseline -0 -17"><span class='ocrx_word' id='word_1_150' title='bbox 354 3649 638 3716; x_wconf 87' lang='lat' dir='ltr'><strong>Proinde</strong></span> <span class='ocrx_word' id='word_1_151' title='bbox 672 3648 758 3714; x_wconf 85' lang='lat' dir='ltr'><strong>ad</strong></span> <span class='ocrx_word' id='word_1_152' title='bbox 794 3649 1238 3715; x_wconf 80' lang='lat' dir='ltr'><strong>vniuersorum</strong></span> <span class='ocrx_word' id='word_1_153' title='bbox 1273 3649 1586 3715; x_wconf 81' lang='lat' dir='ltr'><strong>noticiam</strong></span> <span class='ocrx_word' id='word_1_154' title='bbox 1619 3647 1850 3714; x_wconf 86' lang='lat' dir='ltr'><strong>harum</strong></span> <span class='ocrx_word' id='word_1_155' title='bbox 1900 3647 2072 3714; x_wconf 82' lang='lat' dir='ltr'><strong>serie</strong></span> <span class='ocrx_word' id='word_1_156' title='bbox 2122 3648 2420 3714; x_wconf 85' lang='lat' dir='ltr'><strong>volumus</strong></span> <span class='ocrx_word' id='word_1_157' title='bbox 2472 3666 2613 3731; x_wconf 86' lang='lat' dir='ltr'><strong>per·</strong></span> 
     </span>
     <span class='ocr_line' id='line_1_26' title="bbox 357 3754 2620 3843; baseline -0.002 -20"><span class='ocrx_word' id='word_1_158' title='bbox 357 3758 601 3842; x_wconf 87' lang='lat' dir='ltr'><strong>uenire,</strong></span> <span class='ocrx_word' id='word_1_159' title='bbox 637 3756 810 3839; x_wconf 87' lang='lat' dir='ltr'><strong>quod</strong></span> <span class='ocrx_word' id='word_1_160' title='bbox 842 3756 959 3823; x_wconf 87' lang='lat' dir='ltr'><strong>viri</strong></span> <span class='ocrx_word' id='word_1_161' title='bbox 991 3758 1129 3824; x_wconf 89' lang='lat' dir='ltr'><strong>Dco</strong></span> <span class='ocrx_word' id='word_1_162' title='bbox 1165 3756 1386 3823; x_wconf 88' lang='lat' dir='ltr'><strong>deuoti</strong></span> <span class='ocrx_word' id='word_1_163' title='bbox 1419 3755 1651 3823; x_wconf 88' lang='lat' dir='ltr'><strong>fratres</strong></span> <span class='ocrx_word' id='word_1_164' title='bbox 1685 3756 2161 3843; x_wconf 87' lang='lat' dir='ltr'><strong>Predicatores,</strong></span> <span class='ocrx_word' id='word_1_165' title='bbox 2194 3755 2457 3825; x_wconf 89' lang='lat' dir='ltr'><strong>nomine</strong></span> <span class='ocrx_word' id='word_1_166' title='bbox 2511 3754 2620 3820; x_wconf 91' lang='lat' dir='ltr'><strong>do-</strong></span> 
     </span>
     <span class='ocr_line' id='line_1_27' title="bbox 353 3861 2624 3951; baseline -0 -21"><span class='ocrx_word' id='word_1_167' title='bbox 353 3864 528 3930; x_wconf 90' lang='lat' dir='ltr'><strong>mine</strong></span> <span class='ocrx_word' id='word_1_168' title='bbox 593 3866 964 3948; x_wconf 84' lang='lat' dir='ltr'><strong>Margarete</strong></span> <span class='ocrx_word' id='word_1_169' title='bbox 997 3865 1236 3932; x_wconf 85' lang='lat' dir='ltr'><strong>sororis</strong></span> <span class='ocrx_word' id='word_1_170' title='bbox 1298 3870 1512 3932; x_wconf 82' lang='lat' dir='ltr'><strong>nostre</strong></span> <span class='ocrx_word' id='word_1_171' title='bbox 1574 3864 1960 3950; x_wconf 85' lang='lat' dir='ltr'><strong>karissime,</strong></span> <span class='ocrx_word' id='word_1_172' title='bbox 1995 3864 2132 3931; x_wconf 87' lang='lat' dir='ltr'><strong>filia</strong></span> <span class='ocrx_word' id='word_1_173' title='bbox 2195 3861 2367 3951; x_wconf 81' lang='lat' dir='ltr'><strong>(igy)</strong></span> <span class='ocrx_word' id='word_1_174' title='bbox 2434 3864 2624 3929; x_wconf 88' lang='lat' dir='ltr'><strong>Anne</strong></span> 
     </span>
     <span class='ocr_line' id='line_1_28' title="bbox 353 3972 2629 4053; baseline -0.001 -15"><span class='ocrx_word' id='word_1_175' title='bbox 353 3972 653 4053; x_wconf 86' lang='lat' dir='ltr'><strong>Ducisse,</strong></span> <span class='ocrx_word' id='word_1_176' title='bbox 716 3993 793 4040; x_wconf 86' lang='lat' dir='ltr'><strong>ac</strong></span> <span class='ocrx_word' id='word_1_177' title='bbox 855 3973 1170 4039; x_wconf 87' lang='lat' dir='ltr'><strong>nobilium</strong></span> <span class='ocrx_word' id='word_1_178' title='bbox 1237 3972 1649 4040; x_wconf 86' lang='lat' dir='ltr'><strong>dominarum</strong></span> <span class='ocrx_word' id='word_1_179' title='bbox 1732 3993 1844 4039; x_wconf 87' lang='lat' dir='ltr'><strong>seu</strong></span> <span class='ocrx_word' id='word_1_180' title='bbox 1908 3993 2205 4040; x_wconf 88' lang='lat' dir='ltr'><strong>sororum</strong></span> <span class='ocrx_word' id='word_1_181' title='bbox 2272 3973 2354 4039; x_wconf 87' lang='lat' dir='ltr'><strong>de</strong></span> <span class='ocrx_word' id='word_1_182' title='bbox 2404 3972 2629 4040; x_wconf 83' lang='lat' dir='ltr'><strong>Insula</strong></span> 
     </span>
     <span class='ocr_line' id='line_1_29' title="bbox 362 4080 2627 4168; baseline 0 -22"><span class='ocrx_word' id='word_1_183' title='bbox 362 4081 602 4147; x_wconf 85' lang='lat' dir='ltr'><strong>Sancte</strong></span> <span class='ocrx_word' id='word_1_184' title='bbox 666 4081 871 4146; x_wconf 86' lang='lat' dir='ltr'><strong>Marie</strong></span> <span class='ocrx_word' id='word_1_185' title='bbox 939 4081 1232 4165; x_wconf 84' lang='lat' dir='ltr'><strong>Virginis</strong></span> <span class='ocrx_word' id='word_1_186' title='bbox 1294 4103 1493 4168; x_wconf 89' lang='lat' dir='ltr'><strong>prope</strong></span> <span class='ocrx_word' id='word_1_187' title='bbox 1556 4081 1808 4148; x_wconf 86' lang='lat' dir='ltr'><strong>Budam</strong></span> <span class='ocrx_word' id='word_1_188' title='bbox 1831 4132 1849 4167; x_wconf 90' lang='lat'><em>,</em></span> <span class='ocrx_word' id='word_1_189' title='bbox 1932 4080 2019 4146; x_wconf 85' lang='lat' dir='ltr'><strong>ad</strong></span> <span class='ocrx_word' id='word_1_190' title='bbox 2080 4088 2367 4148; x_wconf 86' lang='lat' dir='ltr'><strong>nostram</strong></span> <span class='ocrx_word' id='word_1_191' title='bbox 2451 4100 2627 4147; x_wconf 87' lang='lat' dir='ltr'><strong>acce-</strong></span> 
     </span>
     <span class='ocr_line' id='line_1_30' title="bbox 357 4187 2631 4274; baseline 0 -19"><span class='ocrx_word' id='word_1_192' title='bbox 357 4187 573 4255; x_wconf 84' lang='lat' dir='ltr'><strong>dendo</strong></span> <span class='ocrx_word' id='word_1_193' title='bbox 626 4189 1039 4273; x_wconf 84' lang='lat' dir='ltr'><strong>presenciam</strong></span> <span class='ocrx_word' id='word_1_194' title='bbox 1110 4196 1327 4259; x_wconf 88' lang='lat' dir='ltr'><strong>nostre</strong></span> <span class='ocrx_word' id='word_1_195' title='bbox 1381 4188 1771 4259; x_wconf 76' lang='lat' dir='ltr'><strong>celsitudini</strong></span> <span class='ocrx_word' id='word_1_196' title='bbox 1827 4189 2127 4257; x_wconf 79' lang='lat' dir='ltr'><strong>doloroso</strong></span> <span class='ocrx_word' id='word_1_197' title='bbox 2178 4187 2631 4274; x_wconf 87' lang='lat' dir='ltr'><strong>conquerendo</strong></span> 
     </span>
     <span class='ocr_line' id='line_1_31' title="bbox 354 4294 2627 4383; baseline 0 -21"><span class='ocrx_word' id='word_1_198' title='bbox 354 4315 684 4381; x_wconf 85' lang='lat' dir='ltr'><strong>exponere</strong></span> <span class='ocrx_word' id='word_1_199' title='bbox 715 4302 1128 4376; x_wconf 66' lang='lat' dir='ltr'><strong>caramerum,</strong></span> <span class='ocrx_word' id='word_1_200' title='bbox 1165 4298 1340 4382; x_wconf 88' lang='lat' dir='ltr'><strong>quod</strong></span> <span class='ocrx_word' id='word_1_201' title='bbox 1395 4299 1772 4383; x_wconf 86' lang='lat' dir='ltr'><strong>Prepositus</strong></span> <span class='ocrx_word' id='word_1_202' title='bbox 1837 4303 1902 4364; x_wconf 87' lang='lat' dir='ltr'><strong>et</strong></span> <span class='ocrx_word' id='word_1_203' title='bbox 1955 4294 2269 4364; x_wconf 83' lang='lat' dir='ltr'><strong>Canonici</strong></span> <span class='ocrx_word' id='word_1_204' title='bbox 2322 4296 2627 4363; x_wconf 88' lang='lat' dir='ltr'><strong>Ecclesie</strong></span> 
     </span>
     <span class='ocr_line' id='line_1_32' title="bbox 353 4401 2624 4492; baseline 0 -22"><span class='ocrx_word' id='word_1_205' title='bbox 353 4404 585 4470; x_wconf 88' lang='lat' dir='ltr'><strong>Sancti</strong></span> <span class='ocrx_word' id='word_1_206' title='bbox 617 4402 864 4469; x_wconf 88' lang='lat' dir='ltr'><strong>Thome</strong></span> <span class='ocrx_word' id='word_1_207' title='bbox 919 4405 1206 4472; x_wconf 83' lang='lat' dir='ltr'><strong>martiris</strong></span> <span class='ocrx_word' id='word_1_208' title='bbox 1233 4405 1313 4472; x_wconf 85' lang='lat' dir='ltr'><strong>de</strong></span> <span class='ocrx_word' id='word_1_209' title='bbox 1366 4406 1809 4492; x_wconf 88' lang='lat' dir='ltr'><strong>promontorio</strong></span> <span class='ocrx_word' id='word_1_210' title='bbox 1861 4403 2300 4487; x_wconf 77' lang='lat' dir='ltr'><strong>strigoniensi</strong></span> <span class='ocrx_word' id='word_1_211' title='bbox 2354 4401 2624 4470; x_wconf 87' lang='lat' dir='ltr'><strong>easdem</strong></span> 
     </span>
     <span class='ocr_line' id='line_1_33' title="bbox 351 4509 2621 4601; baseline 0.001 -24"><span class='ocrx_word' id='word_1_212' title='bbox 351 4509 654 4579; x_wconf 88' lang='lat' dir='ltr'><strong>dominas</strong></span> <span class='ocrx_word' id='word_1_213' title='bbox 687 4530 801 4579; x_wconf 84' lang='lat' dir='ltr'><strong>seu</strong></span> <span class='ocrx_word' id='word_1_214' title='bbox 854 4532 1117 4582; x_wconf 82' lang='lat' dir='ltr'><strong>sorores</strong></span> <span class='ocrx_word' id='word_1_215' title='bbox 1177 4534 1371 4601; x_wconf 77' lang='lat' dir='ltr'><strong>super</strong></span> <span class='ocrx_word' id='word_1_216' title='bbox 1436 4513 1788 4583; x_wconf 80' lang='lat' dir='ltr'><strong>medietate</strong></span> <span class='ocrx_word' id='word_1_217' title='bbox 1822 4511 2044 4583; x_wconf 85' lang='lat' dir='ltr'><strong>tributi</strong></span> <span class='ocrx_word' id='word_1_218' title='bbox 2094 4512 2219 4582; x_wconf 86' lang='lat' dir='ltr'><strong>fori</strong></span> <span class='ocrx_word' id='word_1_219' title='bbox 2268 4512 2621 4584; x_wconf 77' lang='lat' dir='ltr'><strong>Pestiensis</strong></span> 
     </span>
    </p>
   </div>
  </div>
 </body>
</html>
