3319 5249
1814 276 1948 351 546

750 478 1069 545 dictarum
1101 478 1604 565 promissionum
1637 488 1705 548 et
1754 482 2236 567 obligacionum
2287 498 2507 547 eorum
2557 477 2880 565 precibus,
2936 480 3009 542 et

752 585 1057 654 mandato
1090 587 1158 652 in
1189 588 1503 673 predictis
1538 590 2033 675 quantitatibus,
2068 594 2257 674 prout
2287 607 2486 673 supra
2521 586 2854 671 scriptum.
2886 592 3015 666 est,

750 715 867 780 per
896 694 1224 779 predictos
1256 695 1693 785 fideiussores,
1728 717 1858 764 non
1890 696 2045 783 iure,
2079 705 2143 763 et
2179 695 2480 762 omnibus
2511 693 2729 777 legum
2776 698 2844 758 et
2899 690 3018 758 de-

751 808 1073 867 cretorum
1121 801 1386 880 auxiliis
1419 805 1654 885 quibus
1711 824 1782 871 se
1836 806 2002 871 tueri
2038 802 2142 870 vel
2174 800 2527 870 defendere
2559 797 2754 867 modo
2784 800 3020 883 aliquo

750 916 1035 995 possent.
1092 909 1341 976 Idcirco
1393 909 1552 977 dicti
1585 913 1835 998 Petrus,
1867 913 2098 995 Lucas,
2148 912 2428 997 Zannes,
2463 907 2916 976 Martinossius
2951 913 3025 971 et

750 1017 1159 1101 Margaretus
1188 1016 1509 1103 solempni
1558 1018 1995 1105 stipulacione
2043 1017 2485 1104 promiserunt
2533 1016 2797 1082 domino
2846 1015 3021 1079 Teo·

754 1121 938 1189 dosio
970 1123 1307 1209 stipulanti
1343 1132 1407 1190 et
1477 1125 1814 1210 recipienti
1843 1133 1978 1192 tam
2009 1146 2128 1210 pro
2161 1145 2256 1212 se,
2330 1144 2525 1207 quam
2559 1144 2674 1210 pro
2705 1122 3012 1189 omnibus

757 1235 822 1297 et
881 1231 1159 1314 singulis
1223 1230 1713 1301 fideiussoribus
1775 1233 2190 1319 supradictis,
2291 1233 2470 1318 ipsos
2538 1240 2602 1299 et
2663 1229 3025 1315 quemlibet

756 1357 976 1405 eorum
1011 1340 1503 1427 omnitempore
1554 1363 1596 1409 a
1645 1343 1839 1410 dictis
1889 1342 2444 1427 promissionibus,
2477 1338 3012 1408 fideiussionibus

756 1452 824 1512 et
854 1445 1396 1533 obligacionibus‚
1446 1457 1511 1516 et
1537 1452 1622 1517 ab
1654 1452 1955 1517 omnibus
1989 1457 2054 1517 et
2086 1449 2364 1534 singulis
2399 1447 2718 1534 dampnis»,
2770 1465 3017 1532 expen-

753 1552 847 1619 sis
882 1562 945 1619 et
975 1554 1315 1643 interesse,
1349 1564 1413 1621 et
1446 1577 1671 1624 eorum
1703 1565 1768 1624 et
1799 1557 2145 1625 cuiuslibet
2176 1576 2399 1622 eorum
2434 1555 2706 1621 heredes
2758 1573 3020 1619 conser-

758 1681 915 1729 uare
966 1661 1387 1748 indempnes;
1438 1665 1806 1750 obligantes
1861 1685 1930 1732 se
1982 1665 2411 1751 personaliter
2462 1671 2527 1729 et
2573 1663 2795 1729 omnia
2842 1662 3026 1726 bona

757 1788 877 1835 sua
895 1772 1234 1855 presencia
1254 1780 1317 1839 et
1339 1773 1582 1860 futura,
1604 1794 1720 1859 pro
1742 1775 2205 1842 obseruacione
2225 1772 2506 1840 omnium
2532 1777 2595 1838 et
2613 1771 3026 1853 singulorum

754 1876 1192 1971 predictorum
1227 1878 1487 1947 domiuo
1520 1881 1888 1948 Theodosio
1919 1880 2257 1968 stipulanti
2307 1879 2567 1946 nomine
2621 1898 2759 1963 suo,
2787 1885 2853 1944 et
2901 1895 3019 1941 no-

758 1984 930 2051 mine
979 1985 1260 2053 omnium
1314 1992 1377 2052 et
1428 1988 1830 2072 singulorum
1880 1988 2311 2074 predictorum
2362 1986 2825 2054 fideiussorum.
2873 1981 3027 2058 Que

757 2090 975 2158 omnia
1005 2093 1426 2176 singulariter
1487 2096 1750 2181 singula
1800 2103 1866 2162 et
1912 2097 2378 2164 vniuersaliter
2432 2094 2735 2162 vniuersa
2783 2090 3027 2177 promi-

756 2207 980 2265 serunt
1008 2200 1165 2267 dicti
1198 2202 1441 2287 Petrus,
1478 2203 1712 2285 Lucas,
1742 2205 2019 2292 Zannes,
2038 2201 2491 2272 Martiuossius
2513 2207 2579 2268 et
2596 2202 3015 2284 Margaretus

750 2306 1183 2392 stipulacione
1214 2310 1533 2397 solempni
1567 2310 1745 2379 dicto
1775 2311 2144 2379 Theodosio
2197 2308 2542 2395 stipulanti
2574 2316 2638 2376 et
2668 2304 3017 2392 recipienti

767 2416 1028 2482 nomine
1059 2437 1196 2503 suo,
1252 2424 1316 2485 et
1363 2419 1628 2487 nomine
1680 2420 1963 2487 omnium
2016 2427 2080 2486 et
2130 2418 2532 2508 singulorum
2582 2414 3025 2503 predictorum

756 2519 1218 2607 fideiussorum,
1248 2532 1394 2593 rata
1426 2534 1491 2593 et
1519 2528 1706 2595 firma
1738 2526 1980 2596 habere
2010 2532 2076 2593 et
2125 2533 2370 2610 tenere,
2403 2524 2745 2593 attendere
2793 2529 2858 2590 et
2906 2523 3025 2588 ob-

756 2650 1035 2716 seruare,
1070 2638 1138 2698 et
1171 2652 1297 2700 uon
1349 2638 1823 2724 contrauersim,
1878 2644 1944 2704 et
1993 2636 2234 2704 damna
2266 2643 2331 2703 et
2380 2654 2701 2722 expensas
2749 2632 3025 2701 reficere

767 2736 1118 2827 indebitas,
1155 2747 1219 2806 et
1251 2749 1452 2827 extra,
1488 2744 1609 2811 sub
1641 2764 1814 2830 pena
1847 2753 1912 2812 et
1942 2745 2351 2828 obligacione
2411 2743 2696 2810 omnium
2754 2758 3027 2807 suorum

759 2845 1074 2913 bonorum
1109 2852 1510 2932 presencium
1546 2859 1611 2917 et
1643 2852 2022 2941 futurorum,
2056 2858 2122 2919 et
2151 2873 2268 2938 pro
2301 2858 2451 2918 rata
2510 2869 2735 2919 eorum
2785 2855 2852 2914 et
2901 2866 3022 2913 eu-

761 2952 1024 3020 iuslibet
1052 2976 1312 3023 eorum:
1347 2956 1580 3027 dantes
1622 2967 1687 3027 et
1713 2958 2136 3028 concedentes
2168 2960 2376 3026 eciam
2405 2955 2773 3026 Theodosio
2810 2955 3024 3041 stipu-

759 3061 923 3127 lanti
957 3082 1076 3129 suo
1109 3066 1367 3134 nomine
1398 3074 1462 3133 et
1495 3066 1757 3133 nomine
1789 3067 2229 3154 predictorum
2280 3064 2752 3152 fideiussorum,
2805 3070 3013 3145 atque

757 3168 1070 3259 volentes,
1104 3172 1275 3254 quod
1305 3175 1362 3242 si
1395 3194 1510 3259 per
1541 3195 1652 3243 eos
1685 3177 1791 3244 vel
1823 3174 2107 3259 aliquem
2138 3174 2422 3259 ipsorum
2453 3172 2656 3240 fuerit
2685 3173 2751 3239 in
2784 3170 3017 3254 aliquo

756 3276 1219 3345 contrafactum
1241 3331 1263 3367 ,
1310 3281 1664 3367 licentiam,
1714 3281 2096 3367 libertatem,
2158 3282 2450 3369 bayliam
2504 3288 2570 3348 et
2619 3285 3015 3365 potestatem

757 3383 1143 3452 auctoritate
1160 3387 1445 3476 propria,
1468 3388 1789 3476 capitulis,
1806 3389 2086 3477 statutis,
2107 3386 2570 3456 ordinamentis
2610 3406 2726 3453 seu
2746 3404 3020 3453 cousue-

756 3487 1091 3558 tudinibus
1123 3492 1402 3561 alicuius
1453 3495 1776 3583 Ciuitatis,
1831 3495 2050 3563 Castri
2101 3495 2206 3562 vel
2236 3495 2361 3561 loci
2393 3515 2527 3562 non
2571 3495 3010 3578 obstantibus,

757 3599 934 3684 ipsos
966 3602 1399 3685 personaliter
1431 3604 1756 3691 capiendi,
1788 3603 2072 3671 ducendi
2103 3610 2167 3669 et
2197 3601 2569 3687 detinendi3
2623 3621 2703 3668 ac
2756 3620 3022 3686 posses-

761 3705 1008 3773 sionem
1044 3716 1108 3774 et
1139 3714 1426 3775 tenutam
1462 3709 1778 3777 dictorum
1811 3710 2122 3777 bonorum
2147 3707 2454 3794 intrandi,
2505 3705 2848 3790 vendendi,
2903 3706 3014 3772 vel

756 3812 936 3897 apud
965 3833 1036 3880 se
1067 3813 1237 3881 iusto
1260 3816 1474 3901 precio
1496 3816 1855 3902 detinendi,
1880 3816 2088 3884 donec
2121 3816 2215 3882 eis
2241 3824 2304 3883 et
2324 3815 2592 3882 cuilibet
2613 3834 2832 3883 eorum
2852 3811 3010 3880 fide·

757 3920 1079 3987 iussorum
1101 3928 1168 3989 et
1186 3941 1447 3990 suorum
1469 3924 1780 3992 heredum
1803 3925 1885 3992 de
1903 3926 2210 4012 pretactis
2243 3923 2715 4008 quantitatibus
2741 3927 2807 3991 et
2827 3922 3016 3989 dam-

768 4028 941 4114 pnis,
963 4029 1284 4116 expensis,
1307 4039 1372 4097 et
1394 4031 1729 4120 interesse,
1752 4031 1949 4099 fuerit
1969 4033 2261 4099 totaliter
2278 4031 2690 4098 satisfactum
2713 4054 2730 4116 3
2782 4028 3029 4113 quibus

762 4135 1087 4224 capitulis,
1122 4138 1406 4224 statutis,
1440 4139 1908 4209 ordinamentis
1942 4148 2007 4209 et
2044 4139 2623 4210 consuetudinibus
2650 4144 2882 4225 sponte
2951 4142 3023 4202 et

756 4262 1061 4330 expresse
1092 4249 1591 4334 renunciarunt3
1626 4255 1693 4314 et
1721 4269 1894 4334 pena
1925 4250 2140 4317 soluta
2199 4248 2304 4315 vel
2335 4267 2484 4335 non,
2538 4246 2697 4313 ratis
2745 4264 3012 4312 maneu-

755 4350 929 4420 tibus
957 4352 1254 4421 omnibus
1287 4362 1351 4421 et
1380 4355 1657 4442 singulis
1688 4356 2101 4443 supradictis.

1249 4497 1495 4566 (Lucius,
1518 4503 1777 4555 Memorio
1801 4502 2034 4557 storicbe
2058 4501 2116 4556 di
2140 4503 2285 4558 Trnu
2315 4501 2434 4556 120.
2463 4499 2526 4576 1.)
