<?xml version="1.0" encoding="UTF-8"?>
<!DOCTYPE html PUBLIC "-//W3C//DTD XHTML 1.0 Transitional//EN"
    "http://www.w3.org/TR/xhtml1/DTD/xhtml1-transitional.dtd">
<html xmlns="http://www.w3.org/1999/xhtml" xml:lang="en" lang="en">
 <head>
  <title>
</title>
<meta http-equiv="Content-Type" content="text/html;charset=utf-8" />
  <meta name='ocr-system' content='tesseract 3.04.00' />
  <meta name='ocr-capabilities' content='ocr_page ocr_carea ocr_par ocr_line ocrx_word'/>
</head>
<body>
  <div class='ocr_page' id='page_1' title='image "./rpdkorijokmnytr00wenzgoog_0522.png"; bbox 0 0 3319 5249; ppageno 0'>
   <div class='ocr_carea' id='block_1_1' title="bbox 1716 314 1848 384">
    <p class='ocr_par' dir='ltr' id='par_1_1' title="bbox 1716 314 1848 384">
     <span class='ocr_line' id='line_1_1' title="bbox 1716 314 1848 384; baseline 0.023 -3"><span class='ocrx_word' id='word_1_1' title='bbox 1716 314 1848 384; x_wconf 84' lang='lat'>446</span> 
     </span>
    </p>
   </div>
   <div class='ocr_carea' id='block_1_2' title="bbox 1601 406 1916 417">
    <p class='ocr_par' dir='ltr' id='par_1_2' title="bbox 1601 406 1916 417">
     <span class='ocr_line' id='line_1_2' title="bbox 1601 406 1916 417; baseline 0 4832"><span class='ocrx_word' id='word_1_2' title='bbox 1601 406 1916 417; x_wconf 95' lang='lat' dir='ltr'> </span> 
     </span>
    </p>
   </div>
   <div class='ocr_carea' id='block_1_3' title="bbox 624 506 2892 813">
    <p class='ocr_par' dir='ltr' id='par_1_3' title="bbox 624 506 2892 813">
     <span class='ocr_line' id='line_1_3' title="bbox 634 506 2892 598; baseline -0 -17"><span class='ocrx_word' id='word_1_3' title='bbox 634 510 835 581; x_wconf 80' lang='lat' dir='ltr'><strong>cedas</strong></span> <span class='ocrx_word' id='word_1_4' title='bbox 886 511 1071 580; x_wconf 83' lang='lat' dir='ltr'>iuxta</span> <span class='ocrx_word' id='word_1_5' title='bbox 1122 506 1557 597; x_wconf 88' lang='lat' dir='ltr'>predictarum</span> <span class='ocrx_word' id='word_1_6' title='bbox 1624 510 1916 579; x_wconf 89' lang='lat' dir='ltr'>eiusdem</span> <span class='ocrx_word' id='word_1_7' title='bbox 1956 512 2436 598; x_wconf 80' lang='lat' dir='ltr'>predecessoris</span> <span class='ocrx_word' id='word_1_8' title='bbox 2489 513 2690 582; x_wconf 83' lang='lat' dir='ltr'>nostri</span> <span class='ocrx_word' id='word_1_9' title='bbox 2744 534 2892 580; x_wconf 87' lang='lat' dir='ltr'>con·</span> 
     </span>
     <span class='ocr_line' id='line_1_4' title="bbox 624 619 2882 703; baseline 0 -19"><span class='ocrx_word' id='word_1_10' title='bbox 624 621 963 688; x_wconf 89' lang='lat' dir='ltr'>tinentiam</span> <span class='ocrx_word' id='word_1_11' title='bbox 1012 620 1395 686; x_wconf 88' lang='lat' dir='ltr'>litterarum.</span> <span class='ocrx_word' id='word_1_12' title='bbox 1447 620 1689 685; x_wconf 89' lang='lat' dir='ltr'>Datum</span> <span class='ocrx_word' id='word_1_13' title='bbox 1720 620 1926 686; x_wconf 89' lang='lat' dir='ltr'>Rome</span> <span class='ocrx_word' id='word_1_14' title='bbox 1989 620 2164 703; x_wconf 86' lang='lat' dir='ltr'>apud</span> <span class='ocrx_word' id='word_1_15' title='bbox 2197 619 2502 687; x_wconf 80' lang='lat' dir='ltr'><strong>Sanctam</strong></span> <span class='ocrx_word' id='word_1_16' title='bbox 2566 620 2882 687; x_wconf 83' lang='lat' dir='ltr'><strong>Sabinam</strong></span> 
     </span>
     <span class='ocr_line' id='line_1_5' title="bbox 625 727 2330 813; baseline 0 -20"><span class='ocrx_word' id='word_1_17' title='bbox 625 728 700 793; x_wconf 88' lang='lat' dir='ltr'>V.</span> <span class='ocrx_word' id='word_1_18' title='bbox 736 727 885 795; x_wconf 87' lang='lat' dir='ltr'>idus</span> <span class='ocrx_word' id='word_1_19' title='bbox 914 728 1132 794; x_wconf 86' lang='lat' dir='ltr'>Martii</span> <span class='ocrx_word' id='word_1_20' title='bbox 1167 727 1589 795; x_wconf 85' lang='lat' dir='ltr'>Pontificatus</span> <span class='ocrx_word' id='word_1_21' title='bbox 1623 735 1844 794; x_wconf 87' lang='lat' dir='ltr'>nostre</span> <span class='ocrx_word' id='word_1_22' title='bbox 1890 747 2067 793; x_wconf 89' lang='lat' dir='ltr'>anno</span> <span class='ocrx_word' id='word_1_23' title='bbox 2103 727 2330 813; x_wconf 91' lang='lat' dir='ltr'>primo.</span> 
     </span>
    </p>
   </div>
   <div class='ocr_carea' id='block_1_4' title="bbox 630 909 2886 1082">
    <p class='ocr_par' dir='ltr' id='par_1_4' title="bbox 630 909 2886 1082">
     <span class='ocr_line' id='line_1_6' title="bbox 630 909 2886 992; baseline -0 -16"><span class='ocrx_word' id='word_1_24' title='bbox 630 927 887 990; x_wconf 84' lang='lat' dir='ltr'>(Theiner</span> <span class='ocrx_word' id='word_1_25' title='bbox 911 909 1167 992; x_wconf 58' lang='lat' dir='ltr'>Agostom</span> <span class='ocrx_word' id='word_1_26' title='bbox 1194 927 1392 978; x_wconf 80' lang='lat' dir='ltr'>Vetera</span> <span class='ocrx_word' id='word_1_27' title='bbox 1415 928 1771 978; x_wconf 70' lang='lat' dir='ltr'>monumenta</span> <span class='ocrx_word' id='word_1_28' title='bbox 1796 927 2080 979; x_wconf 81' lang='lat' dir='ltr'>Slavorum</span> <span class='ocrx_word' id='word_1_29' title='bbox 2135 926 2579 978; x_wconf 72' lang='lat' dir='ltr'>Meriffionalium</span> <span class='ocrx_word' id='word_1_30' title='bbox 2606 926 2886 977; x_wconf 80' lang='lat' dir='ltr'>historiam</span> 
     </span>
     <span class='ocr_line' id='line_1_7' title="bbox 1346 1015 2150 1082; baseline 0.001 -17"><span class='ocrx_word' id='word_1_31' title='bbox 1346 1016 1683 1067; x_wconf 75' lang='lat' dir='ltr'>illustrantia</span> <span class='ocrx_word' id='word_1_32' title='bbox 1721 1016 1766 1065; x_wconf 91' lang='lat'>1.</span> <span class='ocrx_word' id='word_1_33' title='bbox 1787 1016 1899 1066; x_wconf 66' lang='lat' dir='ltr'>kot.</span> <span class='ocrx_word' id='word_1_34' title='bbox 1944 1015 2061 1065; x_wconf 88' lang='grc'><strong>103.</strong></span> <span class='ocrx_word' id='word_1_35' title='bbox 2090 1016 2150 1082; x_wconf 91' lang='grc'>1.)</span> 
     </span>
    </p>
   </div>
   <div class='ocr_carea' id='block_1_5' title="bbox 1538 1303 1964 1311">
    <p class='ocr_par' dir='ltr' id='par_1_5' title="bbox 1538 1303 1964 1311">
     <span class='ocr_line' id='line_1_8' title="bbox 1538 1303 1964 1311; baseline 0.002 -2"><span class='ocrx_word' id='word_1_36' title='bbox 1538 1303 1964 1311; x_wconf 43' lang='lat'>*⁴*-</span> 
     </span>
    </p>
   </div>
   <div class='ocr_carea' id='block_1_6' title="bbox 1682 1734 1830 1802">
    <p class='ocr_par' dir='ltr' id='par_1_6' title="bbox 1682 1734 1830 1802">
     <span class='ocr_line' id='line_1_9' title="bbox 1682 1734 1830 1802; baseline -0.014 0"><span class='ocrx_word' id='word_1_37' title='bbox 1682 1734 1830 1802; x_wconf 82' lang='lat'><strong>318.</strong></span> 
     </span>
    </p>
   </div>
   <div class='ocr_carea' id='block_1_7' title="bbox 624 1929 2879 2017">
    <p class='ocr_par' dir='ltr' id='par_1_7' title="bbox 624 1929 2879 2017">
     <span class='ocr_line' id='line_1_10' title="bbox 624 1929 2879 2017; baseline -0 -21"><span class='ocrx_word' id='word_1_38' title='bbox 624 1933 932 1997; x_wconf 78' lang='lat' dir='ltr'>Lodome&#39;r</span> <span class='ocrx_word' id='word_1_39' title='bbox 961 1932 1333 2017; x_wconf 68' lang='lat' dir='ltr'>fszteryami</span> <span class='ocrx_word' id='word_1_40' title='bbox 1358 1933 1531 1996; x_wconf 63' lang='lat' dir='ltr'>draek</span> <span class='ocrx_word' id='word_1_41' title='bbox 1560 1957 1602 1995; x_wconf 85' lang='lat' dir='ltr'>a</span> <span class='ocrx_word' id='word_1_42' title='bbox 1650 1929 1902 1997; x_wconf 82' lang='lat' dir='ltr'>Vancsa</span> <span class='ocrx_word' id='word_1_43' title='bbox 1940 1934 2115 1998; x_wconf 62' lang='lat' dir='ltr'>drsek</span> <span class='ocrx_word' id='word_1_44' title='bbox 2164 1935 2329 1999; x_wconf 69' lang='lat' dir='ltr'>catal</span> <span class='ocrx_word' id='word_1_45' title='bbox 2364 1956 2444 1995; x_wconf 82' lang='lat' dir='ltr'>az</span> <span class='ocrx_word' id='word_1_46' title='bbox 2497 1934 2879 2016; x_wconf 68' lang='lat' dir='ltr'>eszteryami</span> 
     </span>
    </p>
   </div>
   <div class='ocr_carea' id='block_1_8' title="bbox 621 2028 2879 2213">
    <p class='ocr_par' dir='ltr' id='par_1_8' title="bbox 621 2028 2879 2213">
     <span class='ocr_line' id='line_1_11' title="bbox 621 2028 2879 2127; baseline -0.002 -21"><span class='ocrx_word' id='word_1_47' title='bbox 621 2028 1038 2127; x_wconf 63' lang='lat' dir='ltr'>templovhban</span> <span class='ocrx_word' id='word_1_48' title='bbox 1058 2041 1217 2124; x_wconf 82' lang='lat' dir='ltr'>alap</span> <span class='ocrx_word' id='word_1_49' title='bbox 1226 2044 1372 2103; x_wconf 74' lang='lat' dir='ltr'>itote</span> <span class='ocrx_word' id='word_1_50' title='bbox 1397 2041 1529 2104; x_wconf 73' lang='lat' dir='ltr'>olid</span> <span class='ocrx_word' id='word_1_51' title='bbox 1535 2050 1594 2102; x_wconf 83' lang='lat' dir='ltr'>rt</span> <span class='ocrx_word' id='word_1_52' title='bbox 1614 2063 1691 2104; x_wconf 80' lang='lat' dir='ltr'>az</span> <span class='ocrx_word' id='word_1_53' title='bbox 1712 2040 1922 2104; x_wconf 78' lang='lat' dir='ltr'>ottani</span> <span class='ocrx_word' id='word_1_54' title='bbox 1941 2041 2555 2127; x_wconf 59' lang='lat' dir='ltr'>&amp;kananoksa&#39;qhoz</span> <span class='ocrx_word' id='word_1_55' title='bbox 2577 2051 2747 2106; x_wconf 72' lang='lat' dir='ltr'>caato</span> <span class='ocrx_word' id='word_1_56' title='bbox 2763 2044 2879 2125; x_wconf 53' lang='lat' dir='ltr'>’jem</span> 
     </span>
     <span class='ocr_line' id='line_1_12' title="bbox 1665 2150 1863 2213; baseline 0.01 -3"><span class='ocrx_word' id='word_1_57' title='bbox 1665 2150 1863 2213; x_wconf 73' lang='grc'><em>1286.</em></span> 
     </span>
    </p>
   </div>
   <div class='ocr_carea' id='block_1_9' title="bbox 611 2344 2881 4696">
    <p class='ocr_par' dir='ltr' id='par_1_9' title="bbox 611 2344 2881 4696">
     <span class='ocr_line' id='line_1_13' title="bbox 835 2344 2876 2427; baseline -0.001 -17"><span class='ocrx_word' id='word_1_58' title='bbox 835 2345 1259 2412; x_wconf 86' lang='lat' dir='ltr'>Lodomerius</span> <span class='ocrx_word' id='word_1_59' title='bbox 1316 2344 1562 2413; x_wconf 87' lang='lat' dir='ltr'>Diuina</span> <span class='ocrx_word' id='word_1_60' title='bbox 1625 2345 2050 2413; x_wconf 78' lang='lat' dir='ltr'>miseracione</span> <span class='ocrx_word' id='word_1_61' title='bbox 2121 2344 2363 2411; x_wconf 81' lang='lat' dir='ltr'>Sancte</span> <span class='ocrx_word' id='word_1_62' title='bbox 2413 2344 2876 2427; x_wconf 86' lang='lat' dir='ltr'>Strigoniensis</span> 
     </span>
     <span class='ocr_line' id='line_1_14' title="bbox 622 2452 2876 2539; baseline 0.001 -23"><span class='ocrx_word' id='word_1_63' title='bbox 622 2452 915 2518; x_wconf 85' lang='lat' dir='ltr'>Ecclesie</span> <span class='ocrx_word' id='word_1_64' title='bbox 947 2453 1513 2539; x_wconf 78' lang='lat' dir='ltr'>ArchiepiseopuS‚</span> <span class='ocrx_word' id='word_1_65' title='bbox 1567 2453 1987 2536; x_wconf 88' lang='lat' dir='ltr'>eiusdemque</span> <span class='ocrx_word' id='word_1_66' title='bbox 2035 2453 2162 2519; x_wconf 91' lang='lat' dir='ltr'>loci</span> <span class='ocrx_word' id='word_1_67' title='bbox 2214 2453 2443 2520; x_wconf 86' lang='lat' dir='ltr'>Comes</span> <span class='ocrx_word' id='word_1_68' title='bbox 2495 2452 2876 2538; x_wconf 77' lang='lat' dir='ltr'>PerpetuuS‚</span> 
     </span>
     <span class='ocr_line' id='line_1_15' title="bbox 622 2554 2876 2648; baseline 0 -22"><span class='ocrx_word' id='word_1_69' title='bbox 622 2559 942 2627; x_wconf 88' lang='lat' dir='ltr'>vniuersis</span> <span class='ocrx_word' id='word_1_70' title='bbox 992 2554 1229 2628; x_wconf 78' lang='lat' dir='ltr'>Christi</span> <span class='ocrx_word' id='word_1_71' title='bbox 1295 2561 1591 2628; x_wconf 85' lang='lat' dir='ltr'>fidelibus</span> <span class='ocrx_word' id='word_1_72' title='bbox 1640 2569 1978 2648; x_wconf 88' lang='lat' dir='ltr'>presentes</span> <span class='ocrx_word' id='word_1_73' title='bbox 2027 2562 2281 2628; x_wconf 85' lang='lat' dir='ltr'>litteras</span> <span class='ocrx_word' id='word_1_74' title='bbox 2332 2561 2723 2646; x_wconf 87' lang='lat' dir='ltr'>inspecturis</span> <span class='ocrx_word' id='word_1_75' title='bbox 2777 2580 2876 2626; x_wconf 82' lang='lat' dir='ltr'>sa·</span> 
     </span>
     <span class='ocr_line' id='line_1_16' title="bbox 621 2657 2881 2753; baseline -0.002 -20"><span class='ocrx_word' id='word_1_76' title='bbox 621 2668 821 2735; x_wconf 90' lang='lat' dir='ltr'>lutem</span> <span class='ocrx_word' id='word_1_77' title='bbox 885 2669 954 2733; x_wconf 93' lang='lat' dir='ltr'>in</span> <span class='ocrx_word' id='word_1_78' title='bbox 984 2677 1205 2734; x_wconf 83' lang='lat' dir='ltr'>actore</span> <span class='ocrx_word' id='word_1_79' title='bbox 1243 2667 1496 2737; x_wconf 88' lang='lat' dir='ltr'>salutis.</span> <span class='ocrx_word' id='word_1_80' title='bbox 1556 2669 1673 2735; x_wconf 90' lang='lat' dir='ltr'>Pie</span> <span class='ocrx_word' id='word_1_81' title='bbox 1725 2671 1960 2737; x_wconf 90' lang='lat' dir='ltr'>mentis</span> <span class='ocrx_word' id='word_1_82' title='bbox 2012 2657 2451 2753; x_wconf 80' lang='lat' dir='ltr'>applcetanda</span> <span class='ocrx_word' id='word_1_83' title='bbox 2503 2668 2774 2734; x_wconf 89' lang='lat' dir='ltr'>deuocio</span> <span class='ocrx_word' id='word_1_84' title='bbox 2807 2685 2881 2732; x_wconf 89' lang='lat' dir='ltr'>eo</span> 
     </span>
     <span class='ocr_line' id='line_1_17' title="bbox 622 2774 2880 2866; baseline -0 -26"><span class='ocrx_word' id='word_1_85' title='bbox 622 2782 723 2840; x_wconf 91' lang='lat' dir='ltr'>est</span> <span class='ocrx_word' id='word_1_86' title='bbox 782 2775 1127 2858; x_wconf 83' lang='lat' dir='ltr'>benignius</span> <span class='ocrx_word' id='word_1_87' title='bbox 1191 2777 1676 2866; x_wconf 83' lang='lat' dir='ltr'>prosequenda,</span> <span class='ocrx_word' id='word_1_88' title='bbox 1743 2797 1870 2860; x_wconf 90' lang='lat' dir='ltr'>quo</span> <span class='ocrx_word' id='word_1_89' title='bbox 1920 2776 2238 2844; x_wconf 89' lang='lat' dir='ltr'>sancciori</span> <span class='ocrx_word' id='word_1_90' title='bbox 2289 2774 2617 2861; x_wconf 90' lang='lat' dir='ltr'>proposito</span> <span class='ocrx_word' id='word_1_91' title='bbox 2680 2775 2880 2841; x_wconf 85' lang='lat' dir='ltr'>talen·</span> 
     </span>
     <span class='ocr_line' id='line_1_18' title="bbox 622 2883 2878 2971; baseline -0.001 -23"><span class='ocrx_word' id='word_1_92' title='bbox 622 2890 758 2948; x_wconf 90' lang='lat' dir='ltr'>tum</span> <span class='ocrx_word' id='word_1_93' title='bbox 811 2904 854 2949; x_wconf 90' lang='lat' dir='ltr'>a</span> <span class='ocrx_word' id='word_1_94' title='bbox 905 2883 1190 2966; x_wconf 91' lang='lat' dir='ltr'>Domino</span> <span class='ocrx_word' id='word_1_95' title='bbox 1217 2885 1664 2971; x_wconf 88' lang='lat' dir='ltr'>temporaliter</span> <span class='ocrx_word' id='word_1_96' title='bbox 1695 2892 2037 2970; x_wconf 87' lang='lat' dir='ltr'>acceptum</span> <span class='ocrx_word' id='word_1_97' title='bbox 2068 2884 2135 2948; x_wconf 90' lang='lat' dir='ltr'>in</span> <span class='ocrx_word' id='word_1_98' title='bbox 2175 2883 2403 2950; x_wconf 88' lang='lat' dir='ltr'>salutis</span> <span class='ocrx_word' id='word_1_99' title='bbox 2455 2883 2878 2949; x_wconf 88' lang='lat' dir='ltr'>ministerium</span> 
     </span>
     <span class='ocr_line' id='line_1_19' title="bbox 620 2989 2879 3077; baseline -0.001 -22"><span class='ocrx_word' id='word_1_100' title='bbox 620 3010 736 3075; x_wconf 92' lang='lat' dir='ltr'>pro</span> <span class='ocrx_word' id='word_1_101' title='bbox 818 2991 1177 3058; x_wconf 88' lang='lat' dir='ltr'>animarum</span> <span class='ocrx_word' id='word_1_102' title='bbox 1239 2990 1527 3060; x_wconf 90' lang='lat' dir='ltr'>remedio</span> <span class='ocrx_word' id='word_1_103' title='bbox 1609 2992 2135 3077; x_wconf 87' lang='lat' dir='ltr'>commendatur,</span> <span class='ocrx_word' id='word_1_104' title='bbox 2212 2998 2283 3056; x_wconf 89' lang='lat' dir='ltr'>ut</span> <span class='ocrx_word' id='word_1_105' title='bbox 2354 2989 2666 3057; x_wconf 82' lang='lat' dir='ltr'>beneficio</span> <span class='ocrx_word' id='word_1_106' title='bbox 2731 2998 2879 3055; x_wconf 89' lang='lat' dir='ltr'>tem·</span> 
     </span>
     <span class='ocr_line' id='line_1_20' title="bbox 621 3098 2878 3186; baseline -0.002 -21"><span class='ocrx_word' id='word_1_107' title='bbox 621 3099 836 3182; x_wconf 90' lang='lat' dir='ltr'>porali</span> <span class='ocrx_word' id='word_1_108' title='bbox 914 3099 982 3164; x_wconf 91' lang='lat' dir='ltr'>in</span> <span class='ocrx_word' id='word_1_109' title='bbox 1062 3099 1443 3186; x_wconf 83' lang='lat' dir='ltr'>spirituales</span> <span class='ocrx_word' id='word_1_110' title='bbox 1523 3121 1679 3167; x_wconf 88' lang='lat' dir='ltr'>usus</span> <span class='ocrx_word' id='word_1_111' title='bbox 1766 3105 2145 3185; x_wconf 89' lang='lat' dir='ltr'>assumpto,</span> <span class='ocrx_word' id='word_1_112' title='bbox 2229 3098 2509 3166; x_wconf 86' lang='lat' dir='ltr'>resoluto</span> <span class='ocrx_word' id='word_1_113' title='bbox 2589 3117 2878 3184; x_wconf 87' lang='lat' dir='ltr'>corpore,</span> 
     </span>
     <span class='ocr_line' id='line_1_21' title="bbox 618 3205 2880 3296; baseline 0 -25"><span class='ocrx_word' id='word_1_114' title='bbox 618 3207 940 3272; x_wconf 87' lang='lat' dir='ltr'>nutriatur</span> <span class='ocrx_word' id='word_1_115' title='bbox 972 3208 1231 3296; x_wconf 88' lang='lat' dir='ltr'>anima,</span> <span class='ocrx_word' id='word_1_116' title='bbox 1297 3206 1602 3275; x_wconf 84' lang='lat' dir='ltr'>fomentis</span> <span class='ocrx_word' id='word_1_117' title='bbox 1652 3207 2105 3294; x_wconf 86' lang='lat' dir='ltr'>spiritualibus</span> <span class='ocrx_word' id='word_1_118' title='bbox 2137 3205 2437 3275; x_wconf 87' lang='lat' dir='ltr'>delinita.</span> <span class='ocrx_word' id='word_1_119' title='bbox 2500 3205 2760 3272; x_wconf 89' lang='lat' dir='ltr'>Dudum</span> <span class='ocrx_word' id='word_1_120' title='bbox 2793 3207 2880 3271; x_wconf 90' lang='lat' dir='ltr'>si-</span> 
     </span>
     <span class='ocr_line' id='line_1_22' title="bbox 619 3311 2878 3401; baseline -0.001 -21"><span class='ocrx_word' id='word_1_121' title='bbox 619 3311 882 3395; x_wconf 87' lang='lat' dir='ltr'>quidem</span> <span class='ocrx_word' id='word_1_122' title='bbox 968 3315 1362 3381; x_wconf 87' lang='lat' dir='ltr'>venerabilis</span> <span class='ocrx_word' id='word_1_123' title='bbox 1442 3323 1629 3401; x_wconf 89' lang='lat' dir='ltr'>pater</span> <span class='ocrx_word' id='word_1_124' title='bbox 1688 3315 2059 3400; x_wconf 85' lang='lat' dir='ltr'>Stephanus</span> <span class='ocrx_word' id='word_1_125' title='bbox 2142 3313 2501 3399; x_wconf 87' lang='lat' dir='ltr'>Episcopus</span> <span class='ocrx_word' id='word_1_126' title='bbox 2562 3313 2878 3380; x_wconf 89' lang='lat' dir='ltr'>Prenesti·</span> 
     </span>
     <span class='ocr_line' id='line_1_23' title="bbox 616 3419 2880 3509; baseline 0 -23"><span class='ocrx_word' id='word_1_127' title='bbox 616 3440 740 3487; x_wconf 90' lang='lat' dir='ltr'>nus</span> <span class='ocrx_word' id='word_1_128' title='bbox 759 3471 779 3507; x_wconf 89' lang='lat'><em>,</em></span> <span class='ocrx_word' id='word_1_129' title='bbox 831 3428 988 3488; x_wconf 89' lang='lat' dir='ltr'>tunc</span> <span class='ocrx_word' id='word_1_130' title='bbox 1047 3422 1590 3509; x_wconf 83' lang='lat' dir='ltr'>Archiepiscopus</span> <span class='ocrx_word' id='word_1_131' title='bbox 1641 3423 1882 3490; x_wconf 84' lang='lat' dir='ltr'>Sancte</span> <span class='ocrx_word' id='word_1_132' title='bbox 1933 3421 2394 3506; x_wconf 86' lang='lat' dir='ltr'>Strigoniensis</span> <span class='ocrx_word' id='word_1_133' title='bbox 2459 3421 2751 3487; x_wconf 88' lang='lat' dir='ltr'>Ecclesie</span> <span class='ocrx_word' id='word_1_134' title='bbox 2795 3419 2880 3486; x_wconf 82' lang='lat' dir='ltr'>fe-</span> 
     </span>
     <span class='ocr_line' id='line_1_24' title="bbox 616 3526 2880 3616; baseline 0.001 -24"><span class='ocrx_word' id='word_1_135' title='bbox 616 3526 760 3594; x_wconf 89' lang='lat' dir='ltr'>licis</span> <span class='ocrx_word' id='word_1_136' title='bbox 822 3529 1298 3597; x_wconf 85' lang='lat' dir='ltr'>recordacionis</span> <span class='ocrx_word' id='word_1_137' title='bbox 1359 3551 1477 3616; x_wconf 92' lang='lat' dir='ltr'>pro</span> <span class='ocrx_word' id='word_1_138' title='bbox 1557 3530 1847 3599; x_wconf 89' lang='lat' dir='ltr'>remedio</span> <span class='ocrx_word' id='word_1_139' title='bbox 1899 3529 2115 3595; x_wconf 90' lang='lat' dir='ltr'>anime</span> <span class='ocrx_word' id='word_1_140' title='bbox 2191 3528 2400 3612; x_wconf 88' lang='lat' dir='ltr'>patris</span> <span class='ocrx_word' id='word_1_141' title='bbox 2450 3528 2550 3593; x_wconf 89' lang='lat' dir='ltr'>sui</span> <span class='ocrx_word' id='word_1_142' title='bbox 2611 3526 2880 3594; x_wconf 88' lang='lat' dir='ltr'>Comitis</span> 
     </span>
     <span class='ocr_line' id='line_1_25' title="bbox 616 3634 2878 3724; baseline 0.001 -24"><span class='ocrx_word' id='word_1_143' title='bbox 616 3635 901 3724; x_wconf 89' lang='lat' dir='ltr'>Vrbazij,</span> <span class='ocrx_word' id='word_1_144' title='bbox 934 3636 1118 3704; x_wconf 89' lang='lat' dir='ltr'>cuius</span> <span class='ocrx_word' id='word_1_145' title='bbox 1168 3657 1402 3722; x_wconf 87' lang='lat' dir='ltr'>corpus</span> <span class='ocrx_word' id='word_1_146' title='bbox 1467 3638 1641 3705; x_wconf 87' lang='lat' dir='ltr'>intra</span> <span class='ocrx_word' id='word_1_147' title='bbox 1701 3637 2017 3723; x_wconf 90' lang='lat' dir='ltr'>porticum</span> <span class='ocrx_word' id='word_1_148' title='bbox 2084 3636 2359 3705; x_wconf 85' lang='lat' dir='ltr'>ecclesie</span> <span class='ocrx_word' id='word_1_149' title='bbox 2412 3634 2878 3720; x_wconf 85' lang='lat' dir='ltr'>Strigoniensis</span> 
     </span>
     <span class='ocr_line' id='line_1_26' title="bbox 616 3742 2878 3833; baseline -0.001 -24"><span class='ocrx_word' id='word_1_150' title='bbox 616 3742 923 3810; x_wconf 87' lang='lat' dir='ltr'>traditum</span> <span class='ocrx_word' id='word_1_151' title='bbox 957 3746 1174 3813; x_wconf 87' lang='lat' dir='ltr'>extitit</span> <span class='ocrx_word' id='word_1_152' title='bbox 1205 3748 1551 3833; x_wconf 90' lang='lat' dir='ltr'>sepulture,</span> <span class='ocrx_word' id='word_1_153' title='bbox 1587 3748 1759 3814; x_wconf 89' lang='lat' dir='ltr'>intra</span> <span class='ocrx_word' id='word_1_154' title='bbox 1808 3747 2211 3832; x_wconf 86' lang='lat' dir='ltr'>campanilia</span> <span class='ocrx_word' id='word_1_155' title='bbox 2263 3765 2465 3830; x_wconf 86' lang='lat' dir='ltr'>supra</span> <span class='ocrx_word' id='word_1_156' title='bbox 2515 3744 2762 3810; x_wconf 82' lang='lat' dir='ltr'>uultam</span> <span class='ocrx_word' id='word_1_157' title='bbox 2813 3743 2878 3807; x_wconf 89' lang='lat' dir='ltr'>iu</span> 
     </span>
     <span class='ocr_line' id='line_1_27' title="bbox 615 3838 2864 3940; baseline 0 -24"><span class='ocrx_word' id='word_1_158' title='bbox 615 3850 856 3921; x_wconf 89' lang='lat' dir='ltr'>honore</span> <span class='ocrx_word' id='word_1_159' title='bbox 889 3854 1090 3920; x_wconf 86' lang='lat' dir='ltr'>Beate</span> <span class='ocrx_word' id='word_1_160' title='bbox 1118 3855 1318 3922; x_wconf 88' lang='lat' dir='ltr'>Lucie</span> <span class='ocrx_word' id='word_1_161' title='bbox 1350 3854 1626 3940; x_wconf 79' lang='lat' dir='ltr'>virginis</span> <span class='ocrx_word' id='word_1_162' title='bbox 1661 3855 1949 3923; x_wconf 88' lang='lat' dir='ltr'>construi</span> <span class='ocrx_word' id='word_1_163' title='bbox 1980 3855 2136 3922; x_wconf 86' lang='lat' dir='ltr'>fecit</span> <span class='ocrx_word' id='word_1_164' title='bbox 2167 3855 2400 3937; x_wconf 87' lang='lat' dir='ltr'>altare,</span> <span class='ocrx_word' id='word_1_165' title='bbox 2431 3852 2599 3919; x_wconf 87' lang='lat' dir='ltr'>illud</span> <span class='ocrx_word' id='word_1_166' title='bbox 2619 3838 2864 3935; x_wconf 78' lang='lat' dir='ltr'>&#39;ponti-</span> 
     </span>
     <span class='ocr_line' id='line_1_28' title="bbox 622 3959 2877 4052; baseline -0.001 -25"><span class='ocrx_word' id='word_1_167' title='bbox 622 3961 797 4027; x_wconf 86' lang='lat' dir='ltr'>ficali</span> <span class='ocrx_word' id='word_1_168' title='bbox 846 3961 1206 4030; x_wconf 88' lang='lat' dir='ltr'>ministerio</span> <span class='ocrx_word' id='word_1_169' title='bbox 1257 3963 1643 4052; x_wconf 87' lang='lat' dir='ltr'>dedicando,</span> <span class='ocrx_word' id='word_1_170' title='bbox 1675 3965 1936 4032; x_wconf 89' lang='lat' dir='ltr'>collatis</span> <span class='ocrx_word' id='word_1_171' title='bbox 1969 3962 2058 4030; x_wconf 87' lang='lat' dir='ltr'>ad</span> <span class='ocrx_word' id='word_1_172' title='bbox 2108 3959 2535 4028; x_wconf 89' lang='lat' dir='ltr'>ministerium</span> <span class='ocrx_word' id='word_1_173' title='bbox 2587 3959 2877 4027; x_wconf 90' lang='lat' dir='ltr'>eiusdem</span> 
     </span>
     <span class='ocr_line' id='line_1_29' title="bbox 611 4068 2875 4158; baseline -0 -24"><span class='ocrx_word' id='word_1_174' title='bbox 611 4068 842 4136; x_wconf 87' lang='lat' dir='ltr'>altaris</span> <span class='ocrx_word' id='word_1_175' title='bbox 907 4077 972 4137; x_wconf 88' lang='lat' dir='ltr'>et</span> <span class='ocrx_word' id='word_1_176' title='bbox 1020 4069 1415 4156; x_wconf 89' lang='lat' dir='ltr'>stipendium</span> <span class='ocrx_word' id='word_1_177' title='bbox 1465 4072 1814 4158; x_wconf 88' lang='lat' dir='ltr'>presbiteri</span> <span class='ocrx_word' id='word_1_178' title='bbox 1865 4069 2331 4158; x_wconf 84' lang='lat' dir='ltr'>ministrantis,</span> <span class='ocrx_word' id='word_1_179' title='bbox 2404 4089 2523 4154; x_wconf 92' lang='lat' dir='ltr'>pro</span> <span class='ocrx_word' id='word_1_180' title='bbox 2590 4068 2875 4136; x_wconf 87' lang='lat' dir='ltr'>remedio</span> 
     </span>
     <span class='ocr_line' id='line_1_30' title="bbox 619 4174 2876 4266; baseline -0 -25"><span class='ocrx_word' id='word_1_181' title='bbox 619 4174 833 4243; x_wconf 87' lang='lat' dir='ltr'>anime</span> <span class='ocrx_word' id='word_1_182' title='bbox 879 4179 1086 4263; x_wconf 88' lang='lat' dir='ltr'>patris</span> <span class='ocrx_word' id='word_1_183' title='bbox 1118 4180 1239 4265; x_wconf 87' lang='lat' dir='ltr'>sui,</span> <span class='ocrx_word' id='word_1_184' title='bbox 1292 4180 1547 4247; x_wconf 86' lang='lat' dir='ltr'>duabus</span> <span class='ocrx_word' id='word_1_185' title='bbox 1598 4180 1827 4266; x_wconf 86' lang='lat' dir='ltr'>vineis,</span> <span class='ocrx_word' id='word_1_186' title='bbox 1877 4180 2049 4246; x_wconf 86' lang='lat' dir='ltr'>intra</span> <span class='ocrx_word' id='word_1_187' title='bbox 2099 4176 2488 4247; x_wconf 87' lang='lat' dir='ltr'>territorium</span> <span class='ocrx_word' id='word_1_188' title='bbox 2540 4179 2876 4244; x_wconf 84' lang='lat' dir='ltr'>vinearum</span> 
     </span>
     <span class='ocr_line' id='line_1_31' title="bbox 618 4282 2873 4373; baseline -0.002 -22"><span class='ocrx_word' id='word_1_189' title='bbox 618 4283 703 4351; x_wconf 89' lang='lat' dir='ltr'>de</span> <span class='ocrx_word' id='word_1_190' title='bbox 730 4283 1067 4372; x_wconf 84' lang='lat' dir='ltr'>Striginio,</span> <span class='ocrx_word' id='word_1_191' title='bbox 1096 4295 1160 4353; x_wconf 90' lang='lat' dir='ltr'>et</span> <span class='ocrx_word' id='word_1_192' title='bbox 1191 4295 1369 4355; x_wconf 87' lang='lat' dir='ltr'>terra</span> <span class='ocrx_word' id='word_1_193' title='bbox 1400 4287 1655 4355; x_wconf 86' lang='lat' dir='ltr'>Vrkuta</span> <span class='ocrx_word' id='word_1_194' title='bbox 1718 4294 1956 4355; x_wconf 87' lang='lat' dir='ltr'>uocata</span> <span class='ocrx_word' id='word_1_195' title='bbox 1985 4283 2158 4373; x_wconf 87' lang='lat' dir='ltr'>(igy)</span> <span class='ocrx_word' id='word_1_196' title='bbox 2193 4305 2394 4371; x_wconf 86' lang='lat' dir='ltr'>prope</span> <span class='ocrx_word' id='word_1_197' title='bbox 2453 4282 2873 4367; x_wconf 86' lang='lat' dir='ltr'>Strigonium,</span> 
     </span>
     <span class='ocr_line' id='line_1_32' title="bbox 615 4389 2862 4482; baseline -0.001 -25"><span class='ocrx_word' id='word_1_198' title='bbox 615 4411 760 4458; x_wconf 87' lang='lat' dir='ltr'>cum</span> <span class='ocrx_word' id='word_1_199' title='bbox 792 4389 1088 4461; x_wconf 82' lang='lat' dir='ltr'>omnibus</span> <span class='ocrx_word' id='word_1_200' title='bbox 1117 4394 1507 4462; x_wconf 72' lang='lat' dir='ltr'>Vtilitatibus</span> <span class='ocrx_word' id='word_1_201' title='bbox 1537 4395 1694 4480; x_wconf 89' lang='lat' dir='ltr'>suis,</span> <span class='ocrx_word' id='word_1_202' title='bbox 1726 4394 1917 4482; x_wconf 87' lang='lat' dir='ltr'>silua,</span> <span class='ocrx_word' id='word_1_203' title='bbox 1952 4394 2169 4459; x_wconf 84' lang='lat' dir='ltr'>feneto</span> <span class='ocrx_word' id='word_1_204' title='bbox 2222 4400 2289 4459; x_wconf 90' lang='lat' dir='ltr'>et</span> <span class='ocrx_word' id='word_1_205' title='bbox 2337 4391 2574 4457; x_wconf 85' lang='lat' dir='ltr'>ceteris</span> <span class='ocrx_word' id='word_1_206' title='bbox 2625 4408 2862 4474; x_wconf 89' lang='lat' dir='ltr'>appen-</span> 
     </span>
     <span class='ocr_line' id='line_1_33' title="bbox 620 4497 2869 4590; baseline -0.002 -23"><span class='ocrx_word' id='word_1_207' title='bbox 620 4499 833 4588; x_wconf 84' lang='lat' dir='ltr'>dicijs,</span> <span class='ocrx_word' id='word_1_208' title='bbox 866 4501 1031 4569; x_wconf 88' lang='lat' dir='ltr'>sicut</span> <span class='ocrx_word' id='word_1_209' title='bbox 1064 4503 1131 4569; x_wconf 92' lang='lat' dir='ltr'>in</span> <span class='ocrx_word' id='word_1_210' title='bbox 1163 4502 1369 4590; x_wconf 85' lang='lat' dir='ltr'>ipsius</span> <span class='ocrx_word' id='word_1_211' title='bbox 1399 4504 1744 4588; x_wconf 86' lang='lat' dir='ltr'>priuilegio</span> <span class='ocrx_word' id='word_1_212' title='bbox 1778 4502 2021 4570; x_wconf 81' lang='lat' dir='ltr'>exinde</span> <span class='ocrx_word' id='word_1_213' title='bbox 2054 4498 2347 4567; x_wconf 84' lang='lat' dir='ltr'>confecto</span> <span class='ocrx_word' id='word_1_214' title='bbox 2378 4497 2634 4583; x_wconf 86' lang='lat' dir='ltr'>plenius</span> <span class='ocrx_word' id='word_1_215' title='bbox 2672 4497 2869 4563; x_wconf 83' lang='lat' dir='ltr'>conti·</span> 
     </span>
     <span class='ocr_line' id='line_1_34' title="bbox 620 4603 2871 4696; baseline -0.003 -21"><span class='ocrx_word' id='word_1_216' title='bbox 620 4616 845 4696; x_wconf 80' lang='lat' dir='ltr'>netur3</span> <span class='ocrx_word' id='word_1_217' title='bbox 880 4616 952 4675; x_wconf 90' lang='lat' dir='ltr'>ut</span> <span class='ocrx_word' id='word_1_218' title='bbox 982 4609 1047 4675; x_wconf 89' lang='lat' dir='ltr'>in</span> <span class='ocrx_word' id='word_1_219' title='bbox 1079 4608 1343 4676; x_wconf 86' lang='lat' dir='ltr'>laudem</span> <span class='ocrx_word' id='word_1_220' title='bbox 1377 4611 1498 4677; x_wconf 91' lang='lat' dir='ltr'>Dei</span> <span class='ocrx_word' id='word_1_221' title='bbox 1531 4619 1597 4679; x_wconf 91' lang='lat' dir='ltr'>et</span> <span class='ocrx_word' id='word_1_222' title='bbox 1628 4610 1904 4680; x_wconf 86' lang='lat' dir='ltr'>salutem</span> <span class='ocrx_word' id='word_1_223' title='bbox 1935 4611 2152 4677; x_wconf 91' lang='lat' dir='ltr'>anime</span> <span class='ocrx_word' id='word_1_224' title='bbox 2184 4608 2390 4693; x_wconf 85' lang='lat' dir='ltr'>patris</span> <span class='ocrx_word' id='word_1_225' title='bbox 2421 4607 2520 4674; x_wconf 89' lang='lat' dir='ltr'>sui</span> <span class='ocrx_word' id='word_1_226' title='bbox 2542 4605 2607 4671; x_wconf 89' lang='lat' dir='ltr'>in</span> <span class='ocrx_word' id='word_1_227' title='bbox 2641 4603 2871 4671; x_wconf 89' lang='lat' dir='ltr'>eodem</span> 
     </span>
    </p>
   </div>
   <div class='ocr_carea' id='block_1_10' title="bbox 3249 135 3254 649">
    <p class='ocr_par' dir='ltr' id='par_1_10' title="bbox 3249 135 3254 649">
     <span class='ocr_line' id='line_1_35' title="bbox 3249 135 3254 649; baseline 0 0"><span class='ocrx_word' id='word_1_228' title='bbox 3249 135 3254 649; x_wconf 95' lang='lat' dir='ltr'> </span> 
     </span>
    </p>
   </div>
  </div>
 </body>
</html>
