3319 5249
1428 295 1557 365 267

356 494 586 560 Insula
617 495 819 563 Beate
850 493 1135 579 Virginis
1167 493 1374 560 Marie
1404 514 1522 580 pro
1557 494 1881 563 vniuersis
1913 492 2238 563 sororibus
2270 493 2352 561 de
2385 495 2617 563 eadem

356 601 445 666 ad
476 608 760 668 nostram
799 602 1227 688 personaliter
1258 602 1574 670 accedens
1607 602 2032 690 presenciam,
2081 599 2407 687 quoddam
2438 600 2612 692 (lgy)

357 716 656 794 patentes
687 708 944 776 litteras
973 707 1270 777 Ladizlai
1302 707 1578 777 illustris
1608 709 1811 794 Regis
1845 708 2133 794 Vngarie
2172 730 2302 778 non
2325 713 2618 797 abrasas,

355 837 482 883 non
517 816 913 884 cancellatas
939 867 955 899 ‚
1005 836 1134 882 non
1167 816 1451 884 abolitas
1472 867 1491 900 ,
1540 835 1658 882 nec
1698 815 1765 882 in
1799 816 2028 901 aliqua
2059 818 2158 884 sui
2192 826 2387 904 parte
2417 817 2616 886 uicia-

355 932 459 989 tas
493 924 680 991 nobis
715 924 1034 1008 ostendit,
1086 943 1325 1009 rogans
1377 931 1441 990 et
1478 931 1709 1009 petens
1740 923 2212 992 instantissime
2240 926 2382 993 vice
2414 934 2479 993 et
2511 947 2618 994 no·

360 1032 532 1098 mine
581 1050 869 1097 sororum
919 1031 1398 1120 predictarum,
1448 1042 1520 1097 ut
1570 1031 1837 1100 easdem
1896 1032 2148 1101 litteras
2199 1033 2506 1117 rescribi,
2555 1040 2619 1102 et

354 1138 598 1205 nostris
633 1140 889 1206 annecti
923 1139 1160 1208 litteris
1192 1140 1573 1229 faceremus.
1624 1138 1910 1218 Quarum
1944 1139 2312 1226 patencium
2359 1141 2609 1209 littera-

355 1268 495 1313 rum
532 1253 717 1313 tenor
746 1246 899 1314 talis
934 1254 1070 1313 est:

567 1353 706 1421 Nos
736 1353 1088 1422 Ladizlaus
1137 1354 1218 1419 D.
1254 1375 1349 1438 gr.
1384 1355 1523 1420 Rex
1552 1353 1839 1437 Vngarie
1876 1355 2000 1421 stb.
2043 1353 2466 1441 (kovetkezik
2500 1354 2611 1422 IV.

352 1463 586 1529 Laszlo
617 1462 973 1546 kiralynak
1010 1466 1156 1530 185.
1186 1482 1275 1530 sz.
1308 1482 1369 1530 a.
1403 1457 1792 1548 okmanya.)
2332 1448 2336 1453 ’

566 1571 704 1637 Nos
761 1570 964 1656 igitur
992 1570 1268 1654 predicti
1303 1569 1523 1635 fratris
1557 1568 1751 1636 Pauli
1782 1568 1972 1636 iustis
2004 1553 2434 1655 peticionibus
2466 1590 2609 1637 con·

355 1676 749 1746 descendere
799 1678 1135 1763 cupientes
1184 1677 1512 1763 predictas
1565 1678 1822 1744 litteras
1856 1676 1940 1743 de
1974 1676 2172 1743 uerbo
2206 1677 2292 1743 ad
2326 1679 2610 1765 uerbum,

354 1805 520 1869 quas
573 1785 831 1853 dicebat
881 1792 1145 1872 propter
1197 1792 1437 1854 metum
1497 1785 2021 1853 aduersariorum
2073 1786 2364 1854 Ecclesie
2415 1788 2616 1855 Beate

353 1894 643 1978 Virginis
675 1894 1024 1982 antedicte,
1059 1899 1122 1961 et
1141 1895 1424 1960 maxime
1444 1900 1708 1979 propter
1738 1893 2061 1979 presentis
2094 1895 2398 1980 temporis
2432 1915 2616 1979 guer-

358 2021 496 2068 ram
520 2007 596 2070 ,et
630 2001 875 2069 uiarum
915 2002 1298 2070 discrimina
1330 2002 1528 2070 inseri
1553 2002 1825 2069 fecimus
1865 2008 1928 2070 et
1960 2000 2248 2069 rescribi.

358 2183 633 2245 (Eredetie
680 2180 1012 2249 borhartyan
1037 2222 1051 2247 ‚
1097 2198 1131 2234 a.
1166 2181 1350 2250 pecset
1398 2181 1694 2243 elveswtt,
1741 2197 1775 2233 a
1813 2183 1980 2234 budai
2027 2184 2130 2234 kir.
2170 2183 2412 2234 kamarai
2450 2181 2613 2234 level·

750 2270 961 2325 thrban.
1007 2275 1072 2326 V.
1100 2280 1146 2324 ὃ.
1176 2271 1338 2338 Fejer
1377 2272 1507 2323 Cod.
1535 2273 1685 2338 Dipl.
1724 2273 1789 2327 V.
1816 2273 1870 2326 k.
1899 2275 1947 2327 3.
1981 2287 2023 2323 r.
2048 2275 2133 2323 57.
2161 2271 2220 2338 l.)

1416 2896 1566 2964 187.

365 3099 548 3161 Mate·
570 3098 910 3163 ‚adamate
941 3047 1481 3184 ωοηροάριωειε,
1528 3100 1694 3186 hoqy
1743 3098 1852 3164 0³2
1883 3098 2340 3184 nemzetsdqbeli
2369 3099 2616 3164 Maria

362 3215 581 3270 comest
613 3226 691 3269 az
722 3205 928 3270 alcala
968 3206 1204 3291 pertun
1242 3215 1492 3269 ozerzett
1552 3205 1862 3271 Tothtelek
1900 3205 2233 3271 birtokban
2281 3205 2611 3270 statudlta.

1269 3312 1463 3377 1279.
1506 3312 1713 3377 ken-al.

574 3510 712 3576 Nos
758 3508 1055 3576 Matheus
1106 3508 1478 3594 Palatinus,
1532 3509 1761 3574 Comes
1825 3507 2296 3593 Symigiensis,
2372 3509 2615 3594 Supru·

361 3616 607 3685 niensis
655 3623 721 3686 et
767 3615 979 3683 Judex
1033 3616 1462 3683 Cumanorum
1517 3615 1959 3699 significamus
2007 3615 2330 3684 vniuersis
2383 3616 2615 3698 quibus

360 3725 629 3811 expedit
656 3724 1063 3811 presencium
1096 3744 1211 3809 per
1244 3730 1531 3791 tenorem
1555 3775 1574 3811 ,
1657 3723 1829 3807 quod
1881 3743 2025 3791 cum
2064 3722 2361 3792 dominus
2399 3729 2618 3791 noster

359 3835 499 3902 Rex
531 3833 600 3898 in
632 3834 769 3899 suis
802 3832 1038 3899 litteris
1076 3832 1264 3899 nobis
1298 3831 1548 3899 dederit
1580 3831 1648 3896 in
1682 3830 2046 3919 mandatis,
2096 3839 2165 3897 vt
2213 3851 2331 3898 nos
2383 3836 2616 3898 terram

362 3940 765 4007 Touthteluk
797 3947 1116 4027 uocatam,
1166 3959 1362 4023 quam
1403 3937 1630 4006 Comes
1665 3939 2012 4007 Mauricius
2045 3940 2127 4008 de
2159 3958 2397 4023 genere
2429 3937 2542 4006 Osl
2574 3959 2618 4005 a

362 4048 688 4116 nobilibus
721 4047 805 4113 de
838 4047 1104 4134 Kereky
1123 4099 1143 4134 ,
1193 4054 1384 4133 prout
1435 4047 1501 4111 in
1553 4045 1787 4114 litteris
1819 4045 2106 4115 eiusdem
2139 4044 2381 4114 domini
2412 4046 2619 4113 nostri

360 4158 563 4242 Regis
598 4154 881 4223 uidimus
913 4153 1247 4240 contineri,
1296 4152 1512 4238 precio
1547 4163 2038 4239 comparauerat
2058 4207 2074 4241 ,
2125 4156 2337 4223 eidem
2379 4161 2616 4222 statue·

360 4284 576 4330 remus
629 4282 840 4330 coram
895 4261 1353 4330 commetaneis
1403 4269 1468 4327 et
1514 4259 1748 4329 vicinis
1788 4262 2289 4349 possidendam,
2367 4265 2424 4330 si
2486 4282 2616 4329 non

359 4371 555 4438 fuerit
586 4368 1073 4437 contradictum.
1141 4368 1327 4435 Vnde
1362 4386 1483 4434 nos
1526 4366 1737 4454 ipsam
1771 4373 2008 4437 terram
2041 4368 2396 4437 Tothteluk
2427 4389 2612 4437 voca·

361 4487 493 4544 tam
544 4498 767 4544 coram
818 4476 1281 4544 commetaneis
1330 4482 1394 4542 et
1433 4475 1665 4544 vicinis
1698 4480 1879 4545 nullo
1915 4476 2387 4544 contradictore
2419 4496 2618 4562 appa-

359 4592 544 4653 rente
575 4585 695 4653 sub
727 4583 913 4652 metis
946 4592 1010 4651 et
1038 4581 1329 4653 terminis
1359 4580 1646 4666 antiquis
1679 4586 2025 4655 statuimus
2056 4582 2350 4671 predicto
2382 4582 2618 4651 Comiti
