3319 5249
1847 348 1975 412 144

777 546 1116 615 hensibilis
1149 541 1424 611 altitudo
1457 543 1665 626 Regni
1705 543 2149 625 gubernacula
2190 540 2479 624 Regibus
2516 538 2855 606 Catholice
2886 538 3038 605 fidei

778 675 854 722 eo
887 651 1230 721 committit
1261 650 1517 716 felicius
1551 647 2008 735 gubernanda,
2050 668 2175 732 quo
2207 648 2409 734 ijdem
2439 649 2650 731 Reges
2687 646 3037 731 Ecclesiae,

778 762 1022 833 Christi
1054 761 1373 847 sanguine
1406 757 1767 824 rubricatas
1789 811 1808 845 ,
1858 777 1974 825 sue
2025 759 2224 824 tutele
2276 757 2695 844 commissas,
2744 755 3035 823 nituntur

779 871 989 939 ditare
1040 869 1106 936 in
1141 868 1609 955 temporalibus
1659 865 1920 933 vberius
1982 886 2097 932 seu
2159 865 2424 951 dotare,
2475 862 2847 951 {presertim
2902 884 3040 952 eas,

780 1000 905 1064 que
956 985 1182 1046 sancte
1232 975 1570 1062 religionis
1639 975 1927 1043 modulis
1978 975 2179 1060 cultuj
2235 975 2477 1042 Diuino
2532 972 2843 1041 deuocius
2896 980 3046 1040 sunt

781 1106 1059 1154 annexe.
1107 1086 1388 1153 Proinde
1437 1085 1522 1152 ad
1575 1086 2017 1152 vniuersorum
2067 1084 2374 1151 noticiam
2439 1089 2575 1149 tam
2638 1082 3048 1168 presencium

780 1216 975 1280 quam
1026 1196 1387 1262 futurorum
1439 1194 1667 1261 harum
1717 1194 1886 1259 serie
1935 1194 2232 1260 volumus
2285 1192 2663 1279 peruenire,
2712 1193 2885 1275 quod
2925 1213 3046 1259 nos

784 1304 892 1389 pic
926 1301 1303 1370 deuocionis
1356 1298 1926 1387 consideracione,
1976 1320 2171 1383 quam
2206 1298 2291 1364 ad
2323 1299 2680 1383 gloriosam
2713 1298 2836 1364 Dei
2868 1299 3046 1382 geni-

781 1413 1039 1496 tricem,
1088 1430 1213 1494 que
1266 1411 1567 1491 cuiquam
1618 1408 1797 1474 fideli
1844 1409 2181 1475 nouercari
2231 1429 2361 1475 non
2409 1408 2630 1493 nouit,
2696 1407 3038 1493 habemus,

782 1517 1250 1603 benignissime
1284 1515 1573 1603 inducti,
1621 1516 1904 1584 insulam
1938 1536 2131 1600 super
2165 1515 2467 1585 Danubio
2516 1517 2692 1583 circa
2745 1516 3043 1582 Veterem

783 1630 1034 1697 Budam
1069 1626 1488 1710 existentem,
1537 1646 1666 1709 que
1702 1624 2033 1707 quondam
2068 1623 2296 1691 Insula
2321 1626 2639 1709 Leporum
2690 1624 3049 1708 wlgariter,

780 1758 948 1803 nunc
987 1742 1204 1804 autem
1254 1734 1478 1800 Insula
1529 1735 1732 1798 Beate
1783 1732 1986 1799 Maric
2039 1731 2329 1815 Virginis
2370 1739 2813 1819 nuncupatur,
2863 1751 3044 1797 exce·

780 1847 908 1930 ptis
943 1845 1245 1921 claustris
1279 1849 1343 1908 et
1376 1843 1577 1927 septis
1632 1843 1931 1908 Fratrum
1984 1843 2302 1907 Minorum
2338 1848 2404 1906 et
2437 1840 2732 1906 Fratrum
2774 1840 3040 1906 Ordinis

782 1950 1481 2018 Premonstratensium
1505 1950 1586 2015 de
1610 1949 2000 2016 Monasterio
2023 1948 2210 2016 Beati
2228 1948 2586 2033 Mychaelis
2609 1951 2677 2015 in
2700 1948 2925 2015 eadem
2948 1948 3041 2013 iu-

784 2062 931 2126 sula
945 2060 1329 2144 constitutis,
1353 2060 1649 2126 dedimus
1655 2109 1674 2143 ,
1699 2056 2105 2142 donaliimus,
2122 2059 2509 2125 contulimus
2525 2064 2589 2124 et
2601 2056 3038 2123 concessimus

786 2167 1045 2235 dominc
1082 2168 1435 2252 Elysabeth
1470 2167 1823 2235 karissime
1853 2167 2060 2233 sorori
2094 2173 2348 2251 nostre,
2397 2186 2477 2232 ac
2510 2166 2808 2232 omnibus
2841 2165 3048 2232 domi·

785 2277 1032 2360 nabus,
1083 2276 1417 2342 sororibus
1468 2273 1774 2342 videlicet
1826 2274 2203 2358 Monasterij
2260 2275 2460 2340 Beate
2511 2272 2802 2357 Virginis
2841 2272 2907 2338 in
2939 2294 3051 2339 ca-

791 2384 935 2449 dem
971 2383 1187 2451 insula
1250 2382 1488 2465 iugiter
1536 2384 1680 2448 Deo
1732 2382 2241 2470 famulantibuS,
2292 2403 2584 2468 sumpmo
2624 2381 2945 2448 desiderio
2983 2387 3049 2447 ct

789 2493 1063 2575 affectu3
1112 2491 1406 2558 volentes
1461 2495 1523 2555 et
1545 2488 1992 2573 concedentes,
2059 2490 2234 2573 quod
2287 2510 2328 2554 a
2379 2490 2573 2556 modo
2637 2496 2771 2554 tam
2837 2489 3051 2573 ipsum

788 2601 1247 2668 Monasterium
1299 2597 1587 2686 Virginis
1643 2597 2076 2683 Intemerate,
2139 2617 2332 2680 quam
2382 2598 2685 2666 vniuerse
2739 2596 3052 2680 religiose

794 2729 1053 2776 sorores
1087 2708 1156 2775 in
1190 2704 1414 2773 eodem
1448 2706 1730 2774 feliciter
1782 2706 2211 2790 detengentes
2246 2705 2416 2794 (igy)
2452 2706 2815 2773 collacione
2855 2704 3050 2771 huius

788 2816 999 2885 insule
1034 2836 1147 2901 per
1176 2836 1295 2882 nos
1338 2816 1647 2904 regaliter
1695 2814 1874 2880 facta
1926 2835 2152 2881 secure
2202 2821 2266 2880 et
2316 2814 2565 2880 illibate
2620 2814 2955 2898 gaudeant
2986 2820 3052 2879 et

787 2926 1103 2991 fruantur.
1151 2925 1228 2989 In
1280 2925 1462 2989 cuius
1515 2923 1610 2990 rei
1663 2923 2038 2991 memoriam
2109 2923 2605 3006 firmitatemque
2669 2929 3084 3009 perpetuam·

787 3039 1120 3119 presentes
1184 3031 1620 3098 concessimus
1672 3030 1927 3099 litteras
1994 3031 2272 3116 duplicis
2324 3032 2529 3116 sigilli
2582 3029 2782 3097 nostri
2816 3031 3048 3097 robore

789 3139 1227 3207 communitas.
1262 3140 1501 3204 Datum
1536 3159 1652 3224 per
1685 3159 1913 3207 manus
1946 3141 2344 3207 venerabilis
2365 3140 2491 3206 viri
2523 3139 2819 3224 Magistri
2841 3139 3049 3204 Bene-

789 3247 949 3314 dicti
999 3249 1236 3314 Sancte
1288 3245 1750 3330 Strigonicnsis
1801 3247 2091 3314 Ecclesie
2143 3247 2385 3335 Electi,
2435 3247 2759 3334 Prepesiti
2798 3246 3046 3313 Buden-

789 3356 920 3440 sis,
968 3354 1140 3422 Aule
1203 3362 1422 3422 nostre
1486 3355 2066 3441 vicecancellarij,
2125 3357 2348 3423 dilecti
2401 3363 2465 3422 et
2519 3356 2734 3422 fidelis
2797 3357 3048 3439 nostri,

792 3483 959 3528 anno
993 3462 1257 3530 Domini
1308 3464 1739 3530 M⁰CC⁰LXX⁰
1770 3470 1994 3550 sexto,
2053 3485 2223 3530 nono
2274 3464 2594 3532 kalendas
2626 3463 3052 3550 Septembris,

790 3570 1000 3654 Regni
1033 3577 1248 3637 autem
1281 3571 1486 3637 nostri
1524 3591 1696 3639 anno
1718 3579 1969 3655 quarto.

791 3749 1066 3815 (Eredetie
1095 3749 1446 3818 bo'rhartyaeiu,
1493 3769 1530 3803 a
1552 3751 2045 3819 sair-ga-violaszinii
2091 3755 2260 3819 sugg&
2289 3751 2476 3820 pecsct
2513 3754 2768 3805 tiit-edeke
2796 3768 3048 3819 megran,

1399 3860 1432 3893 a
1462 3844 1626 3896 budai
1654 3844 1755 3894 kir.
1787 3845 2024 3895 kamarai
2054 3840 2436 3912 leveltarban.)
