3319 5249
1336 273 1464 345 331

274 467 552 539 Proinde
582 469 665 538 ad
697 470 1132 542 uniuersorum
1167 481 1297 542 tam
1335 474 1741 561 presencium
1780 496 1987 576 quam⁸
2005 474 2364 545 futurorum
2399 497 2511 544 no·

272 579 490 647 ticiam
522 581 752 649 harum
786 584 952 652 serie
984 585 1280 652 uolumus
1313 586 1688 671 peruenire:
1744 586 1916 671 quod
1946 584 2352 655 attendentes
2384 607 2512 653 me-

275 688 498 758 ritoria
552 693 831 761 seruicia
880 702 943 760 et
990 693 1336 762 fidelitates
1388 695 1657 762 Nemhiz
1692 695 1809 780 filij
1845 693 2051 777 Nade‚
2087 703 2149 761 et
2179 693 2514 762 Ramacha

270 797 385 885 filij
443 801 771 888 eiusdem3
821 803 971 871 item
1021 804 1267 886 Tekus,
1319 803 1559 891 Marcy,
1592 803 1912 892 Symonis,
1950 803 2280 872 Benedicti
2313 809 2377 869 et
2407 804 2514 871 Jo-

269 906 507 1006 hannis
557 909 827 978 filiorum
871 910 1234 996 Theodory,
1286 932 1364 979 ac
1413 913 1619 980 eciam
1670 912 1967 997 Nycolay
2017 912 2132 995 filij
2182 911 2390 998 Nade,
2448 920 2510 977 et

268 1014 589 1084 Johannis
641 1019 759 1104 filij
816 1020 1004 1087 Pauli
1055 1018 1135 1086 de
1172 1020 1472 1105 Feresne,
1506 1020 1921 1103 iobagionum
1954 1017 2167 1087 Castri
2199 1018 2401 1088 nostri
2434 1018 2515 1085 de

268 1124 583 1212 Borsood,
638 1147 760 1210 que
809 1128 996 1196 nobis
1045 1128 1108 1193 in
1164 1128 1440 1196 diuersis
1493 1128 2020 1214 expedicionibus
2072 1127 2282 1213 Regni
2313 1127 2514 1194 nostri

266 1229 542 1299 fideliter
575 1234 1004 1320 inpenderunt
1035 1244 1100 1304 et
1128 1237 1475 1325 indefesse,
1509 1236 1789 1303 maxime
1809 1237 1876 1302 in
1905 1235 2201 1302 examine
2220 1236 2377 1302 belli
2399 1254 2515 1303 seu

271 1342 740 1428 expedicionis,
794 1365 982 1428 quem
1032 1353 1254 1413 contra
1302 1348 1543 1430 Regem
1573 1344 1856 1430 Boemie,
1889 1350 2174 1450 nostrum
2209 1349 2273 1410 et
2302 1343 2513 1428 Regni

273 1450 473 1517 nostri
506 1452 858 1536 capitalem
893 1453 1240 1537 inimicum,
1261 1453 1625 1537 habuimus,
1649 1454 1752 1518 vel
1792 1488 2504 1503 ———————

270 1558 452 1626 ubuit
502 1580 722 1627 coram
775 1569 989 1629 nostre
1040 1564 1397 1629 Maiestatis
1452 1561 1654 1628 oculis
1699 1561 1979 1647 proprijs
2013 1560 2342 1628 cruoribus
2377 1560 2512 1626 lau·

272 1667 582 1736 dabiliter
614 1669 981 1737 dimicando
1013 1691 1165 1738 suas
1198 1670 1543 1737 fidelitates
1579 1670 2193 1737 demonstrauerunt.
2230 1671 2311 1736 Et
2343 1669 2513 1736 insu-

271 1794 382 1858 per
432 1777 702 1860 quidam
755 1777 953 1845 frater
985 1780 1266 1863 ipsorum
1302 1779 1470 1845 Elek
1501 1778 1523 1843 i
1559 1813 1638 1826 -
1682 1815 1757 1825 -
1804 1816 1875 1828 -
1920 1815 2038 1859 -—,
2075 1796 2260 1860 quem
2293 1783 2516 1844 contra

270 1884 568 1950 Saxones
598 1884 1085 1971 Transiluanos,
1116 1887 1227 1969 qui
1263 1892 1489 1952 contra
1519 1892 1804 1951 nostram
1845 1883 2191 1970 procedere
2224 1885 2514 1952 niteban-

273 2000 372 2060 tur
404 1993 843 2079 Maiestatem,
877 1994 1237 2079 habuimus,
1272 2012 1488 2061 coram
1520 2001 1741 2061 nostre
1762 1994 2121 2060 Maiestatis
2154 1993 2355 2060 oculis
2376 1994 2511 2060 lau-

273 2101 581 2169 dabiliter
629 2100 904 2170 dimicas
936 2137 1021 2150 -
1058 2138 1132 2150 --
1178 2141 1255 2153 --
1292 2111 1460 2188 ptus.
1511 2104 1593 2169 Et
1643 2104 1797 2170 licet
1827 2103 2022 2186 ijdem
2054 2102 2121 2168 in
2154 2121 2515 2187 recompen-

245 2209 602 2294 sacionem
650 2208 1014 2278 huiusmodi
1066 2211 1478 2278 seruiciorum
1528 2223 1593 2280 et
1641 2211 2026 2278 fidelitatum
2077 2211 2434 2277 eorundem
2471 2231 2513 2278 a

270 2326 499 2387 nostra
552 2320 894 2388 Maiestate
942 2320 1144 2388 multa
1195 2329 1257 2388 et
1308 2342 1545 2407 magna
1593 2322 1827 2388 mereri
1861 2319 2266 2387 debuissent:
2299 2326 2516 2387 tamen

273 2449 385 2497 nos
422 2428 651 2516 paruis
686 2467 784 2511 -,
807 2468 883 2478 -
921 2467 1008 2478 -
1039 2429 1228 2497 modo
1280 2430 1456 2516 ipsos
1504 2431 1571 2496 in
1622 2430 2268 2516 recompesacionem·
2305 2428 2512 2495 serui-

276 2538 526 2604 ciorum
580 2538 927 2607 eorundem
977 2558 1240 2626 prorsus
1291 2538 1740 2606 munificencia
1773 2537 1983 2620 Regia
2013 2557 2054 2603 a
2088 2537 2510 2618 iobagionatu

275 2645 484 2715 Castri
540 2649 1013 2734 Borsodiensis,
1067 2656 1131 2715 et
1176 2670 1219 2715 a
1272 2648 1667 2734 quibuslibet
1714 2644 2061 2714 honeribus
2115 2653 2179 2713 et
2213 2644 2507 2728 seruicijs

278 2755 568 2824 eiusdem
607 2794 684 2804 —
726 2798 801 2811 --
847 2795 923 2807 -·-
963 2779 1105 2824 cum
1136 2756 1327 2825 terris
1359 2777 1580 2825 eorum
1613 2755 1987 2840 eximentes,
2021 2755 2088 2820 in
2129 2759 2359 2840 cetum,
2398 2774 2513 2820 nu-

276 2885 518 2932 merum
570 2871 633 2932 et
683 2865 1030 2950 collegium
1079 2864 1289 2949 Regni
1337 2864 1536 2934 nostri
1589 2864 1901 2932 nobilium
1950 2863 2253 2930 duximus
2288 2881 2517 2948 aggre-

276 2975 547 3060 gandos,
579 2993 692 3040 seu
725 2975 928 3041 eciam
963 2971 1383 3042 extollendos.
1435 2972 1761 3059 Volentes,
1800 2979 1866 3039 vt
1896 2970 2098 3055 ijdem
2131 2979 2196 3039 et
2225 2972 2509 3057 ipsorum

153 3066 161 3074 ⁴
272 3079 569 3169 heredes,
623 3081 1056 3170 heredumque
1104 3103 1363 3151 suorum
1396 3100 1823 3164 successores,
1856 3081 1975 3150 illa
2008 3088 2072 3150 et
2103 3080 2331 3148 eadem
2364 3100 2517 3164 gau-

272 3189 464 3260 deant
496 3197 565 3257 et
594 3191 885 3259 fruantur
915 3191 1235 3275 libertate,
1284 3210 1413 3274 qua
1445 3197 1664 3275 cetery
1695 3190 1831 3257 ueri
1864 3190 2074 3275 Regni
2107 3188 2310 3257 nostri
2338 3188 2515 3256 nobi·

273 3298 362 3365 les
409 3299 831 3386 gratulantur
880 3301 1001 3366 snb
1053 3298 1295 3367 uexillo
1347 3306 1571 3366 nostre
1618 3297 1979 3366 Maiestatis
2027 3296 2398 3365 militantes.
2437 3298 2512 3365 In

275 3409 448 3477 cuius
480 3429 600 3496 rey
630 3408 1005 3475 memoriam
1038 3413 1545 3496 perpetuamque
1587 3406 1953 3476 firmitatem
1987 3413 2325 3494 presentes
2357 3423 2514 3472 con-

275 3518 584 3587 cessimus
635 3516 958 3604 dupplicis
1005 3516 1208 3602 sigilli
1259 3517 1462 3583 nostri
1496 3517 1860 3585 munimine
1889 3518 2244 3586 roboratas.
2278 3515 2517 3581 Datum

278 3644 384 3708 per
412 3647 644 3695 manus
678 3626 935 3694 discreti
968 3626 1093 3693 uiri
1124 3626 1420 3711 Magistri
1451 3626 1869 3715 Bartolomey
1902 3627 2049 3695 aule
2078 3632 2296 3694 nostre
2327 3624 2507 3691 Vice-

278 3728 658 3819 Gancellarij
714 3734 932 3804 dilecti
985 3743 1050 3803 et
1100 3734 1313 3802 fidelis
1363 3733 1588 3823 nostri,
1630 3755 1799 3804 anno
1830 3734 2096 3803 Domini
2123 3735 2213 3802 Μο
2247 3731 2381 3801 00⁰
2413 3752 2514 3801 oc-

278 3844 628 3927 tuagesimo
660 3841 970 3931 secundo,
1007 3843 1497 3929 quartodecimo
1528 3843 1854 3911 kalendas
1883 3844 2184 3934 Augusti,
2207 3840 2507 3912 indiccio-

281 3968 355 4014 ne
383 3950 655 4042 decima‚
687 3952 898 4039 Regni
931 3959 1147 4020 autem
1178 3951 1387 4020 nostri
1418 3972 1586 4019 anno
1619 3949 1978 4020 vndecimo.

287 4161 542 4227 (Eredetie
565 4166 914 4235 bothartyam
935 4168 1159 4235 melyrb'l
1178 4184 1212 4221 a
1229 4167 1413 4235 pecset
1432 4168 1690 4222 toredeke
1710 4175 1871 4223 vbi-bs
1889 4169 2333 4238 selyemzsindron
2352 4171 2449 4237 fflg
2462 4186 2503 4241 ξς

554 4275 588 4313 a
613 4259 762 4321 melt.
791 4258 923 4313 hard
948 4258 1178 4326 Perenyi
1207 4257 1783 4327 cealadnagyszfflliisi
1810 4258 2227 4333 levelthraban.)

1173 4568 1596 4587 m
