3319 5249
1811 275 1940 345 578
2023 370 2038 376 η

749 475 1008 540 domum
1038 472 1364 556 habuisse,
1428 477 1492 537 et
1542 471 1783 539 ibidem
1836 475 2156 540 mansisse
2207 474 2596 557 asserend03
2647 474 2763 542 sed
2811 494 2984 540 nunc

742 600 863 646 nec
893 580 1100 665 ipsius
1134 579 1472 665 Stephani,
1506 601 1627 646 nec
1662 580 1935 647 alicuius
1967 581 2238 647 alterius
2272 582 2499 648 domus
2533 581 2718 648 estin
2739 582 2986 650 eadem.

736 690 903 754 Item
935 687 1266 771 quandam
1297 688 1677 772 particulam
1710 687 1993 754 eiusdem
2047 696 2214 754 terre
2267 690 2662 776 superiorem
2714 710 2754 755 a
2805 694 2992 772 parte

739 795 1071 861 Kamarun
1091 846 1108 880 ,
1141 815 1266 879 que
1299 795 1555 880 quidem
1579 797 1902 892 particula
1924 796 2204 862 creditur
2224 817 2368 863 esse
2389 795 2584 863 trium
2604 806 2990 882 aratrorum,

738 903 1041 969 officialis
1093 903 1389 989 Walterij
1426 903 1695 971 Comitis
1729 904 1811 968 de
1844 906 2178 971 Kamarun
2218 905 2383 970 dixit
2404 926 2550 972 esse
2572 905 2858 972 eiusdem
2882 905 2989 970 W.

740 1006 1001 1078 Oo'mitis
1036 1010 1276 1077 domini
1322 1014 1457 1095 sui;
1520 1015 1889 1098 asserendO,
1956 1015 2129 1094 quod
2191 1014 2340 1096 ipsa
2404 1013 2727 1096 particula
2787 1011 2986 1079 fuerit

733 1117 1123 1202 piscatorum
1159 1118 1400 1185 domini
1432 1120 1647 1204 Regis,
1676 1128 1738 1185 et
1770 1122 1942 1205 quod
1973 1143 2112 1187 eam
2166 1121 2458 1188 dominus
2507 1124 2646 1187 Rex
2695 1121 2987 1186 Waltero

732 1224 966 1292 Comiti
997 1226 1377 1293 contulisset
1397 1251 1411 1312 ;
1431 1234 1496 1293 et
1515 1227 1689 1293 idem
1709 1229 2008 1295 officialis
2030 1229 2326 1314 Waltery
2348 1228 2616 1294 Comitis
2637 1248 2832 1313 super
2877 1246 2984 1293 ea·

729 1330 879 1398 dem
912 1334 1251 1419 particula,
1275 1354 1400 1417 que
1420 1342 1720 1419 separata
1744 1342 1842 1402 est
1862 1338 2051 1403 metis
2056 1389 2074 1423 ,
2098 1337 2216 1404 sed
2237 1357 2365 1402 non
2385 1337 2655 1402 multum
2675 1326 2981 1418 antiquis,

727 1444 988 1509 nomine
1049 1442 1294 1509 domini
1325 1443 1425 1508 sui
1462 1444 1561 1508 W.
1596 1441 1860 1510 Comitis
1893 1444 2304 1511 contradixit.
2366 1443 2496 1509 Sed
2530 1449 2803 1527 excepta
2856 1442 2983 1507 hac

730 1550 1069 1635 particula,
1104 1571 1229 1633 que
1260 1550 1450 1615 trium
1484 1561 1839 1617 aratrorum
1875 1572 2018 1617 esse
2052 1552 2347 1636 creditur,
2383 1558 2450 1615 ut
2470 1549 2833 1635 predictum
2856 1557 2974 1632 est,

726 1665 789 1722 et
821 1666 992 1723 terra
1023 1657 1213 1724 vuius
1243 1658 1463 1739 aratri,
1485 1677 1680 1742 quam
1699 1658 2071 1745 Stephanus
2092 1678 2275 1726 suam
2298 1677 2440 1724 esse
2462 1657 2642 1744 dicit,
2670 1676 2861 1741 super
2882 1677 2975 1721 re·

724 1765 907 1848 liqna
925 1774 1113 1850 parte
1133 1766 1341 1831 tocius
1364 1765 1649 1850 predicte
1670 1773 1839 1832 terre
1858 1788 1985 1833 non
2012 1767 2223 1832 extitit
2254 1788 2371 1852 per
2407 1766 2691 1848 aliquem
2723 1771 2974 1830 contra-

728 1872 1005 1958 dictum;
1040 1881 1104 1938 et
1135 1872 1231 1939 sic
1265 1871 1535 1939 eandem
1559 1881 1796 1940 terram
1817 1875 2048 1962 Sceun,
2071 1874 2412 1941 habentem
2437 1873 2744 1955 fenetum‚
2783 1875 2846 1937 et
2880 1870 2966 1935 ab

721 2002 850 2047 vna
871 1982 971 2047 sui
994 1988 1179 2067 parte
1215 1982 1396 2047 iuxta
1416 1982 1786 2047 Danubium
1807 1981 2235 2070 adiacentem,
2258 1983 2372 2049 sed
2396 1983 2627 2048 siluam
2662 1981 2768 2046 uel
2803 1979 2975 2045 alias

721 2090 1028 2168 utilitates
1061 2110 1188 2154 non
1226 2089 1592 2176 habentem,
1627 2098 1697 2155 ut
1730 2089 2048 2174 dixerunt,
2080 2091 2252 2158 idem
2289 2093 2364 2156 R.
2415 2087 2789 2173 Prepositus
2844 2094 2972 2153 sta·

718 2198 839 2263 tuit
872 2206 936 2263 et
986 2198 1348 2280 assignauit
1401 2197 1675 2263 Nicolao
1729 2199 1947 2283 nepoti
2000 2198 2202 2264 Wech
2251 2204 2626 2262 memorato.
2679 2194 2971 2260 Racione

717 2313 930 2371 autem
964 2304 1250 2390 predicte
1282 2304 1622 2389 particule,
1653 2325 1849 2390 super
1902 2326 2030 2388 qua
2067 2305 2322 2386 nomine
2375 2302 2670 2389 Waltery
2703 2302 2968 2368 Comitis

718 2413 1185 2479 contradictum
1220 2413 1453 2497 extitit,
1487 2412 1763 2478 eundem
1797 2414 1897 2479 W.
1942 2413 2248 2479 Comitem
2281 2413 2509 2478 citauit
2539 2411 2627 2477 ad
2680 2419 2965 2476 uestram

715 2522 1151 2607 presenciam,
1215 2520 1619 2603 assignando
1654 2521 1775 2588 sibi
1807 2542 1927 2606 pro
1962 2523 2233 2588 termino
2279 2514 2451 2587 diem
2502 2517 2968 2603 quintumdeci-

713 2650 888 2694 mum
919 2631 1416 2712 computandum
1450 2634 1532 2697 ab
1566 2652 1642 2697 eo
1675 2632 1797 2717 die,
1853 2652 1977 2714 quo
2024 2632 2312 2716 Barones
2361 2630 2581 2713 uesffl,
2617 2635 2679 2693 et
2731 2629 2962 2693 Comes

723 2736 1047 2826 Walterus
1070 2738 1237 2803 inter
1258 2758 1387 2823 eos,
1413 2744 1557 2824 post
1576 2741 2011 2807 reuersionem
2034 2761 2218 2806 suam
2239 2739 2319 2805 de
2345 2738 2616 2820 Vienna,
2645 2736 2961 2801 Uestram

710 2842 1011 2908 viderunt
1041 2845 1468 2910 Maiestatem.
1502 2847 1742 2911 Datum
1774 2846 1842 2911 in
1874 2846 2103 2929 vigilia
2135 2848 2567 2912 Pentecostes.

922 2953 983 3017 K
1004 2954 1027 3018 i
1048 2975 1088 3019 v
1109 2961 1146 3017 li
1169 2953 1226 3017 l:
1276 2953 1554 3020 Domino
1587 2974 1702 3019 suo
1739 2955 1982 3020 Illustri
2015 2954 2178 3037 Regi
2211 2952 2543 3038 Hungarie
2595 2972 2711 3036 pro
2763 2951 2954 3015 Nico·

705 3060 813 3128 lao
847 3067 1081 3144 nepote
1114 3060 1311 3126 Wech
1347 3081 1541 3147 super
1573 3068 1739 3127 terra
1762 3061 1992 3128 Sceun.

707 3277 991 3342 (Ex-edotio
1019 3276 1372 3343 bb'rhartyan,
1411 3294 1443 3328 a
1471 3276 1760 3344 tarpecset
1787 3280 2084 3341 elveszett3
2111 3294 2145 3329 a
2170 3279 2336 3329 budai
2367 3280 2467 3330 kir.
2493 3245 2741 3329 k‘amarai
2785 3276 2952 3354 level-

1722 3365 1933 3420 tarbua.

1613 3651 2035 3664 ψ-
