3319 5249
1813 334 1945 403 268

743 525 1052 594 Mauricio
1084 526 1225 594 sine
1260 526 1420 596 iuris
1460 527 1820 613 preiudicio
1873 527 2078 596 alieni
2129 527 2611 616 possidendam.
2665 529 2903 596 Datum
2937 527 3006 595 in

741 634 1073 702 Kamarnn
1107 641 1335 717 quarto
1366 634 1475 703 die
1506 635 1730 703 Sancti
1772 635 2028 705 Nicolai
2059 636 2466 707 confessoris.

759 814 1011 867 Eredetie
1063 811 1389 881 barhhrtyan
1410 853 1424 878 ,
1486 814 1744 882 melynek
1805 814 1997 870 hatara
2044 824 2290 885 nyomott
2337 815 2580 885 peccetis
2619 816 2908 881 elveszett,
2959 834 2994 868 ι

1348 903 1515 957 budai
1559 904 1662 955 kir.
1710 907 1959 959 kamarai
2003 905 2389 974 leveltarban)

1799 1529 1950 1597 188.

742 1728 801 1795 A
850 1731 1206 1817 kapornoki
1236 1730 1619 1795 konventnek
1671 1730 2196 1817 bizonysdylevele
2213 1781 2234 1812 ,
2283 1732 2448 1819 hoqy
2487 1731 2742 1797 Farkas
2782 1740 3001 1796 mester

742 1836 1106 1903 Henn'knek
1137 1838 1243 1921 fia
1294 1839 1356 1903 e's
1407 1840 1620 1904 Βόηθε
1650 1849 1868 1903 mester
1899 1840 2254 1904 Istvcinnak
2269 1840 2376 1923 fia
2407 1839 2997 1926 eqyenetlense'qllket

1198 1944 1664 2030 bardtsdyosan
1700 1946 2049 2011 clinte’ztdk.
2098 1948 2293 2013 1279.
2329 1948 2537 2012 horaz.

954 2142 1090 2208 Nos
1140 2139 1340 2207 frater
1387 2141 1448 2208 J.
1502 2141 1728 2207 Abbas
1761 2149 1827 2208 et
1858 2141 2231 2209 conuentus
2266 2141 2348 2208 de
2380 2139 2732 2228 Copurnnk
2764 2140 2998 2209 damus

737 2270 854 2335 pro
887 2247 1233 2331 memoria,
1281 2246 1453 2332 quod
1502 2248 1818 2331 Magister
1865 2248 2220 2316 Farcasins
2248 2247 2418 2316 filius
2448 2248 2714 2316 Henrici
2745 2251 2829 2317 ab
2864 2270 2999 2317 nna

736 2361 963 2442 parte,
1010 2355 1329 2439 Magister
1376 2354 1733 2442 Dyonisius
1783 2355 1955 2420 filius
2006 2354 2100 2421 St.
2144 2374 2224 2422 ex
2261 2356 2510 2439 altera,
2558 2375 2777 2423 coram
2809 2356 2998 2423 nobis

737 2460 1168 2549 personaliter
1219 2461 1548 2531 constituti
1599 2460 1883 2530 confessi
1935 2469 2087 2529 sunt
2116 2481 2310 2547 super
2340 2461 2582 2551 duello,
2616 2462 2793 2548 quod
2823 2463 2996 2531 idem

738 2570 1056 2655 Magister
1116 2570 1467 2639 Farcasius
1525 2571 1712 2637 iuxta
1763 2568 2235 2639 continenciam
2291 2571 2652 2639 litterarum
2702 2570 2998 2657 Magistri

737 2679 1059 2747 Jobannis
1103 2679 1218 2765 filij
1274 2679 1355 2745 H.
1410 2679 1577 2744 Bani
1629 2679 1698 2744 in
1747 2678 1998 2746 octauis
2046 2665 2230 2746 Beati
2271 2680 2502 2747 Jacobi
2531 2678 2826 2767 Apostoli
2861 2699 3000 2765 pro-

738 2785 912 2854 xime
961 2785 1254 2855 venturis
1301 2785 1588 2853 habebat
1625 2793 1849 2852 contra
1884 2785 2274 2871 Dyonisium
2309 2785 2706 2854 antedictum
2727 2840 2746 2873 ,
2795 2786 2995 2855 medi-

737 2891 1000 2960 antibus
1032 2893 1250 2978 probis
1279 2891 1456 2978 viris,
1495 2900 1797 2960 reuocato
1819 2892 1962 2978 ipso
2001 2891 2240 2981 duello,
2272 2894 2497 2961 taliter
2526 2896 2990 2979 concordass03

738 2999 910 3083 quod
971 2996 1138 3066 feria
1187 3004 1379 3066 sexta
1428 3001 1734 3084 proxima
1783 3007 1932 3084 post
1983 2998 2346 3084 quindenas
2394 3002 2592 3070 Beate
2624 3002 2994 3086 Margarete

736 3106 1010 3190 virginis
1050 3105 1222 3172 idem
1262 3107 1626 3192 Dyonisius
1658 3106 1854 3174 debet
1886 3107 2041 3174 dare
2075 3115 2141 3175 et
2171 3109 2430 3176 soluere
2450 3107 2658 3175 eidem
2678 3108 2993 3193 Magistro

735 3213 1050 3282 Fal-casio
1099 3234 1292 3281 unam
1347 3215 1600 3300 peciam
1652 3218 1856 3302 panni
1909 3217 1994 3283 de
2044 3212 2333 3302 dorni(c)
2386 3236 2606 3283 coram
2646 3215 2872 3299 nobis;
2933 3224 3000 3282 et

738 3323 947 3407 ipsam
983 3323 1382 3389 solucionem
1432 3343 1558 3389 non
1609 3341 1756 3388 cum
1805 3323 2041 3390 litteris
2092 3323 2292 3407 Regis
2323 3376 2342 3409 ‚
2421 3342 2540 3390 nec
2598 3323 2849 3406 Regine
2883 3332 2998 3391 aut

737 3430 1063 3515 Baronum
1112 3429 1356 3514 poterit
1409 3449 1801 3516 prorogare,
1852 3435 1922 3496 ut
1972 3430 2303 3497 assumsit.
2353 3430 2626 3515 Insuper
2677 3431 2893 3498 taliter
2926 3453 2999 3500 se

736 3535 1106 3624 obligando,
1158 3537 1331 3619 qnod
1382 3536 1437 3604 si
1476 3554 1762 3619 pannum
1795 3536 2158 3623 predictum
2192 3522 2333 3624 ipso
2365 3534 2476 3605 die
2508 3558 2635 3604 non
2669 3537 2999 3607 curauerit

737 3641 896 3710 dare
915 3695 933 3729 ‚
980 3649 1092 3709 aut
1140 3643 1433 3731 soluere,
1483 3650 1815 3727 tamqnam
1865 3645 1933 3709 in
1974 3643 2194 3712 duello
2229 3644 2651 3711 succumbens
2681 3643 3002 3712 habeatur

733 3752 990 3836 penitus
1020 3771 1138 3836 pro
1174 3749 1507 3836 conuicto;
1542 3750 1826 3818 iudicem
1861 3757 2077 3818 antem
2109 3758 2328 3837 partes
2358 3751 2714 3837 placabunt
2738 3752 2806 3818 in
2830 3772 2997 3820 com·

732 3857 931 3925 muni.
980 3857 1220 3925 Datum
1260 3863 1447 3925 sexta
1477 3856 1645 3924 feria
1678 3857 1975 3944 proxima
2024 3864 2176 3925 ante
2214 3857 2450 3925 festum
2482 3858 2684 3923 Beate
2717 3858 2996 3944 virginis

733 3965 1120 4050 Margarete.

945 4073 1187 4141 Kivill:
1235 4073 1360 4140 Pro
1393 4072 1713 4159 Dyonisio
1747 4072 1882 4141 filio
1916 4073 2012 4141 St.
2066 4081 2295 4141 contra
2344 4073 2726 4158 Magistrum
2759 4073 2997 4139 Parca·

733 4180 903 4248 sium
954 4178 1042 4247 ad
1092 4187 1347 4248 sextam
1378 4181 1613 4247 feriam
1644 4180 2009 4266 proximam
2042 4188 2192 4267 post
2225 4181 2458 4249 festum
2492 4182 2692 4249 Beate
2725 4179 2998 4265 virginis

732 4287 1129 4372 Margarete.

1010 4447 1285 4513 (Eredetie
1323 4442 1668 4514 ὴδώάηγάιι,
1707 4463 1742 4500 a
1767 4449 2061 4514 Kisfaludy
2090 4444 2277 4501 osam
2304 4446 2718 4513 leveltaraban.)
