3319 5249
1701 314 1896 430 ²444

1760 988 1913 1058 316.

704 1189 823 1256 IV.
857 1190 1087 1255 Lriozlo'
1118 1189 1337 1273 lcirdly
1354 1186 1756 1272 ve'sszavonja
1777 1212 1936 1255 azo-n
1961 1190 2408 1274 olcmduyokat,
2435 1192 2769 1274 melyekkel
2801 1192 2954 1256 Joa·

965 1297 1115 1362 chin
1146 1306 1365 1361 mester
1398 1296 1736 1361 haclennek
1775 1297 2283 1382 nyilatlcoztztva
2317 1296 2464 1364 volt.
2503 1300 2699 1363 1286.

920 1494 1054 1573 Nos
1084 1491 1437 1560 Ladizlaus
1469 1491 1589 1558 Dei
1640 1491 1874 1576 gracia
1906 1494 2042 1560 Rex
2095 1494 2434 1578 Hungarie
2464 1494 2769 1561 memorie
2801 1514 2960 1560 com·

720 1599 1101 1668 mendamus
1130 1599 1572 1683 significantes
1622 1599 1946 1666 vniuersis
1980 1599 2210 1683 quibus
2273 1600 2535 1687 expedit
2567 1603 2964 1688 presencium

714 1727 829 1793 per
860 1714 1182 1775 tenorem:
1212 1728 1331 1775 nos
1363 1706 1769 1776 intellexisse
1790 1757 1810 1791 ‚
1862 1709 2033 1791 quod
2065 1708 2438 1794 Radislaus,
2502 1715 2568 1774 et
2598 1708 2962 1796 Stephanus

708 1816 909 1882 frater
941 1815 1250 1901 ejusdem,
1286 1812 1486 1882 tacita
1516 1816 1808 1900 veritate,
1828 1835 1957 1880 non
1991 1835 2074 1882 ex
2103 1834 2441 1904 consensu,
2474 1837 2596 1885 nee
2629 1835 2711 1883 ex
2745 1819 2961 1884 conni-

711 1922 943 1990 uencia
973 1930 1203 1990 nostra
1263 1921 1515 1991 litteras
1578 1930 1834 1992 nostras
1867 1922 2314 2008 priuilegiales
2351 1924 2743 2010 recepissent
2773 1944 2963 2010 super

710 2053 806 2113 eo,
839 2030 1010 2115 quod
1040 2031 1356 2115 Magister
1407 2028 1768 2097 Joachinus
1799 2029 1868 2095 in
1902 2029 2284 2097 infidelitate
2324 2037 2701 2118 perpetrata
2733 2031 2962 2100 suisset

711 2139 1158 2222 interemptus.
1206 2137 1394 2205 Vnde
1426 2158 1572 2206 cum
1606 2137 1776 2225 idem
1826 2138 2135 2222 Magister
2185 2140 2547 2208 Joachinus
2584 2139 2837 2208 nullam
2871 2140 2957 2205 in-

712 2244 1084 2312 fidelitatem
1117 2251 1347 2312 contra
1377 2252 1659 2312 nostram
1699 2245 2108 2313 Maiestatem
2148 2246 2582 2331 commiserit,
2636 2248 2766 2314 imo
2798 2265 2954 2314 sem-

714 2372 828 2436 per
856 2358 1070 2418 nostre
1105 2351 1431 2419 Maiestati
1493 2349 1745 2421 studuit
1776 2353 2219 2439 multipliciter
2268 2354 2406 2421 suis
2456 2353 2807 2421 meritoriis
2838 2373 2961 2422 ser·

715 2458 904 2543 uicijs
937 2460 1379 2545 complacere:
1410 2461 1705 2527 volumus
1726 2511 1747 2547 ,
1798 2461 1971 2545 quod
2019 2461 2237 2527 omnia
2267 2461 2618 2547 priuilegia
2647 2469 2872 2530 nostra
2903 2472 2965 2529 et

715 2566 930 2632 littere
962 2573 1200 2650 nostre,
1235 2566 1290 2633 si
1322 2585 1449 2652 que
1480 2587 1676 2655 super
1697 2567 2065 2637 huiusmodi
2086 2568 2262 2636 facto
2296 2576 2527 2637 contra
2555 2571 2800 2638 dictum
2835 2570 2964 2637 Ma·

712 2673 989 2757 gistrum
1017 2674 1406 2742 Joaehinum
1437 2675 1892 2763 processerint,
1926 2685 2263 2746 cassentur
2283 2730 2303 2763 ,
2336 2683 2402 2746 et
2433 2679 2801 2763 Vbicunque
2833 2676 2965 2746 fue-

714 2780 842 2846 rint
891 2789 1275 2866 presentate,
1326 2783 1496 2851 uires
1528 2803 1661 2850 non
1693 2782 1979 2852 habeant
1995 2834 2016 2870 ,
2080 2784 2197 2851 sed
2229 2785 2488 2870 penitus
2518 2806 2637 2870 pro
2669 2785 2867 2854 irritis
2902 2794 2966 2851 et

715 2889 924 2955 cassis
952 2888 1351 2974 habeantur3
1416 2891 1573 2975 quia
1604 2889 1820 2958 dictus
1850 2891 2165 2976 Magister
2226 2891 2583 2959 Joachinus
2616 2913 2735 2977 pro
2767 2891 2964 2959 fideli-

717 3002 853 3062 tate
885 2996 1136 3063 Corone
1166 2999 1365 3083 Regie
1395 2996 1619 3066 debita
1651 3019 1771 3084 per
1802 3018 1953 3065 suos
1984 2998 2234 3066 emulos
2266 2999 2481 3065 extitit
2526 2998 2964 3083 interemptus.

716 3103 952 3170 Datum
986 3104 1170 3171 Bude
1201 3112 1429 3189 quarto
1462 3103 1569 3172 die
1598 3105 2073 3189 quindenarum
2126 3106 2537 3174 Pentecosten
2558 3158 2574 3189 ,
2638 3124 2809 3173 anno
2840 3105 2966 3170 Do·
3091 3086 3098 3090 ’

718 3211 876 3278 mini
912 3210 1135 3278 Μ”ΟΟ0
1165 3213 1603 3295 octuagesimo
1637 3211 1905 3300 (sexto.)

723 3427 1001 3488 (Eredetie
1028 3423 1362 3493 bo'rhartyan
1385 3445 1419 3480 a
1437 3425 1588 3496 pecsi
1611 3429 1840 3496 pilspoki
1861 3427 2132 3495 konyvtar
2154 3427 2407 3497 okmzimyi
2435 3426 2968 3497 gyiijtemenyebsn.)
