3319 5249
1366 350 1495 418 207

299 543 631 627 Hungarie
651 595 668 629 ,
717 564 909 628 quam
959 546 1199 613 nostris
1250 549 1654 633 temporibus
1705 548 2186 633 quomodolibet
2217 569 2551 635 processe-

301 659 441 719 runt
469 654 581 720 uel
611 652 1030 738 imposterum
1065 663 1486 740 emanarent,
1540 677 1705 739 quas
1742 662 1805 724 et
1843 677 1966 740 que
1997 657 2381 725 auctoritate
2415 679 2557 744 pre·

299 763 611 847 sencium,
669 782 751 828 ne
800 763 1112 846 premisse
1150 762 1496 830 collacioni
1529 771 1746 832 nostre
1779 763 2208 851 preiudicium
2241 774 2558 851 generent

301 870 399 935 uel
433 888 816 955 gravamen,
854 889 1252 957 reuocamus,
1289 892 1641 958 cassamus,
1710 879 1773 938 et
1805 871 2051 959 pariter
2085 873 2430 941 irritamus.
2478 872 2553 939 In

302 976 478 1042 cuius
514 976 608 1042 rei
640 977 1018 1045 memoriam
1056 977 1559 1063 firmitatemque
1608 987 1988 1065 perpetuam
2041 988 2376 1064 presentes
2410 1000 2558 1047 con-

302 1087 616 1151 cessimus
666 1086 924 1152 litteras
974 1084 1263 1171 duplicis
1315 1087 1516 1171 sigilli
1567 1087 1777 1154 nostri
1826 1088 2056 1154 robore
2105 1087 2556 1156 communitas.

303 1193 537 1259 Datum
572 1212 686 1277 per
721 1213 951 1260 manus
983 1194 1379 1261 venerabilis
1429 1194 1553 1260 viri
1604 1194 1900 1278 Magistri
1954 1195 2200 1263 Thome
2233 1196 2561 1265 ,Albensis

304 1300 594 1367 Ecclesie
658 1300 872 1367 Electi
919 1302 1070 1367 aule
1118 1308 1336 1369 nostre
1387 1302 1964 1387 vice-Cancellarij
2001 1302 2222 1369 dilecti
2255 1309 2319 1368 et
2347 1302 2561 1369 fidelis

308 1407 545 1494 nostri,
611 1429 782 1476 anno
832 1408 1099 1476 Domini
1160 1410 1507 1477 millesimo
1575 1410 2015 1479 ducentesimo
2080 1410 2561 1497 septuagesimo

308 1522 552 1600 octauo,
584 1517 793 1603 Regni
826 1524 1045 1586 autem
1079 1519 1280 1585 nostri
1313 1538 1484 1587 anno
1517 1526 1721 1586 sexto.

311 1696 578 1757 (Eredetie
604 1694 953 1763 biirhfirtyam
992 1698 1221 1767 melyrtil
1250 1715 1284 1751 a
1310 1696 1489 1764 kiraly
1512 1700 1696 1754 kettb's
1722 1694 2072 1764 peesetjenek
2100 1696 2358 1749 toredeke
2383 1702 2565 1748 vbrbs·

482 1788 603 1839 zold
646 1787 1108 1854 selyemzsinoron
1146 1787 1299 1856 sugg,
1339 1804 1372 1840 a
1397 1788 1560 1839 budai
1586 1789 1691 1839 kir.
1723 1788 1970 1840 kamarai
1997 1784 2376 1852 leveltarban.)

1222 2065 1650 2078 ῃ

1368 2426 1520 2494 144.

321 2626 425 2692 IV.
459 2624 693 2693 Ldszld
738 2627 1092 2712 kirdlynak
1142 2626 1414 2694 Numsir
1447 2626 2003 2714 Jb‘lde'ttdrqyazd
2032 2628 2397 2714 adomdnya
2427 2629 2568 2694 Μά-

808 2739 977 2821 tycis,
1024 2735 1364 2801 Endre'nek
1386 2735 1495 2819 fia
1525 2740 1840 2802 szdmdra.
1886 2737 2080 2803 1278.

529 2912 884 2980 Ladizlaus
938 2913 1067 2979 Dei
1120 2913 1343 2996 gracia
1390 2913 1726 2998 Hungarie
1748 2966 1767 3001 ,
1833 2913 2176 2980 Dalmacie
2194 2963 2212 2996 ‚
2280 2911 2567 2999 Croacie‚

321 3022 557 3107 Bame,
605 3021 863 3105 Seruie‚
919 3018 1242 3105 Gallicie,
1300 3020 1729 3110 Lodomerie,
1776 3020 2091 3090 Cumanie
2141 3020 2575 3106 Bulgarieque

321 3127 455 3193 Rex
492 3128 795 3194 omnibus
829 3124 1069 3193 Christi
1119 3125 1425 3193 fidelibus
1477 3133 1813 3212 presentes
1862 3128 2113 3195 litteras
2163 3127 2574 3214 inspecturis,

322 3234 593 3301 salutem
657 3232 724 3299 in
785 3233 1077 3300 omnium
1140 3232 1487 3301 saluatore.
1587 3233 1688 3299 Ad
1754 3234 2205 3302 vniuersorum
2267 3235 2574 3302 noticiam

322 3348 535 3409 tenore
568 3342 976 3426 presencium
1036 3341 1338 3410 volumus
1400 3343 1766 3430 peruenire,
1823 3341 1992 3427 quod
2043 3340 2353 3408 Matthias
2402 3340 2572 3407 filius

326 3449 583 3517 Andree
633 3450 720 3515 ad
747 3456 1040 3517 nostram
1090 3451 1408 3517 accedens
1458 3450 1863 3536 presenciam
1915 3450 2247 3516 humiliter
2299 3470 2340 3515 a
2389 3449 2577 3516 nobis

323 3557 748 3644 supplicando
775 3559 1158 3646 postulauit,
1211 3564 1282 3625 ut
1331 3559 1398 3625 in
1452 3560 1897 3627 concambium
1929 3564 2096 3626 terre
2127 3578 2243 3625 sue
2277 3558 2579 3623 Cermula

322 3672 580 3748 vocate,
629 3665 797 3731 inter
843 3665 1081 3732 fluuios
1133 3666 1425 3733 Ceremle
1475 3673 1539 3732 et
1570 3665 1759 3733 Inkle
1802 3666 1867 3732 in
1902 3666 2173 3751 Lyptow
2213 3664 2574 3747 existentis,

324 3790 514 3853 quam
547 3772 632 3838 ab
665 3771 809 3857 ipso
843 3772 1270 3859 abstulimus,
1320 3774 1477 3857 quia
1527 3774 1597 3840 in
1649 3774 1795 3859 ipsa
1843 3780 2019 3838 terra
2069 3768 2432 3838 aurifodina
2482 3776 2583 3837 est

323 3885 602 3965 reperta,
639 3878 963 3962 quandam
999 3888 1238 3948 terram
1268 3880 1555 3966 Numsyr
1582 3886 1883 3948 vocatam
1915 3880 1984 3944 in
2013 3877 2269 3945 Turocb
2300 3879 2579 3945 existen·

324 3992 451 4051 tem
484 3984 571 4052 de
602 3992 828 4052 nostra
858 3988 1204 4057 Maiestate
1253 3989 1462 4071 Regia
1511 3986 1637 4053 sibi
1694 3984 1981 4053 conferre
2013 3985 2450 4070 dignaremur,
2519 3990 2583 4049 et

322 4113 435 4177 per
485 4091 691 4159 Bitter
743 4094 1056 4161 Comitem
1104 4098 1170 4162 in
1224 4096 1623 4178 corporalem
1675 4093 2146 4180 possessionem
2198 4091 2371 4158 dicte
2409 4097 2578 4157 terre

320 4198 681 4268 faceremus
731 4201 1006 4270 eundem
1056 4201 1403 4270 introduci.
1472 4199 1974 4269 considerantes
2043 4199 2263 4284 itaque
2315 4196 2572 4284 peticio·

323 4326 443 4374 nes
477 4307 692 4393 ipsius
722 4310 993 4376 Matthie
1023 4309 1162 4376 fore
1200 4310 1427 4396 iustae,
1480 4308 1653 4376 dicto
1688 4307 1917 4376 Comiti
1950 4307 2125 4375 Biter
2156 4314 2313 4376 tunc
2345 4305 2580 4373 Comiti

326 4412 409 4481 de
439 4414 713 4482 Zoulum
765 4414 1058 4484 dedimus
1107 4418 1175 4483 in
1225 4417 1569 4505 preceptis,
1632 4423 1702 4482 vt
1750 4416 1962 4501 ipsam
2014 4421 2249 4483 terram
2289 4415 2578 4502 Numsyr

323 4520 539 4589 eidem
586 4520 866 4589 Matthie
914 4529 1229 4591 statueret
1266 4529 1328 4593 et
1358 4524 1729 4610 assignaret
1779 4519 2236 4607 possidendam
2286 4541 2404 4607 pro
2437 4540 2583 4587 con·

322 4631 590 4699 cambio
623 4637 797 4699 terre
829 4650 943 4699 sue
974 4640 1341 4701 memorate.
1391 4632 1602 4712 Quam
1651 4651 1769 4718 per
1798 4630 2012 4717 ipsum
2045 4627 2354 4697 Comitem
2406 4626 2584 4696 Biter
