3319 5249
1753 202 1883 270 200

891 399 1454 467 Excellentissimo
1513 399 1796 466 Domino
1854 416 1973 464 sno
2022 396 2340 465 Ladizlao
2392 397 2475 462 D.
2538 419 2631 483 gr.
2684 396 2934 465 Illustri

675 508 838 594 Regi
869 507 1203 593 Hungarie
1252 508 1620 594 Capitulum
1668 506 2030 574 Jaurieusis
2083 504 2384 573 Ecclesie
2423 507 2551 572 stb.
2589 504 2931 591 (kovetke

675 615 784 683 zik
816 637 859 682 a
888 617 1076 701 gydri
1106 616 1562 702 kaptalannak
1602 615 1925 700 jelentese
1944 667 1962 701 ,
2017 615 2176 681 mint
2227 615 2427 681 alabb
2459 636 2501 682 a
2538 617 2684 683 148.
2719 634 2807 681 sz.
2838 616 2932 702 a.)

808 758 815 765 ·
890 724 1027 792 Nos
1058 723 1280 807 itaque
1308 724 1715 791 attendentes
1765 721 2110 791 fidelitates
2141 728 2206 788 et
2238 721 2570 788 meritoria
2610 722 2934 807 obsequia

671 830 1104 917 predictorum
1132 832 1358 899 Jacobi
1389 837 1456 898 et
1484 828 1825 917 Ladizlay,
1880 849 2009 914 que
2045 830 2113 895 in
2145 829 2442 897 omnibus
2476 829 2923 913 expedicioni-

678 940 799 1006 bus
829 940 1057 1025 Regni,
1092 938 1352 1007 domino
1370 940 1536 1024 Regi
1569 938 1905 1024 Stephano
1937 938 2110 1024 patri
2142 945 2363 1005 nostro
2395 936 2743 1004 karissimo
2776 937 2930 1005 feli-

681 1045 772 1113 cis
803 1046 1299 1131 recordacionis,
1350 1046 1608 1113 demum
1638 1053 1705 1115 et
1735 1047 1923 1113 nobis
1973 1046 2041 1112 in
2092 1050 2267 1112 etate
2301 1053 2528 1111 tenera
2557 1046 2928 1112 constitutis

679 1173 827 1220 cum
888 1154 1062 1220 omni
1113 1151 1369 1221 feruore
1401 1153 1735 1221 fidelitatis
1785 1152 2203 1221 laudabiliter
2252 1151 2679 1222 exhibuerunt
2729 1159 2791 1220 et
2822 1153 2933 1219 de·

682 1268 871 1344 uote;
920 1268 985 1329 et
1014 1262 1385 1347 specialiter
1415 1268 1566 1328 tunc
1601 1281 1745 1327 cum
1778 1264 1916 1328 Rex
1948 1262 2337 1329 Boemorum
2370 1262 2754 1347 capitaneus
2794 1255 2933 1345 (igy

686 1352 1070 1455 „capitalis“
1105 1369 1380 1456 helyett)
1444 1370 1746 1437 inimicus
1799 1370 2009 1454 Regni
2071 1370 2273 1436 nostri
2328 1367 2620 1436 collectis
2682 1367 2932 1434 uiribus

681 1475 837 1561 suis,
885 1483 951 1544 et
981 1478 1267 1544 exercitu
1306 1497 1424 1544 suo
1460 1478 1718 1544 eleuato
1769 1479 1889 1544 sub
1940 1475 2266 1562 quoddam
2318 1484 2602 1545 castrum
2635 1482 2931 1544 nostrum

681 1584 944 1652 Kobold
976 1592 1275 1653 uocatum
1305 1584 1371 1650 in
1407 1585 1681 1652 confinio
1712 1584 1783 1652 in
1817 1586 2141 1654 comitatu
2181 1586 2611 1672 Supruniensi
2652 1585 2956 1653 existen?

679 1700 809 1760 tem
840 1692 925 1760 ad
957 1691 1462 1778 expugnandum
1494 1693 1670 1759 idem
1704 1693 2138 1780 accessisset,
2190 1693 2515 1780 prenotati
2554 1694 2837 1762 Jacobus
2872 1699 2938 1760 et

686 1799 1032 1868 Ladizlaus
1049 1850 1068 1885 ,
1142 1799 1255 1883 qui
1306 1800 1516 1886 ipsum
1566 1805 1846 1867 castrum
1878 1806 2170 1867 nostrum
2203 1800 2462 1867 Kobold
2491 1799 2681 1867 nobis
2713 1801 2793 1867 de
2822 1820 2934 1865 no·

684 1914 818 1976 stro
851 1905 1161 1974 mandato
1194 1907 1685 1993 conseruabant,
1737 1914 1807 1974 ut
1838 1908 2031 1974 solita
2065 1926 2180 1974 sue
2213 1905 2544 1973 fidelitatis
2576 1928 2775 1995 opera
2800 1908 2935 1974 lau-

682 2013 966 2083 dabilius
999 2022 1412 2100 exercerent,
1462 2013 1542 2079 de
1593 2014 1822 2082 eodem
1874 2034 2016 2081 cum
2070 2014 2368 2081 omnibus
2418 2015 2553 2082 suis
2603 2025 2934 2100 exeuntes,

682 2143 829 2191 cum
859 2122 1003 2209 ipso
1035 2124 1213 2207 Rege
1243 2123 1629 2188 Boemorum
1664 2130 1726 2188 et
1759 2142 1879 2190 suo
1913 2124 2200 2189 exercitu
2237 2123 2517 2190 uiriliter
2548 2132 2613 2191 et
2643 2123 2935 2191 laudabi-

678 2230 824 2296 liter
856 2229 1258 2313 dimicande,
1324 2229 1555 2296 letalia
1603 2230 1672 2297 in
1727 2250 1802 2297 se
1855 2231 2127 2298 uulnera
2165 2231 2602 2319 excipientes,
2671 2233 2934 2317 quidam

680 2337 881 2404 frater
909 2337 1194 2422 ipsorum
1226 2336 1484 2404 nomine
1516 2336 1784 2403 Chenke
1822 2338 1892 2404 in
1925 2336 2150 2405 eodem
2191 2338 2489 2405 conflictu
2523 2338 2590 2405 in
2621 2339 2938 2407 fidelitate

683 2450 748 2511 et
778 2446 1057 2512 seruicio
1091 2445 1275 2512 nobis
1308 2454 1371 2512 et
1404 2445 1650 2512 Corone
1684 2443 2048 2513 exhibendo
2084 2444 2297 2511 extitit
2328 2447 2784 2533 interemptus,
2817 2449 2934 2514 sic·

684 2562 752 2621 ut
781 2553 966 2621 nobis
1033 2572 1149 2641 per
1210 2551 1536 2621 ueridicos
1586 2559 1650 2619 et
1701 2552 1926 2619 fideles
1977 2553 2268 2620 Barones
2323 2558 2577 2620 nostros
2629 2554 2933 2641 constitit,

679 2682 841 2746 quos
891 2669 1047 2728 tunc
1094 2683 1210 2749 pro
1262 2659 1635 2730 defensione
1690 2681 1847 2746 sepe
1880 2660 2038 2727 dicti
2071 2662 2268 2728 castri
2319 2663 2523 2730 nostri
2576 2662 2835 2730 Kobold
2865 2664 2932 2729 in

678 2770 993 2839 auxilium
1045 2777 1109 2837 et
1156 2772 1459 2838 iuuamen
1512 2767 1863 2837 eorundem
1916 2770 2227 2836 nobilium
2280 2769 2674 2839 duxeramus
2725 2776 2934 2840 trans·

677 2878 1047 2945 mittendos.
1093 2876 1279 2947 Vnde
1329 2899 1448 2947 nos
1478 2899 1596 2965 pro
1629 2885 1727 2944 tot
1757 2886 1822 2946 et
1850 2880 2048 2945 tantis
2099 2879 2395 2964 seruicijs
2446 2879 2797 2947 eorundem
2831 2901 2934 2947 sn-

678 2984 900 3070 perius
931 2986 1276 3072 expressis,
1313 2985 1833 3070 prenominatam
1866 2991 2108 3052 terram
2143 2984 2438 3072 Scylwas
2472 3006 2616 3052 cum
2637 2988 2936 3054 omnibus

676 3091 1067 3160 utilitatibus
1117 3099 1182 3159 et
1233 3093 1654 3178 pertinencijs
1707 3094 1842 3160 suis
1874 3092 2234 3181 uniuersis,
2285 3091 2621 3177 dedimus,
2670 3091 2933 3161 donaui-

681 3220 824 3268 mus
858 3206 925 3267 et
956 3200 1341 3268 contulimus
1372 3200 1724 3287 sepedictis
1758 3201 2007 3269 Jacobo
2051 3208 2116 3268 et
2146 3202 2457 3269 Ladizlao
2476 3254 2496 3288 ,
2551 3211 2614 3269 et
2660 3222 2778 3288 per
2827 3222 2936 3270 eos

680 3307 1028 3375 heredibus
1062 3306 1502 3391 heredumque
1552 3326 1810 3376 suorum
1842 3307 2319 3376 successoribus
2353 3309 2494 3375 iure
2525 3315 2842 3395 perpetuo
2874 3317 2936 3376 et

671 3413 942 3500 pacifice
991 3414 1474 3501 possidendam.
1555 3416 1644 3481 Vt
1693 3419 1910 3481 autem
1961 3414 2083 3482 hec
2131 3422 2352 3482 nostra
2401 3415 2679 3482 collacio
2730 3417 2927 3483 robur

679 3523 975 3609 optineat
1002 3531 1312 3609 perpetue
1340 3521 1666 3589 firmitatis
1687 3573 1707 3607 ,
1758 3528 1838 3588 et·
1871 3543 1955 3589 ne
1995 3541 2303 3608 processu
2341 3529 2700 3609 temporum
2730 3525 2938 3611 possit

676 3631 782 3699 uel
815 3630 1051 3698 debeat
1085 3633 1150 3698 in
1185 3632 1439 3699 irritum
1471 3633 1768 3698 reuocari
1810 3637 1923 3697 aut
1952 3631 2363 3714 aliquatenus
2395 3632 2748 3716 retractari,
2799 3652 2938 3719 pre·

677 3745 898 3807 sentes
933 3741 1365 3808 concessimus
1396 3738 1649 3806 litteras
1683 3739 1879 3822 sigilli
1911 3737 2138 3819 {nostri
2173 3740 2523 3806 munimine
2572 3741 2935 3807 roboratas.

674 3847 912 3913 Datum
964 3866 1081 3932 per
1130 3865 1364 3914 manus
1411 3845 1808 3913 venerabilis
1861 3844 1984 3910 uir'i
2016 3846 2310 3931 Magistri
2345 3845 2594 3913 'rhome
2626 3846 2937 3915 Albensis

676 3954 971 4022 Ecclesie
1021 3955 1230 4023 Electi
1281 3955 1432 4022 aule
1481 3959 1704 4020 nostre
1755 3951 2335 4041 Vice·Cancellarij
2391 3955 2749 4023 Hantensis
2787 3954 2935 4022 Pre-

674 4061 872 4149 positi
906 4059 1126 4129 dilecti
1162 4068 1227 4128 et
1259 4061 1472 4128 fidelis
1503 4059 1731 4144 nostri,
1784 4079 1953 4125 anno
2004 4060 2265 4127 Domini
2304 4061 2733 4129 M⁰CC⁰LXX⁰
2768 4068 2934 4130 octa·

675 4189 759 4286 uo
788 4170 995 4254 Regni
1029 4179 1245 4238 autem
1278 4171 1484 4239 nostri
1519 4190 1692 4237 anno
1727 4176 1935 4236 sexto.

677 4281 773 4449 (Ετ
748 4333 920 4385 riedet
906 4351 953 4386 ie
979 4331 1585 4402 b6rhartyan,melyr61
1613 4348 1648 4383 a
1672 4329 1859 4398 pecset
1882 4332 2005 4384 zold
2032 4334 2312 4399 selyemzsi
2315 4334 2487 4387 noron
2517 4333 2666 4400 sugg,
2706 4349 2740 4385 a
2768 4333 2934 4385 budai

1412 4425 1469 4475 ki
1476 4440 1517 4474 r.
1548 4424 1797 4474 kamarai
1824 4419 2209 4490 leveltarban.)
