3319 5249
1415 213 1543 279 199

342 409 712 475 memoriam
774 416 1285 494 perpetuamque
1334 406 1704 474 firmitatem
1767 416 2103 493 presentes
2163 413 2605 480 concessimus

337 517 586 583 litteras
620 517 827 601 sigilli
879 517 1085 584 nostri
1139 516 1492 584 munimine
1540 517 1900 585 roboratas.
1950 518 2191 587 Datum
2225 539 2342 605 per
2375 541 2602 591 manus

345 624 741 691 venerabilis
774 624 900 690 viri
931 624 1228 707 Magistri
1265 623 1585 691 Johannis
1617 626 1941 709 Prepositi
1973 626 2312 709 Budensis,
2360 628 2600 698 Alben-

342 733 431 799 sis
462 732 757 799 Ecclesie
806 730 1019 800 Electi
1036 781 1056 817 ,
1122 731 1289 798 Aule
1349 739 1566 800 nostre
1628 731 2213 819 Vico-cancellarii
2274 736 2505 804 dilecti
2539 744 2604 804 et

342 840 556 907 fidelis
588 838 813 922 nostri,
848 859 1021 905 anno
1069 839 1334 906 Domini
1365 840 1455 905 Μο
1478 837 1820 906 CC⁰LXX⁰
1852 848 2105 926 octauo,
2142 842 2344 911 tercio
2374 843 2602 913 kalen·

343 946 459 1014 das
490 948 892 1034 Septembris
922 946 1131 1032 Regni
1165 953 1381 1014 autem
1413 947 1618 1014 nostri
1650 968 1824 1017 anno
1855 950 2151 1035 septimo.

344 1123 623 1190 (Eredetie
661 1122 1014 1193 borhbrtyan,
1057 1127 1284 1192 melyrffl
1327 1144 1362 1179 a
1402 1125 1884 1195 ald-sargawiola
1926 1131 2078 1182 szinii
2114 1129 2598 1196 szelyemzsinoron

518 1214 692 1283 sugg&
729 1216 918 1283 pecset
953 1214 1070 1269 mar
1095 1217 1362 1282 lehullott,
1403 1232 1438 1267 a
1460 1234 1635 1271 nemz.
1678 1233 1922 1271 museum
1946 1215 2430 1286 kezirattarfiban.)

1402 1839 1559 1909 138.

350 2044 391 2107 Ι
394 2034 461 2107 V.
514 2042 751 2109 Ldszld
810 2043 1158 2127 kira'lynak
1222 2039 1477 2108 Szilvds
1537 2043 1839 2127 helys69et
1889 2045 2200 2128 tdrqyazd
2234 2042 2600 2129 adomdnya

755 2146 1017 2232 Zerky-i
1050 2147 1260 2214 Jakab
1291 2150 1353 2213 6⁸
1384 2148 1616 2214 Ldszld
1644 2152 1959 2214 szdmdra.
1991 2148 2184 2216 1278.

549 2346 899 2413 Ladizlaus
963 2347 1087 2412 Dei
1170 2347 1397 2431 gracia
1447 2345 1784 2431 Hungarie
1802 2396 1820 2429 ,
1872 2345 2212 2412 Dalmacie
2229 2394 2248 2430 ,
2304 2345 2592 2429 Croacie,

343 2456 556 2539 Rame,
603 2451 863 2537 Seruie,
911 2453 1230 2538 Gallicie,
1275 2451 1700 2539 Lodomerie,
1761 2452 2113 2535 Cumanie,
2160 2451 2597 2538 Bolgarieque

344 2562 472 2629 Rex
505 2561 824 2630 Vniuersis
858 2559 1095 2628 Christi
1148 2559 1449 2630 fidelibus
1500 2568 1869 2647 presentem
1920 2558 2230 2646 paginam
2263 2560 2593 2647 inspectu-

344 2670 424 2737 ris
454 2672 733 2738 salutem
765 2670 833 2736 in
865 2691 1019 2737 uero
1052 2672 1406 2753 saluatore.
1456 2671 1642 2738 Solet
1695 2669 1989 2739 dominos
2027 2667 2197 2758 (igy)
2230 2668 2356 2737 sibi
2388 2667 2592 2735 fideli-

342 2786 435 2845 ter
465 2779 934 2845 famulancium
968 2778 1283 2862 obsequia
1314 2782 1688 2865 prospicere
1738 2778 1946 2846 oculis
1979 2778 2282 2864 pietatis,
2336 2784 2401 2845 et
2453 2777 2590 2844 uni·

341 2888 566 2972 cuique
598 2888 785 2953 iuxta
817 2886 1111 2955 meritum
1144 2906 1472 2956 occurrere
1502 2886 1823 2970 largifluis
1859 2888 2157 2953 manibus
2178 2891 2374 2970 atque
2396 2884 2593 2953 dona·

339 2994 505 3080 tinia,
557 3001 630 3060 ut
661 3014 778 3080 per
807 2994 929 3060 hoc
960 2993 1075 3075 alij
1111 2993 1239 3060 sibi
1271 2991 1357 3060 ad
1385 2992 1723 3061 fidelitatis
1754 2994 1978 3061 studia
2011 2991 2428 3079 inpendenda
2459 2993 2588 3060 for-

340 3102 471 3170 cius
520 3101 980 3169 accendantur.
1029 3099 1309 3204 Proinde
1369 3100 1455 3167 ad
1508 3102 1955 3168 uniuersorum
2007 3100 2314 3167 noticiam
2361 3098 2590 3166 harum

339 3211 501 3276 serie
551 3209 850 3276 uolumus
901 3208 1285 3295 peruenire,
1334 3207 1507 3292 quod
1557 3209 1938 3276 accedentes
1991 3205 2079 3274 ad
2128 3212 2415 3273 nostram
2449 3224 2589 3291 pre-

340 3317 625 3385 senciam
661 3316 942 3385 Jacobus
974 3324 1038 3381 et
1068 3315 1419 3383 Ladizlaus
1452 3315 1535 3384 de
1556 3316 1720 3384 uilla
1749 3317 1969 3402 Zerky
2002 3314 2331 3399 quandam
2353 3320 2593 3380 terram

339 3424 545 3491 Castri
580 3423 785 3491 nostri
839 3423 1280 3491 Musuniensis
1334 3423 2096 3509 Soilwasmuncupatam
2117 3471 2137 3507 ,
2186 3441 2381 3505 quam
2413 3421 2589 3489 dixe-

342 3539 484 3598 runt
519 3550 661 3596 esse
694 3550 972 3597 uacuam
1003 3537 1069 3596 et
1095 3531 1567 3598 habitatoribus
1605 3537 1955 3615 carentem,
2011 3528 2381 3615 petiuerunt
2414 3550 2457 3595 a
2486 3548 2593 3595 no·

343 3640 440 3706 bis
492 3638 620 3705 sibi
654 3637 815 3705 dari.
865 3640 1104 3705 Verum
1153 3638 1309 3723 quia
1358 3638 1443 3706 de
1492 3639 1807 3724 qualitate
1858 3646 1922 3705 et
1971 3636 2332 3721 quantitate
2384 3636 2589 3721 ipsius

345 3757 510 3817 terre
543 3748 731 3814 nobis
762 3750 1002 3814 ueritas
1054 3747 1139 3813 ad
1174 3749 1432 3833 plenum
1483 3769 1612 3814 non
1666 3749 2044 3831 constabat,
2098 3753 2310 3813 utrum
2375 3750 2592 3812 nostre

343 3854 690 3924 collacioni
729 3855 1062 3939 pertinens
1114 3863 1282 3923 esset
1329 3874 1449 3922 nec
1482 3875 1600 3940 ne;
1646 3855 1946 3923 fidelibus
1997 3854 2239 3921 nostris
2295 3852 2593 3939 Capitulo

333 3962 659 4031 Jauriensi
690 3960 959 4030 firmiter
990 3962 1285 4030 dedimus
1318 3965 1384 4029 in
1418 3962 1764 4044 mandatis,
1800 3968 1870 4027 ut
1903 3981 2121 4029 eorum
2156 3961 2388 4028 darent
2413 3961 2593 4028 testi·

337 4073 624 4138 monium
656 4069 867 4137 uirum
898 4070 1241 4157 ydoneum,
1278 4071 1388 4155 qui
1419 4071 1853 4157 personaliter
1885 4070 2222 4139 accederet
2240 4070 2327 4137 ad
2349 4076 2593 4136 terram

334 4179 630 4266 Scylwas
661 4185 1118 4263 memoratam,
1181 4184 1245 4243 et
1295 4176 1549 4244 uideret
1598 4196 1675 4243 ac
1726 4176 2076 4261 inspiceret
2108 4177 2496 4262 qualitatem
2530 4183 2596 4243 et

333 4284 765 4370 quantitatem
799 4284 1128 4370 eiusdem,
1194 4291 1258 4350 et
1308 4291 1520 4350 utrum
1572 4288 1786 4350 nostre
1837 4284 2183 4352 collacioni
2215 4286 2589 4370 pertineret,

340 4403 400 4461 et
429 4400 625 4480 prout
655 4393 823 4461 scire
861 4399 1081 4478 posset
1128 4393 1315 4461 nobis
1367 4393 1434 4459 in
1484 4392 1616 4461 suis
1670 4391 1903 4460 litteris
1953 4393 2354 4460 intimarent.
2407 4389 2594 4470 Quod

344 4501 607 4585 quidem
644 4498 1012 4587 Capitulum
1044 4501 1232 4569 nobis
1263 4498 1666 4588 postmodum
1716 4501 2052 4589 rescripsit
2099 4501 2166 4568 in
2198 4499 2318 4568 heo
2348 4501 2589 4569 uerba:
