3319 5249
1892 319 2022 399 336

828 546 997 594 mum
1029 523 1450 595 consideratis
1484 527 1732 595 meritis
1764 548 2207 614 personarum,
2238 550 2364 614 que
2418 529 2594 597 tanto
2645 529 3052 614 congruerent

825 635 998 703 oneri
1028 644 1093 702 et
1121 635 1370 722 honori,
1402 636 1470 701 in
1502 642 1566 701 te
1598 644 1751 702 tunc
1784 636 2176 702 Canonicum
2211 635 2675 704 Catharensem
2697 657 2877 704 suum
2899 635 3049 705 dire·

822 752 1054 811 xerunt
1083 763 1479 827 consensum,
1512 751 1577 810 et
1607 745 1898 829 prefatus
1931 744 2091 810 Zeta
2124 764 2238 811 suo
2272 753 2334 810 ct
2365 745 2653 812 eiusdem
2685 746 2780 811 sui
2816 746 3052 830 college

827 853 1084 920 nomine
1123 860 1186 920 te
1234 853 1300 918 in
1333 853 1499 919 dicto
1533 852 1829 938 Capitulo
1862 851 1929 918 in
1965 854 2457 920 Antibarensem
2489 854 3047 939 Archiepiscopum

824 961 1209 1046 postulando
1243 962 1457 1047 elegit,
1488 967 1552 1027 et
1583 960 1884 1044 eligendo
1918 963 2110 1028 etiam
2133 962 2502 1048 pestulavit.
2526 966 2722 1031 Porro
2748 985 2890 1031 cum
2922 983 3054 1050 pre-

822 1069 938 1134 fati
953 1069 1314 1156 Capitulum
1337 1070 1712 1136 electionem
1734 1068 2102 1137 huiusmodi
2124 1066 2558 1157 presentatam
2578 1073 2763 1139 nobis
2786 1093 2865 1140 ex
2884 1081 3057 1158 parte

821 1178 1105 1263 ipsorum
1143 1178 1580 1263 postulassent
1625 1177 1956 1244 ⁴humiliter
2007 1180 2389 1259 confirmari,
2425 1189 2493 1248 tu
2536 1180 2757 1264 fugere
2789 1182 3044 1267 cupiens

821 1282 1209 1370 presidentie
1257 1305 1441 1369 onus,
1494 1285 1635 1372 iuri,
1688 1285 1746 1351 si
1776 1286 1947 1369 quod
1979 1287 2096 1353 tibi
2128 1307 2207 1354 ex
2239 1288 2548 1356 electione
2579 1286 2944 1355 huiusmodi
2975 1287 3050 1352 de

821 1405 886 1461 te
904 1395 1226 1463 celebrata
1257 1396 1682 1481 competebat,
1712 1397 1781 1461 in
1815 1396 2116 1462 manibus
2148 1397 2537 1464 venerabilis
2589 1395 2808 1465 fratris
2859 1394 3052 1465 nostri

820 1503 1126 1589 Episcopi
1156 1503 1567 1587 Albanensis,
1588 1504 1691 1569 cui
1711 1502 1833 1570 hoc
1853 1505 2221 1589 specialiter
2250 1505 2697 1592 commisimus,
2722 1510 2949 1592 sponte
2978 1523 3048 1570 ac

821 1612 1026 1679 libere
1055 1610 1418 1696 resignasti.
1488 1611 1624 1680 Nos
1654 1611 1876 1695 itaque
1907 1611 2274 1681 huiusmodi
2304 1615 2740 1698 resignatione
2773 1620 3042 1698 recepta,

824 1719 903 1786 de
932 1721 1191 1806 salubri,
1216 1727 1284 1785 ut
1303 1724 1608 1804 tenemur,
1630 1719 1999 1806 provisione
2034 1721 2235 1808 ipsius
2266 1722 2557 1789 Ecclesie
2578 1723 2956 1805 cogitantes,
2988 1727 3054 1784 ut

822 1830 959 1897 eius
990 1829 1235 1895 diutine
1269 1828 1602 1896 viduitatis
1636 1828 1934 1895 lacrimas
1968 1828 2135 1896 dono
2167 1829 2380 1896 votive
2430 1829 2892 1898 consolationis
2938 1830 3049 1897 sic-

819 1957 1130 2023 caremuS,
1183 1937 1390 2023 ipsius
1440 1957 1555 2023 per
1604 1957 2002 2021 consequens
2034 1936 2391 2023 dispendiis
2424 1944 2855 2028 occurrentes,
2905 1931 3054 2004 inte

817 2047 1027 2113 virum
1057 2047 1297 2133 utique,
1329 2053 1393 2111 ut
1425 2045 1931 2112 habetsassertio
1962 2047 2309 2133 fidedigna,
2343 2047 2664 2113 munditia
2696 2048 2829 2115 vite
2861 2054 2925 2112 et
2940 2065 3056 2110 mo·

817 2175 955 2221 rum
988 2154 1309 2238 gravitate
1341 2151 1757 2236 laudabilem,
1792 2157 1859 2220 in
1892 2155 2343 2240 spiritualibus
2374 2154 2711 2240 providum
2745 2163 2811 2223 et
2829 2161 3054 2241 tempo·

819 2265 1064 2330 ralibus
1098 2262 1652 2350 circumspectum,
1718 2261 2166 2351 dilectumque,
2202 2264 2329 2330 tuis
2359 2265 2770 2348 exigentibus
2824 2263 3053 2331 meritis

819 2369 1152 2440 carissimo
1200 2374 1271 2438 iu
1323 2370 1576 2438 Christo
1618 2372 1754 2439 filio
1786 2380 2006 2440 nostro
2055 2422 2071 2439 .
2108 2424 2122 2439 .
2162 2425 2174 2437 .
2225 2375 2386 2458 Regi
2420 2375 2643 2441 Serbie
2679 2373 2953 2460 Illustri,
2985 2390 3054 2438 ac

819 2477 1008 2548 Olero
1042 2488 1105 2546 et
1137 2480 1370 2565 populo
1401 2481 1817 2549 Antibarensi
1850 2490 2186 2568 acceptum
2218 2480 2567 2552 direximus
2589 2483 2814 2551 oculos
2834 2481 3054 2549 mentis

816 2596 1049 2658 nostre.
1085 2588 1491 2678 Quapropter
1521 2596 1879 2676 sperantes,
1911 2591 2083 2676 quod
2120 2591 2410 2678 predicta
2457 2591 2756 2660 Ecclesia
2805 2598 3053 2659 auctore

813 2701 1088 2767 Domino
1118 2705 1226 2765 tue
1256 2699 1741 2784 gubernationis
1771 2700 2126 2768 ministerio
2159 2700 2587 2785 spiritualiter
2620 2708 2683 2768 et
2735 2707 3047 2787 tempora·

813 2808 957 2874 liter
987 2807 1175 2873 donis
1205 2810 1421 2890 optate
1453 2806 1900 2892 prosperitatis
1933 2807 2264 2894 gaudebit,
2302 2815 2363 2873 te
2401 2807 2482 2874 de
2515 2808 2785 2874 fratrum
2818 2815 3048 2876 nostro-

813 2936 951 2982 rum
1001 2914 1269 2983 consilio
1321 2912 1529 2981 eidem
1578 2913 1868 2981 Ecclesie
1914 2914 2326 2982 Antibarensi
2377 2917 2443 2983 in
2476 2916 3037 3004 Archiepiscopum

818 3021 1202 3107 prefecimus
1235 3030 1301 3089 et
1332 3027 1677 3108 pastorem,
1709 3023 1954 3107 tibique
1986 3023 2388 3110 postmodum
2430 3024 2701 3095 fecimus
2732 3047 2850 3111 per
2881 3044 3049 3093 vene-

813 3132 1084 3198 rabilem
1114 3130 1383 3196 fratrem
1412 3137 1697 3198 nostrum
1749 3181 1765 3197 .
1801 3180 1816 3196 .
1854 3181 1869 3198 .
1916 3132 2305 3219 Episcopum
2338 3133 2772 3201 Tusculanum
2828 3153 3044 3202 munus

812 3240 1313 3308 consecrationis
1343 3240 1646 3324 impendi.
1682 3236 2002 3316 Quocirca
2033 3241 2429 3310 fraternitati
2475 3251 2580 3310 tue
2629 3265 2744 3331 per
2798 3245 3053 3333 Aposto-

813 3351 937 3417 lica
966 3349 1204 3434 scripta
1235 3335 1981 3434 mandamuS,'quateuus
2030 3351 2389 3418 huiusmodi
2441 3353 2651 3419 oneris
2707 3355 3045 3422 iniunctum

811 3458 929 3525 tibi
959 3480 1002 3523 a
1031 3460 1306 3525 Domino
1338 3459 1762 3526 ministerium
1795 3460 2158 3545 suscipiens
2179 3468 2563 3549 reverenter,
2589 3461 2677 3528 ad
2696 3464 3047 3548 predictam

811 3566 1165 3635 Ecclesiam
1225 3567 1721 3634 Antibarensem
1771 3568 1837 3633 in
1887 3567 2250 3637 humilitate
2300 3570 2558 3655 spiritus
2608 3578 2672 3638 te
2704 3569 3047 3637 transferre

811 3696 1131 3763 procures,
1166 3681 1229 3741 et
1258 3695 1522 3758 gregem
1553 3676 1671 3743 tibi
1704 3677 2013 3742 creditum
2047 3679 2142 3744 sic
2172 3696 2406 3764 pascas
2438 3699 2729 3746 sermone
2764 3687 2831 3745 et
2861 3696 3045 3764 opere

807 3805 887 3852 ac
918 3785 1234 3869 exemplo,
1268 3791 1331 3850 et
1362 3784 1598 3850 dictam
1628 3782 1992 3852 Ecclesiam
2022 3786 2521 3855 Antibarensem
2553 3807 2856 3873 sponsam
2875 3795 3039 3853 tuam

809 3913 1040 3959 ornare
1082 3892 1396 3959 varietate
1428 3892 1753 3978 virtutum,
1787 3899 1852 3959 et
1882 3913 2121 3978 augere
2153 3894 2419 3962 studeas
2471 3897 2843 3962 muneribus
2884 3894 3039 3961 cele·

806 4001 1012 4068 stibus
1044 4007 1109 4067 et
1141 4000 1427 4086 terrenis,
1468 3999 1639 4083 quod
1690 4023 1771 4069 ex
1822 4001 1942 4067 hoc
1975 4009 2038 4068 et
2068 4002 2215 4069 aliis
2246 4004 2376 4069 tuis
2410 4004 2540 4088 piis
2572 4003 2928 4070 actionibus
2961 3997 3041 4066 ad

809 4119 1029 4176 eterna
1060 4110 1472 4176 tabernacula
1501 4111 1812 4177 merearis
1843 4111 2059 4177 vocari
2105 4112 2176 4177 in
2228 4119 2514 4178 extremo
2567 4112 2861 4177 examine
2914 4129 3044 4175 cum

812 4217 1057 4284 electis
1089 4219 1328 4283 Datum
1359 4218 1532 4302 apud
1572 4218 1857 4284 Montem
1890 4218 2270 4286 Flasconem
2311 4219 2396 4286 X.
2436 4219 2761 4287 kalendas
2799 4220 3047 4284 Decem·

812 4325 963 4411 bris,
996 4325 1414 4392 Pontificatus
1448 4327 1651 4393 nostri
1686 4346 1858 4393 anno
1891 4329 2197 4396 secundo.
2516 4378 2519 4381 >

1022 4434 1097 4499 In
1134 4453 1187 4501 e.
1221 4455 1304 4499 m.
1336 4432 1586 4502 dilectis
1619 4436 1772 4504 filiis
1821 4488 1836 4502 .
1873 4488 1888 4504 .
1925 4486 1942 4503 .
1988 4438 2471 4506 Archidiacono
2505 4448 2568 4506 et
2601 4436 2892 4524 capitulo
2926 4435 3045 4500 An·

809 4541 1147 4629 tibarensi,
1179 4544 1417 4630 populo
1452 4544 1758 4614 Civitatis
1787 4548 2237 4618 Antibarensis
2288 4556 2353 4617 ct
2388 4549 2709 4618 universis
2740 4546 3044 4627 Suffraga-
