3319 5249
1848 355 1979 420 340

790 543 1284 633 firmitatemque
1317 547 1771 617 durabiliorem
1806 557 2138 636 presentes
2171 548 2411 617 eisdem
2442 553 2878 622 concessimus
2918 556 3019 622 lit⁴

790 660 961 718 teras
1011 663 1261 722 nostras
1310 656 1754 741 priuilegiales
1807 658 2149 744 pendentis
2199 659 2401 743 sigilli
2433 661 2638 730 nostri
2671 664 3022 730 munimine

785 761 1138 830 roboratas.
1208 766 1443 831 Datum
1496 767 1561 831 in
1626 765 1804 834 Bach
1860 767 1957 849 (in
2006 765 2288 856 octauis)
2346 769 2492 838 festi
2546 772 2731 839 Beati
2793 770 3023 838 Jacobi

785 871 1076 957 Apostoli
1128 892 1295 940 auno
1347 874 1603 942 Domini
1637 876 1736 941 Μ0
1765 876 2201 944 ducentesimo
2234 882 2677 964 octuagesimo
2708 880 3016 949 secundo.

785 977 1287 1048 Honorabilibus
1342 982 1497 1049 viris
1547 990 1610 1049 et
1656 982 1927 1053 dominis
1977 987 2250 1054 Nicolao
2312 990 2649 1076 Preposito
2667 1044 2686 1078 ,
2747 989 3017 1076 Philipo

785 1087 1068 1175 Lectore,
1116 1091 1473 1158 Laureneio
1522 1092 1818 1178 Oantooe,
1873 1095 2259 1163 Sebastiano
2311 1096 2795 1185 Archidiacono,
2835 1098 2880 1164 J
2884 1118 3012 1166 ona

785 1196 1212 1288 (Sirmiensi),
1295 1200 1543 1268 Thoma
1603 1203 1989 1286 Zegediensi
2052 1203 2538 1274 Archidiaconis
2559 1258 2578 1292 ‚
2642 1206 3023 1294 Morcolpho

781 1305 1077 1395 Custode,
1128 1309 1487 1394 ceterisque
1536 1311 1880 1382 Canonicis
1935 1315 2072 1381 Deo
2118 1313 2358 1399 jugiter
2411 1315 2889 1384 famulantibus
2947 1318 3017 1384 in

781 1415 1072 1484 Ecclesia
1109 1419 1478 1488 Bachiensi.

780 1631 849 1696 (A
888 1632 1038 1686 hacsi
1067 1634 1440 1703 kaptalannak
1474 1641 1625 1691 1336.
1655 1642 1747 1709 „in
1776 1641 1970 1706 vigilia
1998 1643 2253 1693 Omnium
2281 1637 2635 1694 Sanctorum“
2665 1643 2903 1711 „nobilis
2936 1647 3021 1695 vir

782 1723 1042 1789 Magister
1065 1728 1255 1778 Petrus
1282 1729 1425 1780 filius
1451 1730 1697 1781 Ladislai
1725 1730 1822 1795 filij
1852 1733 2018 1798 Ipach
2045 1733 2110 1782 de
2132 1733 2315 1783 Bodon
2337 1734 2636 1783 Comitatus
2659 1734 3016 1785 Bachiensis“

939 1815 1186 1869 keresere
1213 1820 1428 1870 kiadott
1454 1817 1747 1871 atiratlsbdl
1770 1841 1783 1884 3
1830 1837 1863 1872 a
1888 1823 2049 1873 budai
2077 1823 2179 1876 kir.
2206 1824 2442 1875 kamarai
2470 1821 2855 1888 levhltbrban.)

1680 2112 2066 2123 —a—————.
2090 2115 2093 2120 .

1819 2631 1972 2698 242.

768 2846 864 2911 Az
914 2852 1045 2934 cyri
1091 2850 1530 2934 kdplalannak
1579 2849 2112 2934 bizonysciqlevele,
2161 2850 2325 2934 11093]
2378 2846 2518 2913 Aba
2550 2821 3007 2937 nenzzetse'ybeli

770 2954 1019 3023 Sdndor
1049 2958 1356 3023 comesnek·
1370 2959 1505 3040 fiai
1536 2959 1971 3041 Peterfiaival
2010 2960 2298 3045 Lipoch-‘e’
2329 2959 2743 3025 biv-tolcukban
2774 2972 3003 3025 osztoz·

1645 3068 1904 3131 kodtak.
1950 3070 2139 3133 1282.
2529 3086 2536 3093 ·

979 3282 1289 3349 Omnibus
1339 3281 1573 3349 Christi
1636 3283 1937 3349 fidelibus
1980 3292 2138 3350 ·tam
2205 3284 2609 3367 presentibus
2669 3301 2859 3365 quam
2911 3282 3004 3347 fu·

764 3391 925 3457 turis
974 3409 1237 3477 presens
1293 3392 1598 3477 scriptum
1630 3393 2016 3479 inspecturis
2064 3391 2429 3477 Capitulum
2478 3392 2763 3458 Ecclesie
2814 3389 2998 3473 Agri-

765 3501 944 3565 ensis
1007 3500 1284 3565 salutem
1341 3502 1406 3567 in
1459 3500 1737 3566 omnium
1802 3500 2145 3565 saluatore.
2193 3500 2287 3567 Ad
2339 3500 2777 3583 Vniuersorum
2842 3502 3006 3565 uoti·

762 3610 928 3674 ciam
990 3607 1212 3674 harum
1279 3610 1450 3675 serie
1511 3610 1807 3676 uolumus
1879 3609 2251 3695 peruenire:
2320 3606 2488 3692 quod
2554 3609 2879 3674 Demetrio
2940 3617 3005 3673 et

763 3716 1131 3786 Alexandro
1183 3718 1333 3802 filijs
1385 3718 1653 3786 Comitis
1692 3719 2052 3787 Alexandri
2106 3718 2186 3784 de
2230 3736 2465 3801 genere
2510 3715 2655 3781 Aba
2688 3738 2804 3801 pro
2836 3739 2910 3784 se
2947 3727 3013 3785 et

757 3847 870 3911 pro
903 3825 1175 3896 fratibus
1207 3828 1362 3911 suis,
1393 3827 1697 3894 videlicet
1722 3828 2032 3914 Magistro
2065 3826 2377 3893 Ladizlao
2408 3825 2743 3911 Preposito
2796 3826 2997 3913 Tytu·

756 3935 965 4020 liensi,
1028 3944 1089 4002 et
1138 3937 1429 4021 Nycolao
1480 3938 1563 4002 ab
1618 3957 1746 4003 vna
1795 3942 2016 4020 parte3
2064 3935 2339 4013 Lucach,
2390 3935 2604 4018 Petro,
2644 3934 2996 4021 Demetrio,

754 4043 1083 4128 Stephano
1117 4052 1181 4110 et
1210 4043 1518 4111 Ladizlao
1553 4045 1703 4129 filijs
1736 4046 1908 4111 Petri
1945 4063 2026 4110 ex
2059 4045 2265 4112 altera
2297 4063 2508 4110 coram
2542 4042 2729 4109 nobis
2781 4063 2999 4129 perso·

754 4153 989 4217 naliter
1035 4151 1401 4218 constitutis
1454 4159 1520 4219 et
1570 4153 2108 4239 comparentibus,
2140 4152 2206 4217 in
2255 4151 2663 4236 possessione
2695 4151 2989 4237 ipsorum

755 4259 1001 4346 Lipoch
1052 4271 1287 4327 vocata
1334 4262 1530 4329 talem
1581 4262 1969 4329 diuisionem
2020 4260 2417 4329 concorditer
2454 4258 2619 4325 inter
2648 4279 2720 4325 se
2769 4261 3003 4329 fecisse

756 4371 1119 4435 retulerunt
1153 4370 1306 4435 uiua
1336 4391 1538 4437 uoce:
1586 4370 1775 4447 Quod
1807 4370 2254 4456 residenciam‚
2289 4369 2353 4434 in
2388 4389 2517 4452 qua
2567 4366 2808 4453 pariter
2857 4371 3011 4437 resi·

749 4480 1010 4560 debant,
1043 4479 1168 4563 ipsi
1201 4479 1320 4562 filij
1354 4478 1527 4545 Petri
1578 4499 1651 4546 se
1686 4480 2115 4548 transferrent
2164 4478 2249 4543 ab
2305 4478 2531 4545 eadem
2583 4475 3013 4561 relinquendo

747 4589 900 4673 filijs
931 4587 1294 4654 Alexandri
1327 4588 1630 4655 fratribus
1665 4589 1986 4675 ipsorum;
2036 4586 2444 4673 procedendo
2494 4592 2711 4651 tamen
2770 4585 3011 4653 diuisio

746 4697 951 4785 ipsius
984 4695 1411 4783 possessionis
1447 4698 1564 4765 tali
1598 4697 1791 4764 modo
1821 4700 1942 4766 sub
1976 4697 2165 4765 metis
2198 4701 2262 4762 et
2293 4694 2585 4760 terminis
2637 4692 3006 4782 infrascrip-
