3319 5249
1325 379 1455 452 369

299 589 466 678 tinis,
525 588 814 660 buskiuis
832 642 850 676 ‚
903 585 1137 654 vinetis
1183 591 1248 652 et
1294 583 1589 670 virgultis
1610 638 1629 673 ,
1694 586 1956 656 Furnad
2019 600 2302 679 vocatas,
2368 615 2515 681 par·

294 700 393 764 tim
440 703 505 768 in
548 702 860 767 Comitatu
909 693 1235 761 Borsiensi
1298 701 1362 758 et
1412 696 1648 778 partim
1710 695 2139 781 Strigoniensi
2200 706 2506 776 constitu-

291 820 400 894 tas,
421 809 660 876 vicinas
692 817 754 875 et
783 805 1134 898 contiguas¹
1152 801 1341 868 terris
1370 809 1435 867 et
1466 804 1984 887 possessionibus
2014 809 2507 896 Archiepiscopi

292 924 348 980 et
390 917 992 1003 Archiepiscopatus
1054 910 1516 993 strigoniensis
1568 932 1713 978 cum
1745 915 1879 980 suis
1913 915 2179 1006 iuribus,
2213 920 2507 986 vtilitati-

288 1024 395 1092 bus
443 1032 504 1091 et
532 1023 950 1112 pertinenciis
981 1019 1320 1105 vniuersis,
1354 1022 1709 1088 secundum
1741 1029 1946 1088 metas
1981 1033 2045 1091 et
2075 1025 2503 1096 limitaciones

286 1130 557 1215 ipsarum
579 1130 1072 1217 possessionum,
1108 1125 1283 1193 nullo
1315 1127 1453 1192 iure
1474 1128 1540 1194 in
1562 1129 1806 1196 eisdem
1826 1134 2343 1214 possessionibus
2364 1135 2512 1223 sibi,

286 1239 384 1304 uel
410 1239 595 1308 fratri
625 1260 744 1306 suo
774 1238 1063 1325 predicto
1097 1237 1352 1321 penitus
1387 1245 1733 1324 reseruato,
1768 1238 2028 1307 dedisse
2062 1248 2126 1307 et
2156 1243 2506 1312 tradidisse

282 1346 342 1413 iu
380 1349 820 1417 concambium
873 1347 1129 1414 domino
1161 1344 1543 1414 Lodomerio
1576 1347 1931 1416 venerabili
1965 1352 2134 1436 patri
2182 1353 2508 1440 Archiepi-

282 1476 465 1544 scopo
498 1457 944 1544 strigoniensi,
966 1464 1030 1523 et
1060 1477 1175 1543 per
1206 1476 1352 1522 eum
1381 1458 1519 1523 suis
1553 1460 2036 1527 successoribus
2068 1462 2504 1548 Archiepisco·

278 1566 373 1650 pis
405 1574 468 1633 et
488 1566 1091 1654 Archiepiscopatui
1119 1565 1567 1648 Strigoniensi,
1605 1586 1787 1654 pure,
1821 1569 2201 1654 simpliciter
2233 1580 2296 1636 et
2329 1571 2509 1638 abso·

279 1674 423 1759 lute,
461 1676 946 1761 inmutabiliter,
983 1682 1048 1740 et
1079 1673 1571 1741 inwariabiliter
1602 1677 1671 1740 in
1704 1685 2081 1760 perpetuum
2113 1679 2305 1764 pleno
2330 1681 2507 1764 iure;

279 1790 336 1846 et
354 1785 523 1866 quod
543 1784 629 1849 ab
652 1781 874 1850 eodem
897 1781 1150 1851 domino
1169 1781 1689 1869 Archiepiscopo,
1708 1782 2177 1851 interueniente
2209 1806 2509 1872 expresso

276 1909 585 1960 consensu
619 1889 1068 1978 (discretorum
1112 1888 1425 1976 vi)rornm
1456 1891 1782 1975 Prepositi
1814 1901 1877 1957 et
1907 1893 2190 1978 Capituli
2219 1894 2507 1962 Ecclesie

273 1998 751 2088 StrigoniensiS,
784 2007 849 2065 et
878 1998 1193 2065 nobilium
1224 1998 1638 2081 iobagionum
1673 2000 1966 2069 Ecclesie
2001 2022 2137 2089 sue,
2172 2024 2252 2069 ex
2307 2023 2507 2070 causa

272 2109 816 2194 permutacionis,
862 2108 1305 2194 possessiones
1367 2107 1981 2193 Archiepiscopatus
2031 2109 2509 2196 strigoniensis,

271 2219 471 2284 terras
502 2217 872 2303 pupolatas,
923 2216 1276 2282 existentes
1307 2216 1371 2281 in
1406 2215 1618 2302 Susol,
1668 2215 1930 2283 Loucha
1980 2224 2044 2284 et
2073 2218 2510 2285 Poroztolnuk

270 2325 663 2414 nominatas,
686 2345 829 2392 cum
880 2325 1013 2392 suis
1046 2324 1314 2410 iuribus,
1347 2325 1734 2393 Vtilitatibus
1766 2333 1830 2395 et
1860 2326 2295 2416 pertinencijs,
2328 2328 2511 2394 iuxta

269 2443 473 2501 metas
532 2444 595 2501 et
642 2434 1070 2501 limitaciones
1104 2435 1426 2518 antiquae,
1473 2435 1619 2519 sibi,
1673 2444 1882 2502 castro
1914 2455 2034 2504 suo
2065 2442 2133 2501 et
2162 2435 2510 2521 possessio-

268 2544 452 2611 nibus
484 2545 625 2611 suis
655 2552 918 2631 propter
956 2544 1351 2611 vicinitatem
1399 2545 1716 2611 dictarum
1770 2547 2245 2631 possessionum
2300 2544 2510 2630 magis

264 2653 455 2720 Vtiles
485 2654 925 2740 recepissetin
942 2652 1420 2738 concambium;
1453 2652 1911 2722 nichilominus
1942 2655 2372 2739 personaliter
2403 2662 2500 2720 est

265 2762 619 2848 confessus,
648 2762 791 2845 sibi,
821 2762 1002 2827 fratri
1043 2781 1175 2846 suo,
1226 2768 1292 2828 et
1322 2763 1458 2829 suis
1489 2760 1848 2849 heredibus,
1882 2761 2323 2848 heredumque
2355 2781 2499 2829 suo-

264 2889 397 2937 rum
418 2870 899 2938 successoribus
921 2869 1523 2937 incommutabiliter
1541 2871 1681 2938 iure
1701 2877 2012 2958 perpetuo
2044 2871 2498 2958 possidendas.

264 2982 341 3045 Et
388 2983 549 3063 quia
597 2980 883 3064 predicte
932 2982 1378 3065 possessiones
1428 2980 1721 3065 Magistri
1763 2981 2022 3065 Thome,
2057 2990 2121 3048 et
2150 2983 2368 3050 fratris
2400 2984 2503 3049 sui

259 3090 582 3175 Prepositi
631 3089 884 3174 Vrbazi,
922 3089 1178 3156 Furnod
1210 3090 1505 3176 superius
1547 3089 1889 3175 nominate,
1923 3091 2227 3159 walorem
2260 3099 2323 3158 et
2355 3092 2506 3159 esti-

258 3202 618 3266 macionem
661 3199 1135 3284 possessionum
1188 3197 1349 3266 dicti
1379 3198 1869 3285 Archiepiscopi
1903 3198 2503 3286 etAschiepiscopa-

257 3312 357 3372 tus
410 3306 888 3391 aliquantisper
935 3306 1002 3371 in
1052 3306 1298 3373 walore
1347 3308 1658 3375 excedere
1717 3306 2182 3391 credebantur3
2248 3317 2508 3393 propter

260 3415 676 3499 equalitatem
725 3416 1275 3500 permutacionum
1334 3415 1766 3500 predictarum
1827 3415 2153 3501 predictus
2214 3414 2507 3482 dominus

257 3522 806 3608 Archiepiseopus
855 3522 1240 3590 addiciendo
1290 3522 1369 3589 de
1419 3526 1693 3610 pecunia
1722 3529 2060 3590 numerata
2091 3524 2508 3608 septuaginta

258 3651 509 3698 marcas
557 3632 732 3716 boni,
782 3633 911 3698 fini,
946 3640 1008 3700 et
1038 3631 1270 3716 legalis
1319 3634 1573 3718 argenti
1604 3653 1819 3700 coram
1871 3634 2058 3701 nobis
2107 3631 2508 3716 integraliter

261 3746 321 3805 et
352 3741 497 3807 sine
530 3739 960 3833 diminucione
993 3741 1202 3807 eidem
1254 3743 1566 3825 Magistro
1601 3741 1849 3807 Thome
1879 3741 2215 3825 recipienti
2247 3742 2504 3807 nomine

258 3869 375 3917 suo
431 3856 499 3916 et
558 3848 777 3916 fratris
840 3851 941 3918 sui
1005 3850 1242 3916 Vrbazi
1309 3850 1628 3936 Prepositi
1686 3850 2073 3917 manualiter
2120 3849 2506 3918 numeranit.

257 3957 654 4025 Promittens
700 3978 819 4044 per
849 3956 1272 4043 sollempnem
1304 3957 1797 4044 stipulacionem
1850 3957 2107 4025 nomine
2138 3979 2253 4025 suo
2288 3966 2351 4026 et
2380 3957 2509 4025 fra-

257 4066 373 4132 tris
404 4065 510 4131 sui
541 4063 836 4149 predicti,
889 4065 1007 4131 sub
1039 4075 1314 4150 ypoteca
1364 4065 1644 4130 omnium
1694 4065 2002 4133 bonorum
2056 4086 2331 4150 suorum,
2380 4087 2510 4131 mo-

259 4172 486 4239 bilium
537 4181 602 4238 et
648 4172 1105 4259 immobilium,
1171 4175 1566 4257 presencium
1625 4180 1690 4239 et
1737 4173 2127 4261 futurorum,
2176 4175 2348 4257 quod
2394 4177 2508 4240 Ar-

260 4282 744 4367 chiepiscopum
797 4290 861 4346 et
909 4282 1545 4368 Archiepiscopatum
1585 4281 2097 4367 Strigoniensem
2129 4292 2352 4349 contra
2383 4306 2509 4351 om·

257 4410 406 4457 nem
440 4391 892 4476 inpeticionem
926 4412 1116 4477 super
1159 4382 1347 4457 dietis
1379 4390 1916 4477 possessionibus,
1938 4391 2071 4457 suis
2090 4390 2422 4458 laboribus
2445 4401 2509 4460 et

260 4500 567 4586 expensis
599 4498 945 4566 defendere
976 4508 1040 4564 et
1091 4497 1396 4586 expedire
1429 4500 1558 4587 ipsi
1611 4508 1675 4567 et
1725 4500 2074 4565 eorundem
2125 4499 2396 4566 heredes
2444 4499 2511 4565 in

258 4618 645 4697 perpetuum
678 4609 1102 4693 tenebuntur;
1149 4609 1435 4693 predicto
1485 4607 1841 4677 venerabili
1889 4616 2075 4692 patre
2127 4607 2293 4674 illud
2339 4609 2511 4673 idem

261 4736 462 4801 super
514 4719 649 4785 suis
701 4717 1220 4803 possessionibus
1272 4719 1442 4784 datis
1473 4720 1539 4785 in
1576 4717 2025 4785 concambium
2072 4715 2513 4800 sollempniter

353 4849 560 4893 notun.
597 4855 762 4891 nnnc.
795 4854 939 4894 ms‘r.
976 4864 1062 4876 -—-
1094 4855 1240 4891 nrm..
1278 4848 1349 4893 17.
2104 4825 2190 4887 24
